2168 3437
351 241 425 277 624
878 239 1105 276 LITTERAE
1133 250 1491 283 QUADRnOEsTREs

354 342 713 386 conversantur,
739 337 911 388 partim
932 337 1073 376 etiam
1095 348 1154 377 ex
1174 336 1261 388 his,
1286 337 1364 388 qui
1387 349 1493 377 cum
1513 338 1688 378 nostris
1704 338 1993 390 frequentius

353 408 565 448 confiteri
586 408 752 448 solent.

431 478 721 530 Multumque
757 477 1039 530 adjuvarunt
1073 478 1286 530 publicae
1314 478 1364 518 P.
1393 478 1624 519 Manuelis
1652 478 1662 498 ¹
1693 480 1748 520 de
1780 480 1993 521 doctrina

350 549 608 589 christiana
629 549 868 600 lectiones,
903 561 1019 601 quas
1040 555 1181 589 antea
1203 549 1406 590 habebat
1426 561 1600 601 magno
1622 562 1728 591 cum
1748 552 1993 592 scholasti-

349 632 513 660 corum
535 627 578 660 et
602 626 736 660 coetu
767 626 812 660 et
832 620 1053 671 utilitate,
1077 619 1159 660 sed
1179 619 1312 660 finire
1333 627 1526 661 coactus
1557 626 1646 672 est,
1679 622 1841 662 deesse
1870 623 1994 663 enim

348 691 616 732 domesticis
638 691 840 742 negotiis
862 703 955 732 non
970 697 1139 743 potest,
1160 692 1326 743 quibus
1348 692 1459 732 solis
1475 698 1603 732 totus
1624 693 1706 733 vix
1726 698 1880 744 potest
1902 694 1992 734 suf-

344 762 500 803 ficere.
525 762 674 811 Adeo,
699 762 887 803 Christo
908 762 1078 814 gratia,
1103 767 1345 802 crescente
1365 774 1560 803 numero
1581 763 1802 814 fratrum,
1826 764 1873 804 in
1895 764 1992 804 dies

344 841 594 884 augentur.

426 905 514 945 Hic
543 912 700 945 autem
727 905 839 945 illud
876 905 1183 945 omittendum
1216 917 1310 944 non
1338 905 1562 956 arbitror,
1594 906 1718 957 quod
1744 906 1865 946 inter
1893 918 1987 957 eos,

345 988 461 1028 quos
483 977 607 1016 domi
629 976 839 1016 exerceri
862 976 1099 1028 accepisti,
1123 976 1253 1016 fuere
1275 976 1365 1016 viri
1388 976 1562 1028 aliquot
1584 977 1783 1029 nobiles,
1809 978 1987 1029 opibus,

344 1046 517 1088 ditione
539 1054 583 1088 et
605 1048 794 1099 generis
816 1048 1031 1087 claritate
1057 1047 1297 1098 fiorentes,
1332 1059 1442 1087 raro
1472 1048 1595 1088 enim
1622 1049 1741 1088 solet
1767 1049 1814 1089 id
1842 1060 1992 1100 genus

343 1118 585 1158 hominum
621 1118 680 1159 ad
717 1119 1003 1159 christianae
1029 1119 1218 1170 pietatis
1242 1118 1394 1158 studia
1427 1118 1561 1159 affici.
1592 1119 1663 1159 Ex
1695 1119 1863 1160 horum
1889 1132 1991 1172 pro-

341 1189 466 1230 fectu
494 1201 694 1241 magnos
729 1201 975 1240 speramus
1003 1189 1190 1230 Christo
1217 1189 1399 1230 fructus
1429 1196 1759 1241 proventuros.
1797 1191 1993 1231 Multum

341 1261 466 1301 enim
486 1261 680 1301 interest
698 1262 860 1313 quales
878 1267 1087 1301 rectores
1105 1260 1372 1301 Christiana
1390 1262 1655 1313 respublica
1673 1262 1858 1311 habeat,
1883 1274 1990 1314 quo-

341 1344 445 1372 rum
464 1333 562 1372 vita
584 1339 629 1372 et
649 1344 805 1372 mores
826 1332 964 1372 facile
986 1344 1013 1372 a
1037 1332 1236 1372 caeteris
1258 1332 1305 1372 in
1327 1333 1590 1384 exemplum
1612 1333 1877 1374 trahuntur.
1904 1333 1986 1374 Re-

338 1402 489 1443 feram
516 1404 598 1444 tibi
627 1404 682 1444 de
709 1416 801 1444 uno
833 1403 892 1453 (et
923 1404 980 1444 ab
1012 1415 1105 1443 uno
1127 1403 1254 1443 disce
1276 1403 1453 1454 omnes)
1483 1415 1835 1456 speramusque,
1870 1416 1990 1457 quae

341 1473 515 1514 Christi
537 1482 605 1515 est
628 1475 812 1514 bonitas
830 1480 874 1514 et
891 1474 1230 1525 misericordia,
1250 1475 1449 1515 similem
1466 1475 1512 1514 in
1533 1475 1725 1527 reliquis
1745 1476 1873 1516 vitae
1894 1488 1988 1516 mu-

338 1546 578 1586 tationem.
617 1546 731 1586 Erat
767 1546 813 1586 in
848 1545 991 1585 nobili
1027 1545 1231 1597 quodam
1265 1545 1578 1597 Carpetaniae
1609 1546 1777 1598 oppido
1805 1546 1985 1588 Doctor

337 1617 643 1670 jurisperitus
665 1629 867 1668 magnae
890 1617 1014 1669 apud
1034 1617 1257 1669 populum
1281 1617 1594 1668 authoritatis,
1615 1630 1756 1670 quam
1773 1618 1860 1658 sibi
1879 1630 1985 1658 con-

337 1688 581 1729 ciliaverat
610 1695 741 1729 aetas
772 1688 992 1740 grandis,
1022 1700 1218 1729 munera
1245 1688 1453 1740 publica,
1487 1689 1655 1740 quibus
1684 1701 1825 1741 saepe
1853 1689 1985 1741 fungi

337 1759 475 1810 solet,
502 1766 600 1799 tum
622 1759 836 1810 divitiae,
871 1771 991 1811 quae
1022 1759 1087 1799 illi
1114 1759 1293 1799 affatim
1322 1766 1589 1811 suppetunt.
1621 1759 1713 1800 Sed
1741 1761 1864 1812 quod
1892 1762 1983 1813 ple-

335 1841 531 1882 rumque
553 1832 670 1870 solet
691 1831 763 1871 his
787 1831 1048 1882 contigere,
1074 1843 1191 1883 quos
1212 1831 1259 1871 in
1281 1831 1438 1871 altiori
1458 1831 1610 1882 gradu
1630 1831 1818 1872 fortuna
1844 1833 1983 1873 collo-

332 1902 483 1951 cavit,
513 1913 599 1942 nec
628 1908 807 1952 tamen,
839 1907 888 1942 ut
917 1913 1004 1953 par
1033 1908 1154 1953 erat,
1186 1902 1394 1942 moribus
1423 1902 1702 1954 dignitatem
1733 1911 1979 1955 exornant,

335 1972 458 2024 quod
474 1985 636 2013 eorum
652 1973 766 2023 vita,
787 1979 1027 2025 tamquam
1042 1973 1090 2013 in
1107 1973 1292 2013 sublimi
1308 1974 1474 2025 posita,
1496 1974 1552 2014 ab
1572 1975 1785 2015 omnibus
1807 1980 1982 2015 attente

331 2044 656 2096 perspiciatur,
681 2055 777 2084 non
798 2044 916 2084 bene
938 2044 1063 2095 apud
1082 2045 1335 2096 populares
1357 2045 1596 2096 audiebat,
1631 2046 1747 2086 adeo
1779 2051 1828 2086 ut
1861 2046 1982 2086 illius

333 2126 488 2155 mores
510 2115 843 2167 ingeniumque
865 2114 1048 2155 difficile
1069 2115 1117 2154 in
1137 2116 1390 2166 proverbio
1412 2116 1844 2157 circumferrentur.

414 2186 549 2227 Hunc
573 2198 686 2238 ergo
703 2186 936 2227 Dominus
951 2187 1102 2240 Jesus,
1123 2188 1202 2238 qui
1220 2199 1513 2239 quacumque
1535 2188 1650 2228 hora
1671 2200 1765 2228 non
1786 2200 1981 2229 renuen-

332 2263 403 2297 tes
423 2266 620 2309 paratus
641 2265 710 2298 est
733 2259 792 2298 ad
814 2270 863 2299 se
885 2257 1144 2310 adducere,
1177 2259 1395 2310 vocavit,
1420 2259 1645 2299 inclinata
1664 2259 1761 2311 jam
1783 2260 1879 2312 die,
1913 2271 1979 2300 se-

333 2330 681 2380 ptuagesimum
708 2330 831 2369 enim
850 2320 1037 2370 'annum
1064 2329 1346 2381 ingreditur,
1379 2330 1799 2382 ardentissimoque
1837 2331 1979 2371 animi

332 2399 504 2440 affectu
525 2400 750 2440 exercitia
782 2400 1043 2452 spiritualia
1075 2412 1102 2440 a
1129 2400 1269 2441 Patre
1297 2401 1428 2453 petiit
1457 2401 1597 2453 (quod
1627 2402 1780 2452 magis
1808 2402 1977 2442 mirum

330 2477 401 2511 est
422 2471 545 2523 quod
566 2472 683 2512 haec
706 2477 838 2512 aetas
859 2477 903 2512 et
925 2471 1043 2511 dura
1064 2477 1108 2512 et
1130 2472 1288 2524 inepta
1311 2472 1369 2512 ad
1391 2473 1506 2512 haec
1529 2473 1645 2513 solet
1667 2484 1792 2524 esse,
1827 2473 1874 2513 in
1905 2473 1978 2513 his

331 2542 639 2593 potissimum,
664 2543 742 2594 qui
764 2542 944 2594 reliquo
965 2543 1092 2583 vitae
1113 2548 1324 2595 tempore
1345 2544 1392 2583 in
1413 2544 1517 2583 aliis
1534 2543 1855 2594 insenuerunt)
1877 2549 1977 2584 tan-

329 2618 520 2664 tumque
547 2613 767 2664 profecit,
798 2619 848 2653 ut
882 2624 1049 2653 verum
1081 2614 1380 2665 experiamur
1407 2614 1519 2654 illud
1547 2615 1879 2666 Evangelium:
1912 2615 1982 2655 Ha·

331 2683 586 2723 novissimi
601 2684 714 2735 plns
736 2684 953 2724 omnibus
970 2696 1066 2724 mm
1083 2684 1202 2724 hora
1214 2685 1455 2735 fecerunt.
1476 2685 1611 2726 Nunc
1631 2697 1745 2737 ergo
1768 2686 1976 2726 omnium

328 2754 376 2794 in
398 2766 446 2794 se
463 2767 608 2795 unum
629 2756 791 2795 oculos
807 2767 1043 2808 vocesque
1060 2757 1308 2807 convertit3
1329 2756 1622 2797 admirantur
1642 2757 1691 2797 in
1706 2757 1783 2797 illo
1800 2769 1975 2797 novam

329 2826 639 2866 humilitatem
660 2827 1049 2879 repentinamque
1070 2828 1502 2879 metamorphosim:
1522 2828 1720 2880 diligunt
1737 2828 1974 2869 insolitam

328 2895 689 2948 benignitatem,
714 2897 1075 2938 subolfacientes
1095 2898 1143 2938 in
1164 2909 1218 2938 eo
1241 2910 1419 2939 novum
1445 2899 1660 2951 spiritum
1687 2900 1973 2940 christianae

383 3055 391 3075 ¹
432 3055 467 3083 P.
480 3055 682 3084 Emmanuel
697 3057 817 3092 Lopez.
835 3057 922 3085 Vide
938 3065 1051 3092 supra,
1067 3066 1145 3093 pag.
1158 3058 1220 3086 504.
