2168 3437
291 264 362 301 460
804 260 1031 296 LITTERAE
1059 268 1418 301 QUADRIMESTRES

289 361 551 401 animorum
583 357 887 407 exultatione,
913 361 981 395 tot
1000 349 1236 406 tantisque
1264 354 1576 395 oblationibus
1603 366 1781 405 eorum,
1811 366 1933 406 quae

287 433 333 471 in
358 429 567 480 Collegio
584 426 871 479 praestanda
894 432 1064 475 essent,
1089 426 1362 466 inchoatum
1389 430 1478 476 est,
1511 432 1561 465 ut
1582 436 1669 477 pro
1702 430 1830 465 certo
1852 410 1930 466 hal

286 503 479 541 beamus
496 499 629 539 brevi
645 498 796 538 maius
815 497 1176 539 Conimbricano
1194 496 1415 536 futurum:
1440 496 1484 536 id
1503 502 1657 536 autem
1677 496 1812 536 huius
1831 496 1933 537 Col-

288 572 397 622 legii
419 570 621 610 certiora
651 569 764 609 facit
786 581 941 609 annua
970 568 1238 618 vectigalia,
1272 567 1398 619 quod
1419 574 1517 607 tum
1544 567 1783 618 piissimus
1811 566 1931 618 Rex,

287 650 384 683 tum
419 642 561 682 etiam
588 647 685 680 tam
711 641 958 692 praeclara
997 640 1165 680 civitas
1193 639 1329 679 huius
1358 639 1427 678 rei
1457 650 1621 678 curam
1654 639 1933 690 susceperit,

287 714 550 766 promissae
572 719 729 752 autem
754 712 980 752 lectiones
1002 723 1028 750 a
1057 711 1154 751 divi
1181 710 1339 750 Lucae
1369 711 1488 750 festo
1515 711 1821 761 incoeperunt
1852 722 1927 750 ex-

286 786 419 837 poni,
451 784 511 824 ad
531 795 649 836 quas
675 789 834 823 tantus
856 782 1080 823 confluxit
1108 782 1375 822 auditorum
1406 792 1644 832 numerus,
1676 787 1726 820 ut
1755 781 1878 821 hanc
1901 793 1927 820 a

284 856 519 897 Societate
541 855 878 906 obligationem
902 854 1145 905 exigerent
1169 853 1298 893 cives
1326 858 1376 893 ut
1397 853 1528 904 prius
1551 851 1933 902 Olissiponenses

289 939 429 979 quam
452 932 672 966 externos
694 926 740 965 in
763 925 1024 976 Collegium
1047 924 1327 964 admitteret.

370 998 594 1049 Largitus
614 1004 859 1049 praeterea
882 1002 950 1036 est
971 995 1317 1036 Illustrissimus
1338 994 1440 1035 Rex
1457 995 1645 1035 domum
1662 1006 1805 1034 unam
1827 1005 1935 1034 cum

288 1070 480 1122 egregio
520 1070 715 1121 templo,
754 1069 800 1109 in
835 1081 926 1120 qua
968 1068 1236 1108 habitarent
1278 1066 1499 1118 professi,
1544 1067 1768 1118 optimam
1804 1066 1934 1106 illam

287 1142 478 1193 quidem
498 1146 542 1181 et
564 1141 610 1180 in
631 1140 874 1192 aptissimo
894 1140 1032 1180 sitam
1054 1140 1171 1189 loco,
1191 1150 1282 1190 qua
1300 1138 1474 1188 habita,
1495 1137 1701 1177 maxima
1719 1137 1935 1177 omnibus

291 1214 338 1253 in
360 1211 564 1252 Domino
586 1212 762 1251 laetitia
785 1218 828 1251 et
850 1212 930 1251 lux
953 1211 1168 1251 accessit.

369 1283 590 1324 Delectus
613 1284 755 1323 etiam
777 1292 886 1322 tunc
907 1283 1027 1322 inter
1049 1294 1143 1332 eos,
1168 1282 1245 1333 qui
1267 1281 1314 1321 in
1336 1281 1545 1332 Collegio
1568 1286 1701 1321 erant
1722 1285 1792 1319 est
1812 1279 1936 1319 habi-

286 1362 374 1406 tus,
398 1363 495 1395 tres
516 1355 708 1405 scilicet,
731 1355 781 1394 P.
807 1354 1129 1405 Gondicalvus
1148 1366 1173 1393 a
1196 1353 1422 1401 Silveira,
1451 1352 1500 1392 P.
1532 1351 1802 1392 Gonsalvus
1831 1350 1935 1390 Vaz

286 1433 331 1467 et
352 1426 401 1466 P.
424 1426 658 1466 Antonius
680 1438 707 1465 a
728 1425 944 1477 Quadros
966 1425 1190 1476 professis
1212 1424 1498 1464 solemnibus
1525 1423 1649 1463 Votis
1678 1434 1780 1463 sese
1809 1421 1934 1461 addi-

289 1498 472 1538 derunt.
492 1498 654 1538 Voluit
674 1497 956 1549 professioni
977 1497 1205 1536 interesse
1224 1496 1322 1548 ipse
1339 1495 1441 1535 Rex
1458 1507 1513 1535 ac
1530 1495 1764 1546 princeps,
1784 1501 1827 1533 et
1843 1505 1939 1533 una

289 1580 395 1627 cum
425 1569 551 1608 omni
586 1569 716 1608 curia
743 1569 802 1609 ad
829 1568 991 1608 divum
1021 1567 1235 1608 Rochum
1266 1567 1396 1607 venit
1429 1567 1510 1616 (ita
1540 1566 1664 1606 enim
1698 1565 1938 1616 templum,

289 1640 413 1692 quod
443 1640 655 1690 dederat,
681 1640 963 1691 appellatur)
992 1640 1222 1691 simulque
1257 1650 1431 1679 novam
1467 1638 1655 1678 domum
1686 1643 1731 1677 et
1761 1636 1935 1688 profes-

290 1712 468 1751 sionem
520 1723 603 1751 suo
650 1712 855 1751 adventu
898 1723 953 1750 ac
992 1710 1257 1762 praesentia
1309 1709 1580 1750 celebravit.
1623 1708 1945 1749 Concionatus

289 1788 360 1822 est
407 1782 456 1822 Ρ.
493 1782 801 1832 Franciscus,
833 1783 888 1822 de
927 1794 1018 1834 quo
1054 1781 1248 1821 inferius
1278 1781 1454 1832 dicam,
1488 1780 1695 1820 maxima
1725 1779 1867 1829 Regis
1897 1784 1942 1818 et

289 1853 496 1894 omnium
510 1853 848 1904 aedificatione;
865 1853 1235 1904 adhortatusque
1253 1858 1323 1892 est
1339 1852 1590 1904 praecipue
1607 1862 1692 1891 nos
1709 1856 1840 1890 tanto
1853 1849 1938 1890 fer-

289 1936 405 1964 vore
427 1930 652 1976 tantaque
673 1924 864 1975 spiritus
885 1924 1201 1974 vehementia,
1217 1930 1268 1964 ut
1288 1923 1422 1963 nobis
1440 1923 1654 1963 omnibus
1675 1921 1940 1962 innovati-o-

288 2007 395 2035 nem
429 1996 681 2047 quamdam
703 1996 994 2047 spiritualem
1015 1995 1235 2035 attulerit.
1267 1995 1337 2034 Ex
1368 1993 1737 2046 professionibus
1767 1998 1938 2042 autem,

287 2067 456 2106 mirum
477 2067 604 2107 dictu
624 2067 783 2117 fuerit,
808 2074 984 2119 quanta
1004 2079 1099 2107 non
1121 2067 1271 2106 solum
1301 2071 1571 2105 nostrorum
1601 2076 1768 2104 verum
1799 2064 1942 2103 etiam

287 2138 494 2178 omnium
524 2139 841 2190 praesentium
862 2139 1030 2178 animis
1052 2138 1239 2178 devotio
1262 2136 1525 2177 accreverit
1546 2148 1554 2187 ;
1586 2136 1631 2175 id
1661 2135 1935 2186 lachrymae

288 2210 559 2249 indicabant
584 2216 722 2261 atque
744 2210 960 2262 suspiria.
990 2209 1184 2249 Tradita
1212 2208 1364 2248 fuerat
1395 2207 1514 2259 Regi
1541 2213 1761 2247 votorum
1787 2206 1938 2246 forma

290 2281 580 2332 conscripta,
606 2293 746 2332 quam
767 2287 811 2321 et
833 2280 882 2320 P.
905 2281 1189 2320 Franciscus
1206 2279 1486 2331 explicabat.
1510 2278 1678 2319 Postea
1696 2289 1811 2317 Vero
1829 2288 1940 2328 qua-

289 2359 409 2402 tuor,
425 2351 750 2392 coadiutorum
766 2351 1079 2404 spiritualium
1100 2351 1245 2400 Votis,
1264 2362 1313 2390 se
1331 2349 1705 2400 adstrinxerunt,
1727 2348 1805 2388 alii
1821 2359 1938 2388 vero-

289 2428 509 2474 quatuor,
539 2423 880 2474 temporalium.
920 2422 1008 2473 Qui
1042 2434 1155 2462 vero
1195 2421 1444 2462 Societatis
1476 2419 1747 2461 scholastici
1781 2418 1940 2459 idonei

291 2500 430 2545 atque
449 2494 697 2545 approbati
714 2505 815 2534 esse
837 2499 1067 2545 poterant,
1088 2504 1271 2533 necnon
1294 2498 1338 2532 et
1359 2492 1437 2544 qui
1458 2491 1551 2531 iam
1573 2491 1688 2531 duos
1711 2502 1859 2531 annos
1890 2490 1939 2529 in

290 2563 525 2605 Societate
547 2571 826 2616 exegerant,
850 2576 934 2604 sua
955 2572 1067 2604 vota
1089 2569 1432 2615 nuncuparunt.
1458 2562 1553 2603 Alii
1574 2574 1688 2602 vero
1709 2562 1840 2612 item,
1861 2561 1941 2613 qui

289 2635 497 2675 nondum
517 2635 575 2675 ad
598 2636 645 2676 id
665 2636 889 2688 temporis
910 2635 1240 2686 adimpletione
1269 2622 1597 2685 obligabantu‘r
1627 2633 1859 2682 fecerunt3
1891 2633 1939 2672 in

288 2707 455 2758 quibus
478 2707 691 2747 omnibus
714 2707 827 2747 ordo
851 2719 906 2747 ac
927 2706 1093 2756 forma,
1118 2706 1164 2745 in
1186 2705 1597 2746 constitutionibus
1618 2704 1813 2754 tradita,
1842 2715 1940 2743 ser-

288 2784 399 2818 vata
418 2785 501 2818 est.
521 2778 726 2818 Professi
746 2790 876 2829 vero,
901 2777 954 2817 R.
979 2777 1050 2827 P„
1075 2778 1105 2817 ii
1128 2782 1234 2817 sunt
1256 2776 1421 2828 spiritu
1443 2782 1486 2815 et
1508 2776 1647 2815 rebus
1669 2775 1716 2815 in
1732 2773 1938 2815 Societa-

287 2856 331 2888 te
352 2850 520 2900 gestis,
545 2850 601 2889 de
623 2849 791 2901 quibus
811 2860 986 2900 magna
1008 2849 1066 2888 sit
1091 2854 1320 2899 concepta
1343 2858 1465 2898 spes,
1494 2846 1678 2898 Reliqui
1706 2857 1821 2886 vero
1850 2857 1936 2897 pro

288 2932 372 2960 suo
394 2921 588 2972 quisque
609 2932 802 2961 munere
824 2920 1051 2960 eiusmodi
1073 2926 1180 2960 sunt
1204 2919 1281 2971 qui
1302 2930 1404 2958 esse
1426 2917 1611 2957 debent.

367 2992 418 3032 In
439 2992 535 3031 divi
556 2999 712 3032 autem
734 2992 881 3032 Rochi
903 2998 998 3031 tres
1020 2991 1178 3031 statim
1198 2989 1399 3042 professi
1413 2995 1520 3029 sunt
1538 2988 1793 3039 constituti,
1819 2987 1930 3027 duo-

289 3074 378 3113 que
398 3062 445 3102 in
467 3062 786 3113 spiritualibus
807 3075 862 3102 ac
884 3068 979 3102 tres
995 3062 1041 3101 in
1057 3060 1392 3112 temporalibus
1414 3060 1726 3099 coadiutores.
1747 3058 1930 3109 Reliqui
