2168 3437
864 255 945 292 AN.
978 255 1069 293 1553
1240 296 1242 299 v
1713 256 1784 294 289

150 350 294 390 sionis
315 362 370 391 ac
390 351 562 392 funesti
583 352 750 393 ominis
770 353 1000 393 rationem
1022 352 1289 402 reddiderit,
1316 364 1456 404 quam
1478 353 1614 404 quod,
1639 363 1780 403 quum

150 428 289 461 antea
320 421 490 462 divinis
519 423 915 464 consolationibus
942 435 996 463 ac
1033 424 1326 464 sensibilibus
1361 423 1638 475 quibusdam
1665 434 1780 474 erga

149 491 301 533 Deum
327 493 568 534 affectibus
594 494 860 545 frequenter
881 495 1002 534 inter
1030 495 1258 534 orandum
1286 495 1483 534 excitari
1513 494 1780 534 consuevis-

149 570 232 614 set,
270 576 393 603 nunc
421 576 444 604 e
472 576 702 604 converso
732 565 1064 604 consolationis
1089 565 1352 616 privatione
1380 576 1435 604 ac
1471 565 1660 616 spiritus
1690 570 1777 604 tor-

146 634 256 686 pida
286 635 560 675 remissione
589 635 888 686 affligeretur:
921 647 976 674 ac
1004 635 1197 686 proinde
1230 648 1279 675 se
1309 647 1336 674 a
1363 634 1464 675 Deo
1492 636 1702 675 relictam
1724 647 1780 674 ac

147 705 461 757 reprobatam,
485 706 690 756 gratiam
710 705 800 745 Dei
829 712 873 745 et
901 705 1075 746 Christi
1102 706 1356 751 amicitiam
1384 706 1781 746 consolationibus

146 776 236 816 illis
264 776 510 816 sensilibus
538 782 841 827 praepostero
870 776 1040 816 iudicio
1069 776 1222 816 metiri
1258 777 1408 825 solita,
1446 777 1776 816 arbitrabatur.

145 845 325 886 Verum
351 846 591 887 enimvero
618 847 766 887 Dnus.
789 847 946 899 Jesus,
975 847 1079 898 pius
1111 847 1374 886 animarum
1404 854 1586 898 pastor,
1624 848 1779 887 ovicu-

145 918 253 968 lam,
277 929 418 969 quam
435 918 664 969 sanguine
682 929 764 958 suo
785 919 1062 968 redemerat,
1082 918 1345 965 miseratus
1365 930 1389 957 e
1406 918 1617 958 faucibus
1634 919 1782 958 leonis

146 989 268 1028 illius
288 988 583 1040 ferocissimi,
609 989 802 1029 dextera
824 990 1060 1040 potentiae
1082 1000 1193 1028 suae
1214 989 1384 1040 eripuit
1405 995 1448 1028 et
1469 988 1597 1028 Patri
1618 996 1780 1029 nostro

145 1059 404 1100 curandam
426 1060 680 1110 commisit,
713 1072 853 1111 quae,
878 1060 1025 1100 solida
1050 1060 1126 1099 illa
1149 1059 1441 1100 Sacramenti
1459 1059 1780 1100 Poenitentiae

144 1131 302 1171 tabula
329 1131 567 1182 naufragii
597 1137 925 1183 praetervecta
948 1132 1220 1182 discrimen,
1245 1131 1304 1171 ad
1331 1138 1516 1183 portum
1539 1132 1701 1171 salutis
1722 1143 1778 1171 ac

142 1201 268 1241 vitae
285 1202 621 1253 tranquillioris
639 1208 857 1253 maturat,
881 1202 1052 1242 nedum
1082 1202 1217 1242 undis
1249 1210 1385 1253 atque
1408 1209 1658 1241 ventorum
1674 1214 1778 1253 pro-

142 1272 270 1312 cellis
287 1283 314 1312 a
330 1278 464 1323 tergo
485 1273 675 1323 relictis,
700 1273 781 1313 sed
803 1274 965 1313 salutis
988 1280 1117 1313 certa
1139 1284 1221 1324 spe
1243 1272 1510 1323 affulgente,
1536 1273 1594 1313 ad
1616 1280 1778 1324 portus

139 1343 524 1394 tranquillitatem
556 1344 824 1395 propediem
861 1345 1131 1395 appulsura.
1170 1343 1289 1383 Nam
1322 1351 1507 1389 restem,
1548 1355 1688 1395 quam
1717 1344 1776 1384 ad

141 1413 442 1465 suspendium
476 1421 746 1465 paraverat,
784 1415 1053 1464 combussit;
1077 1414 1230 1454 Patris
1260 1415 1530 1466 obsequitur
1565 1414 1775 1465 consilio,

141 1495 325 1524 omnem
358 1484 435 1524 otii
473 1485 771 1525 occasionem
810 1486 1092 1537 abrumpens
1132 1497 1408 1537 semperque
1444 1492 1689 1536 occupata,
1728 1494 1773 1525 et

139 1555 492 1607 promptissimo
530 1555 699 1596 affectu
726 1569 775 1596 se
800 1556 928 1596 Patri
956 1565 1061 1608 post
1091 1556 1244 1597 Deum
1270 1557 1396 1596 vitae
1427 1557 1625 1596 salutem
1646 1568 1775 1597 acce-

138 1632 269 1677 ptam
289 1626 458 1666 debere
478 1627 736 1678 praedicat,
760 1627 913 1667 Patris
934 1628 1171 1667 laboribus
1192 1627 1467 1667 beneficium
1489 1627 1662 1667 referre
1685 1634 1774 1667 sat-

139 1707 307 1748 agens,
338 1697 461 1748 quod
488 1704 646 1738 tamen
677 1697 837 1749 Pater,
869 1710 953 1750 pro
982 1710 1111 1738 more
1143 1697 1395 1738 Societatis
1422 1704 1635 1748 nostrae,
1668 1709 1775 1749 pru·

138 1767 301 1808 denter
319 1769 487 1809 renuit.
511 1769 647 1809 Hanc
664 1775 813 1821 pater,
837 1769 1030 1809 alternis
1048 1769 1224 1818 diebu5,
1244 1769 1579 1808 consolationis
1601 1775 1646 1808 et
1667 1781 1770 1808 con—

138 1837 415 1879 firmationis
441 1841 619 1891 gratia,
642 1841 928 1892 frequentat,
958 1852 1099 1892 quam
1126 1840 1356 1880 Dominus
1385 1839 1574 1880 tandem
1601 1845 1773 1891 pacata

137 1909 235 1949 vita
253 1909 536 1961 dignabitur.

216 1975 369 2032 Pater,
393 1988 578 2032 praeter
598 1983 884 2034 praemissas
905 1983 1139 2034 spiritales
1160 1983 1509 2034 occupationes,
1528 1982 1599 2021 sui
1615 1993 1770 2021 mune-

135 2051 200 2091 ris
228 2052 475 2092 indeffesso
504 2053 663 2093 labore
694 2054 950 2103 studiosus,
980 2054 1141 2094 varias
1163 2054 1337 2094 civium
1359 2053 1693 2093 Paiisiensium
1715 2064 1771 2092 ac

134 2123 403 2163 valetudine
429 2123 630 2164 adversa
654 2110 1018 2175 periclitantium
1049 2125 1190 2165 aedes
1216 2124 1606 2176 frequentissime,
1637 2124 1768 2174 spiri-

135 2193 242 2233 talis
263 2194 600 2235 aedificationis
619 2196 790 2247 gratia,
816 2196 1010 2236 accedit.
1037 2195 1148 2247 Qui,
1175 2196 1213 2236 si
1234 2208 1326 2236 uno
1349 2187 1486 2247 atque
1510 2196 1656 2235 altero
1678 2197 1770 2234 col-

134 2265 240 2314 lega
260 2264 516 2316 iuvaretur‚
536 2265 661 2306 haud
681 2266 871 2306 dubium
888 2267 999 2318 quin
1017 2267 1264 2318 decuplum
1285 2267 1500 2317 fructum,
1519 2277 1621 2317 gra.
1641 2265 1770 2305 Chri-

136 2335 195 2375 sti
230 2335 355 2386 freti‚
394 2336 688 2386 potissimum
722 2349 746 2377 e
781 2338 929 2377 sacris
961 2338 1334 2378 confessionibus
1371 2344 1414 2378 et
1451 2336 1772 2388 spiritualibus

135 2406 371 2446 exercitiis
393 2406 606 2457 (quorum
626 2408 860 2459 praesidio
888 2407 1135 2448 Societatis
1165 2420 1387 2448 numerus
1418 2408 1543 2448 haud
1573 2408 1675 2447 leve
1706 2407 1769 2446 in-

135 2482 423 2516 crementum
445 2478 653 2528 caperet)
681 2478 977 2519 referremus.
1008 2477 1100 2519 Sed
1121 2480 1347 2519 hactenus
1369 2478 1424 2518 de
1445 2490 1670 2530 prospero
1701 2489 1769 2517 re—

133 2559 237 2587 rum
258 2553 528 2588 nostrarum
548 2560 772 2589 successu
791 2561 1057 2590 sermonem
1076 2550 1398 2601 produximus,
1423 2561 1561 2600 quem
1582 2549 1770 2588 Christo

132 2618 256 2670 Jesu,
290 2618 440 2658 omnis
467 2619 649 2669 gratiae
686 2620 881 2671 auctori,
918 2627 1178 2672 acceptum,
1210 2620 1373 2661 humili
1409 2620 1631 2671 obsequio
1655 2618 1769 2659 refe-

133 2689 291 2729 rimus.

213 2759 448 2812 Deinceps
470 2760 529 2800 ad
551 2761 867 2801 turbulentam
882 2762 1009 2802 illam
1026 2762 1339 2813 negotiorum,
1362 2761 1600 2813 privilegii
1620 2762 1771 2801 nostri

134 2830 444 2871 confirmandi
463 2831 618 2882 gratia
639 2838 899 2883 gestorum,
927 2833 1282 2884 exprimendam
1302 2831 1595 2883 tragoediam
1617 2833 1770 2872 accin-

133 2912 318 2951 gamur.
342 2901 502 2942 Mense
529 2902 759 2953 ianuario,
794 2904 872 2954 qui
898 2903 1074 2955 primus
1101 2904 1186 2943 fuit
1214 2903 1568 2955 quadrimestris
1589 2903 1773 2954 pridem

135 2972 298 3023 elapsi,
321 2972 459 3013 Pater
486 2972 770 3013 Paschasius
797 2973 1259 3014 Reverendissimum
1281 2973 1581 3014 Cardinalem
1600 2974 1772 3014 Lotha-
1822 2973 1834 2984 ¹

133 3042 329 3094 ringiae‚
353 3042 600 3084 Societatis
621 3050 810 3084 nostrae
827 3044 874 3084 in
893 3044 1144 3085 Provincia
1161 3044 1405 3085 Gallicana
1428 3044 1770 3096 Protectorem,

328 3119 376 3154 T.
405 3131 447 3154 ιι.
1498 3132 1536 3166 Ι9
