2168 3437
346 240 417 278 206
856 239 1084 276 LITTERAE
1111 250 1472 282 QUADRIMESTRES

345 349 484 389 quam
505 343 720 387 venerat,
743 336 889 387 longe
909 336 1147 377 sereniore
1169 343 1213 376 et
1233 337 1578 389 tranquilliore:
1604 338 1725 378 aliae
1746 338 1886 379 etiam
1907 340 1985 380 vel

344 409 585 449 occasione
606 408 854 460 filiorum,
886 419 1003 459 quos
1040 409 1102 448 ad
1136 408 1327 448 scholas
1366 409 1652 449 erudiendos
1686 411 1926 451 deducunt
1955 410 1984 460 ¹,

344 480 418 520 vel
439 492 520 532 per
542 480 659 520 filios
685 490 825 527 snos,
856 480 933 531 qui
960 479 1133 520 nostris
1163 479 1387 520 fratribus
1409 480 1521 520 dant
1542 493 1756 532 operam,
1782 482 1840 522 ad
1877 494 1981 522 con-

342 552 595 592 sessionem
618 551 848 591 adductae
867 555 983 591 sunt
1000 583 1008 598 ,
1028 551 1154 591 inter
1175 562 1295 602 quas
1322 552 1578 603 quaedam,
1607 563 1724 603 quae
1745 553 1983 594 bc‘enm'mn

342 635 370 662 a
391 621 689 672 consessione
719 622 1016 662 abstinuerat
1037 622 1068 673 ²,
1090 628 1314 674 tantoque
1341 634 1465 662 nunc
1495 623 1541 663 in
1570 635 1625 663 ea
1655 623 1869 665 facienda
1896 625 1983 665 fer—

341 694 525 734 ventior
547 705 602 733 ac
623 693 934 745 frequentior,
965 699 1139 745 quanto
1169 693 1399 734 hactenus
1426 695 1723 735 cunctantior
1756 707 1811 735 ac
1837 697 1982 748 negli—

339 765 524 815 gentior
554 764 660 814 fuit,
691 776 841 816 neque
870 764 960 804 hoc
990 765 1092 816 ipso
1127 770 1346 805 contenta
1380 765 1594 816 plurimis
1629 772 1678 805 ut
1712 766 1831 806 idem
1860 766 1980 807 face—

341 842 443 876 rent
465 836 736 876 mulieribus
757 836 1004 888 persuasit.

419 907 644 959 Aegrotis
671 920 855 960 quoque
885 909 930 948 in
959 908 1250 948 xenodochio
1273 908 1650 948 decumbentibus
1678 907 1708 959 ³,
1737 921 1878 961 quam
1899 922 1979 962 po-

340 979 534 1030 tuimus,
578 991 771 1031 operam
809 980 1145 1031 impendimus.
1189 992 1389 1032 quorum
1433 986 1528 1020 tres
1566 980 1708 1020 trium
1748 993 1980 1023 annorum

339 1051 529 1102 (quibus
551 1063 576 1091 a
605 1050 898 1091 confessione
927 1051 1272 1102 abstinuerant)
1301 1051 1430 1091 vitiis
1460 1051 1650 1102 irretiti,
1681 1059 1981 1094 sacramento

336 1122 651 1173 poenitentiae
667 1123 851 1163 liberati
869 1128 996 1173 sunt,
1020 1123 1291 1175 inductique
1308 1129 1357 1163 ut
1374 1123 1433 1163 ad
1450 1123 1661 1163 desertas
1678 1133 1851 1164 uxores
1872 1124 1979 1175 (sin-

334 1193 432 1244 guli
455 1194 578 1234 enim
607 1205 742 1234 suam
777 1194 1066 1244 dimiserant)
1099 1194 1278 1245 statim,
1310 1194 1492 1234 reddita
1523 1195 1744 1246 sanitate,
1776 1207 1826 1235 se
1864 1196 1976 1236 reci-

336 1272 513 1316 perent.
538 1265 640 1305 Alit
650 1269 909 1316 propterea
924 1298 935 1314 ,
956 1265 1040 1316 qni
1056 1269 1156 1305 tres
1172 1265 1247 1305 vel
1275 1265 1478 1317 quinque
1501 1277 1654 1305 annos
1674 1264 1686 1283 ⁴
1702 1266 1850 1306 variis
1872 1277 1978 1317 gra-

335 1336 564 1388 vibusque
595 1337 804 1388 peccatis
833 1336 1045 1388 impliciti
1073 1340 1236 1386 erant,
1267 1337 1431 1377 eodem
1460 1337 1779 1388 poenitentiae
1812 1336 1977 1378 Sacra-

334 1414 493 1448 mento
528 1406 542 1425 ⁵
577 1408 727 1448 curati
767 1413 901 1458 sunt,
943 1420 1030 1448 nec
1068 1408 1211 1459 longo
1251 1408 1500 1448 intervallo
1541 1409 1753 1460 corporis
1793 1420 1978 1461 quoque

334 1478 541 1519 vinculis
563 1479 756 1531 quidam
777 1490 940 1519 eorum
961 1483 1032 1519 est
1054 1479 1324 1530 expeditus.

414 1550 544 1591 Haec
591 1557 717 1599 sunt,
760 1562 879 1602 quae
923 1550 1154 1602 superiori
1193 1550 1524 1602 quadrimestri
1563 1551 1821 1592 immensae
1862 1564 1976 1593 suae

334 1622 562 1663 bonitatis
595 1622 725 1662 Deus
758 1622 833 1662 hic
864 1621 1007 1661 edidit
1034 1622 1229 1672 indicia,
1258 1623 1431 1673 exigua
1466 1622 1679 1674 quidem,
1713 1635 1768 1663 ac
1801 1624 1840 1664 si
1869 1636 1975 1664 cum

331 1694 409 1745 iis,
432 1706 551 1745 quae
573 1694 750 1746 passim
765 1706 791 1733 a
808 1693 1031 1733 fratribus
1049 1692 1149 1733 fieri
1165 1694 1446 1745 accepimuS,
1463 1700 1813 1745 comparentur,
1828 1707 1973 1747 prope

334 1766 484 1816 nulla3
513 1777 680 1805 verum
709 1765 748 1805 si
775 1777 833 1805 ex
854 1776 957 1805 sese
987 1770 1125 1816 atque
1155 1766 1352 1806 authore
1385 1766 1485 1818 ipso
1514 1766 1844 1816 aestimentur,
1877 1779 1971 1807 non

331 1837 520 1877 omnino
543 1838 903 1878 contemnenda.

413 1908 548 1959 Quod
570 1909 628 1949 ad
650 1909 1041 1949 scholasticorum
1069 1915 1338 1949 nostrorum
1359 1921 1514 1949 mores
1536 1920 1591 1949 ac
1613 1909 1766 1949 studia
1788 1910 1970 1960 attinet,

336 1980 507 2031 omnia,
527 1980 617 2020 Dei
633 1980 872 2030 beneficio,
892 1987 988 2021 tam
1004 1992 1229 2032 prospere
1246 1992 1295 2020 se
1312 1980 1501 2031 habent,
1521 1987 1584 2030 ut,
1606 1981 1645 2020 si
1662 1993 1719 2021 ex
1735 1981 1969 2033 principio

329 2051 385 2091 de
406 2050 496 2091 fine
524 2051 754 2102 conjicere
780 2050 794 2069 ‘⁵
824 2052 982 2103 liceat,
1021 2063 1202 2091 summa
1244 2051 1400 2091 omnia
1435 2057 1687 2102 expectare
1714 2052 1964 2102 possimus.

329 2121 562 2162 Numerus
593 2123 900 2162 centesimum
929 2135 985 2162 ac
1020 2121 1313 2174 trigesimum
1351 2122 1556 2173 excedit,
1597 2122 1738 2174 fitque
1786 2123 1832 2162 in
1869 2123 1971 2164 dies

330 2193 480 2234 maior
507 2193 534 2231 ⁷.
567 2193 855 2245 Progressus
883 2194 1143 2234 studiorum
1165 2194 1204 2234 is
1226 2199 1315 2244 est,
1340 2200 1389 2234 ut
1410 2194 1510 2233 eius
1531 2205 1682 2245 neque
1703 2205 1789 2234 nos
1817 2206 1969 2246 neque

332 2265 460 2316 ipsos
493 2265 659 2305 merito
694 2265 933 2316 poenitere
954 2265 1115 2316 possit3
1140 2264 1367 2317 siquidem
1389 2271 1588 2316 quatuor
1610 2265 1681 2305 his
1709 2266 1966 2315 mensibus,

331 2336 499 2387 quibus
527 2336 687 2376 ludum
714 2337 1005 2388 aperuimus,
1030 2337 1234 2377 maiores
1264 2336 1585 2388 firmioresque
1614 2337 1660 2376 in
1687 2337 1835 2376 literis
1863 2348 1967 2388 pro-

329 2407 479 2447 fectus
507 2407 739 2458 fecerunt,
771 2419 911 2459 quam
942 2408 1025 2447 sub
1054 2408 1157 2448 aliis
1184 2407 1589 2459 praeceptoribus,
1629 2408 1795 2460 quibus
1825 2413 1964 2448 antea

383 2590 393 2609 1
434 2590 503 2617 Sed
519 2592 551 2617 et
567 2591 682 2618 altera
699 2591 840 2623 mulier,
858 2598 937 2618 cum
957 2591 1073 2623 filium
1092 2591 1138 2617 tid
1158 2598 1220 2617 nos
1238 2591 1475 2618 erndz'eudmn
1496 2591 1697 2624 deduceret,
1712 2591 1758 2618 ad
1779 2591 1967 2626 consessio-

330 2645 409 2664 nem
428 2638 574 2666 reducta
591 2640 654 2670 cst,
669 2646 736 2672 qna
753 2646 795 2665 ex
811 2646 847 2665 re
861 2642 1074 2673 magnopere
1089 2645 1126 2664 se
1142 2638 1303 2673 adsutum
1318 2640 1449 2665 testata
1465 2640 1528 2665 est.
1546 2638 1667 2665 Stmz'lz'
1679 2645 1811 2672 quoque
1827 2639 1967 2666 ratione

329 2686 437 2712 alteri
453 2686 598 2713 mulieri
615 2686 833 2713 aua-illalum
852 2688 914 2712 est.
930 2686 1115 2713 Fontanus.

381 2732 394 2751 ⁴.)
434 2733 588 2760 adducta
606 2735 670 2766 est,
686 2741 791 2767 (lnam
808 2735 918 2760 totum
937 2733 1119 2760 bc'emzimn
1133 2733 1349 2766 neglexerat.
1367 2733 1464 2760 Pont.

383 2781 396 2798 ’-
434 2781 701 2808 valeludz'nario
713 2782 933 2814 degentibus.
952 2780 1046 2808 Pont.

381 2827 396 2847 4
431 2828 591 2855 Alterius
607 2835 740 2862 qnoque
756 2829 963 2863 inpeccatis
980 2829 1093 2855 trium
1110 2836 1286 2855 annorum
1300 2828 1460 2863 jacentis
1476 2829 1668 2862 generalis,
1684 2830 1721 2855 ut
1732 2830 1870 2861 vocant,
1889 2835 1965 2854 cou-

327 2875 437 2909 fessio
453 2876 577 2902 andita
591 2878 654 2902 est.
670 2876 770 2903 Alter
785 2884 928 2910 quoque.
946 2876 1043 2903 Pont.

381 2922 394 2942 5
434 2923 479 2949 ad
495 2923 584 2956 qnod
601 2931 620 2949 a
637 2924 879 2957 qncnquenm'o
895 2931 962 2950 non
977 2926 1189 2955 accesserat,
1204 2924 1392 2958 expeditus
1409 2926 1470 2951 est.
1489 2924 1587 2951 Pont.

382 2969 396 2989 G
430 2971 681 3005 pronuntiare.
698 2971 794 2998 Pont.

382 3017 393 3036 7
434 3017 552 3045 Crevit
568 3025 647 3044 sane
664 3018 759 3045 initio
776 3026 878 3052 usque
894 3018 936 3045 ad
953 3018 1171 3045 centesimum
1183 3019 1506 3053 quinquagesimum;
1521 3023 1557 3046 at
1571 3022 1691 3053 postea
1707 3012 1869 3052 temporis
1885 3024 1962 3052 pro-

328 3072 449 3099 gressu
464 3065 658 3092 imminutus
675 3070 725 3092 est
742 3068 782 3093 ob
798 3066 976 3100 rationem,
994 3073 1096 3100 quam
1112 3066 1297 3099 Pomxcus,
1313 3067 1375 3093 loc.
1397 3068 1442 3093 czt
1454 3088 1462 3099 ,
1477 3074 1508 3093 n.
1524 3066 1586 3097 206.
1604 3067 1715 3094 affert.
