2168 3437
901 237 1107 274 AN.01553
1760 237 1826 273 160

435 555 716 583 praecedentium
736 554 933 583 litterarum
956 554 1061 582 latine
1078 555 1290 582 redditarum
1305 555 1536 590 fragmentum
1554 554 1574 581 ¹.

192 787 1822 798 ·····························································

182 829 444 870 ministerio
479 830 607 870 cives
640 842 734 870 non
768 830 816 870 in
854 829 1105 881 postremis
1141 829 1383 880 censendi,
1421 829 1547 880 apud
1581 841 1699 880 quos
1732 841 1828 870 non

183 901 336 942 minor
357 901 499 941 animi
529 902 683 952 tabes,
716 913 856 953 quam
884 901 1096 952 corporis
1125 901 1335 951 morbus,
1369 901 1656 952 invaluerat,
1690 902 1828 953 pluri-

183 984 311 1013 mum
331 973 476 1013 levati
496 979 617 1013 sunt.
642 973 717 1013 Ad
738 973 908 1013 similia
931 972 1082 1013 officia
1113 973 1266 1024 magis
1294 973 1341 1012 in
1368 973 1465 1013 dies
1493 984 1824 1024 provocamur.

183 1043 511 1096 Advigilatum
532 1055 717 1096 quoque
744 1051 814 1084 est
843 1050 892 1084 ut
920 1056 1014 1084 non
1043 1044 1196 1096 pauci,
1221 1044 1346 1084 mille
1368 1044 1601 1095 scrupulis
1622 1049 1666 1084 et
1687 1045 1830 1084 animi

184 1115 616 1166 perturbationibus
633 1115 801 1166 obruti,
823 1115 1139 1156 conscientiae
1160 1115 1304 1167 quieti
1323 1114 1646 1155 redderentur.
1665 1115 1728 1155 At
1751 1115 1829 1155 dif-

183 1186 354 1227 ficilius
388 1188 533 1227 multo
569 1187 653 1227 fuit
689 1187 967 1240 quibusdam
997 1188 1102 1228 aliis
1138 1187 1434 1237 satisfacere,
1472 1187 1547 1239 qui
1584 1188 1710 1227 nullo
1740 1187 1830 1227 alio

184 1258 348 1298 morbo
370 1259 567 1309 gravius
589 1259 858 1299 laborarent
880 1271 1020 1311 quam
1051 1259 1359 1309 curiositatis,
1383 1258 1553 1310 quippe
1576 1259 1679 1310 qui,
1702 1259 1830 1298 velut

185 1341 427 1381 censoreS,
464 1331 600 1381 quasi
627 1331 682 1370 de
711 1331 846 1371 nobis
869 1331 1128 1382 periculum
1156 1330 1348 1381 facturi,
1387 1336 1610 1370 accurate
1637 1330 1831 1370 nimium

184 1402 331 1442 variis
352 1402 409 1442 de
430 1402 584 1451 rebuS,
607 1413 726 1454 quas
747 1402 806 1442 ad
824 1414 923 1442 rem
939 1413 1104 1454 parum
1121 1401 1279 1442 facere
1295 1402 1534 1452 viderent,
1555 1407 1831 1453 percuncta-

184 1473 277 1513 turi
316 1473 616 1514 accedebant.
655 1474 835 1514 Verum
868 1474 955 1514 hos
990 1474 1263 1525 plerumque
1298 1485 1393 1514 non
1428 1480 1535 1513 ante
1570 1472 1832 1513 dimittebat

184 1543 414 1584 Dominus
451 1556 591 1597 quam
626 1545 772 1596 probe
821 1545 996 1585 scirent
1037 1556 1087 1585 se
1128 1545 1326 1596 intelligi
1368 1551 1509 1596 atque
1545 1549 1751 1584 astutum
1786 1544 1833 1583 in

184 1615 357 1655 astutia
378 1627 462 1656 sua
485 1615 819 1667 comprehendi
840 1621 885 1656 et
905 1616 1103 1667 proinde
1125 1615 1203 1667 qui
1232 1627 1315 1656 suo
1345 1616 1532 1667 quidem
1554 1615 1725 1656 iudicio
1753 1626 1832 1654 va—

183 1686 303 1727 lidus
332 1698 388 1727 ac
416 1698 558 1727 sanus
588 1693 877 1738 accesserat,
907 1688 1073 1728 morbo
1103 1688 1287 1739 agnito,
1319 1687 1584 1737 morbidus,
1615 1687 1834 1728 sanitatis

183 1763 341 1798 tamen
369 1758 508 1809 longe
539 1770 681 1810 quam
707 1764 846 1798 antea
874 1759 1119 1810 capacior,
1153 1758 1418 1798 recedebat.
1449 1758 1543 1798 Alii
1574 1764 1718 1798 noctu
1746 1770 1833 1799 nos

183 1828 378 1880 adeunt,
401 1841 459 1869 ne
481 1829 539 1870 ab
559 1829 826 1869 hominibus
846 1829 1120 1880 videantur,
1153 1841 1271 1881 quos
1298 1829 1441 1869 etiam
1468 1829 1663 1869 subinde
1684 1829 1828 1870 addu-

186 1901 250 1940 cit
270 1900 436 1952 religio
464 1912 559 1940 non
587 1900 716 1951 ficta,
748 1900 830 1941 sed
861 1900 1052 1941 eosdem
1079 1900 1243 1941 videas
1272 1901 1349 1941 vel
1378 1901 1720 1941 tentatiuncula
1741 1900 1832 1940 fra—

185 1977 286 2012 ctos
308 1972 467 2012 statim
487 1972 747 2024 deturbari,
771 1972 909 2013 modo
930 1984 1046 2013 vero
1068 1973 1367 2024 resipiscere:
1400 1973 1614 2024 quidam,
1645 1985 1702 2012 ne
1731 1985 1832 2025 pro-

186 2043 290 2094 pius
325 2043 583 2083 accessisse
616 2043 876 2095 poeniteat,
915 2049 1172 2095 sequuntur
1212 2043 1401 2095 quidem
1433 2051 1480 2084 at
1513 2045 1655 2095 longo
1696 2044 1834 2084 inter-

185 2114 331 2164 vallo,
360 2119 409 2154 ut
439 2120 537 2154 tum
563 2114 699 2154 varia
720 2114 962 2155 hominum
984 2114 1194 2166 ingenia,
1218 2120 1316 2154 tum
1345 2114 1587 2155 daemonis
1614 2115 1836 2155 astutiam

185 2196 280 2225 non
314 2185 489 2237 absque
525 2185 837 2226 admiratione
871 2185 948 2226 hic
984 2185 1240 2226 observare
1275 2186 1428 2226 liceat.
1467 2185 1610 2226 Aliud
1644 2186 1755 2226 item
1790 2192 1836 2226 et

189 2261 421 2295 attentare
443 2255 652 2307 videtur,
676 2257 815 2308 longe
843 2256 1316 2308 periculosissimum,
1348 2257 1564 2297 veritatis
1592 2257 1760 2307 hostis,
1786 2263 1835 2297 ut

182 2327 405 2367 nimirum
425 2327 668 2379 utriusque
689 2340 830 2368 sexus
858 2328 1123 2380 paratiores
1154 2339 1362 2380 quosque
1393 2340 1476 2380 per
1503 2328 1834 2369 conventicula

184 2398 418 2450 quaedam
438 2410 494 2438 ac
516 2399 656 2439 rudes
684 2398 913 2450 quasdam
943 2400 1257 2449 ceremonias,
1282 2411 1400 2451 quas
1430 2400 1520 2451 ipsi
1547 2400 1635 2440 sibi
1663 2399 1834 2440 confin-

184 2475 323 2520 gunt,
356 2469 403 2509 in
429 2469 595 2521 quibus
626 2482 859 2511 summam
886 2470 983 2510 fere
1015 2470 1318 2522 perfectionis
1352 2471 1608 2522 collocant,
1631 2482 1833 2511 remore-

187 2546 282 2591 tur,
304 2540 442 2592 idque
463 2553 624 2581 eorum
654 2553 762 2593 ope,
788 2543 866 2594 qui
887 2542 1029 2582 totius
1057 2541 1154 2582 fere
1176 2543 1444 2582 sanctitatis
1470 2542 1690 2582 videntur
1712 2543 1834 2583 colu-

186 2612 329 2652 mina.
370 2611 624 2664 Speramus
663 2619 821 2653 autem
858 2619 908 2653 ut
947 2613 1091 2653 hasce
1131 2613 1326 2653 insidias
1361 2613 1614 2665 aliquando
1648 2619 1834 2665 retegat

187 2682 432 2733 Dominus,
462 2695 613 2735 neque
639 2683 763 2723 enim
782 2684 986 2735 patietur
1008 2684 1261 2724 multorum
1289 2689 1484 2723 conatus
1505 2684 1624 2724 adeo
1646 2684 1835 2724 sedulos

186 2753 237 2793 in
266 2753 461 2794 nihilum
493 2754 717 2794 recidere.
750 2754 882 2794 Haec
917 2760 1026 2795 tuae
1058 2754 1106 2794 Ρ.
1142 2754 1344 2794 diximus
1375 2759 1426 2794 ut
1455 2754 1688 2805 intelligat
1723 2755 1835 2807 quid

185 2824 332 2864 etiam
351 2836 436 2864 nos
458 2825 516 2865 ab
537 2825 743 2865 uberiori
762 2831 995 2876 proventu
1023 2825 1269 2877 impediat3
1300 2825 1346 2865 id
1376 2825 1607 2876 siquidem
1633 2837 1727 2866 non
1756 2838 1834 2877 pa-

191 2905 297 2935 rum
318 2895 494 2935 referre
514 2901 749 2947 putamus.

246 3055 256 3075 ¹
296 3055 404 3083 Extat
419 3056 452 3083 in
468 3057 584 3084 eodem
599 3057 678 3090 voh,
690 3064 723 3083 n.
734 3056 778 3091 28,
795 3059 914 3091 estque
930 3056 1179 3091 apographum.
