2168 3437
340 202 393 241 48
854 203 1082 240 LITTERAE
1111 212 1476 245 QUADRIMESTRES

347 299 442 339 mio
475 310 588 339 suae
621 299 864 349 bonitatis;
901 310 995 338 non
1027 308 1215 349 possem
1242 298 1505 348 exprimere
1531 296 1767 337 fervorem
1796 297 1991 348 spiritus

348 369 486 409 huius
506 370 726 411 mulieris.
756 369 944 410 Nobiles
974 374 1019 409 et
1050 369 1167 409 alios
1187 368 1400 408 homines
1431 367 1708 419 desperatae
1737 368 1885 418 vitae,
1911 368 1991 420 qui

346 440 601 492 aliquando
632 441 720 493 ipsi
751 441 848 481 noti
875 440 1077 491 fuerunt,
1109 439 1169 479 ad
1195 439 1432 491 puriorem
1467 438 1739 490 pertrahere
1777 444 1989 490 conatur,

350 523 436 552 nee
457 524 606 563 parvo
629 524 735 552 cum
755 511 932 561 fructu3
956 517 1139 551 tantum
1166 510 1288 550 enim
1315 509 1430 561 ipsis
1459 509 1625 550 incutit
1652 509 1899 550 horrorem
1929 509 1989 549 di-

350 583 490 623 vinae
524 583 730 624 iustitiae
763 589 813 624 ut
841 583 926 624 sibi
957 582 1286 634 persuadeant,
1319 581 1410 621 nisi
1444 580 1592 621 vitam
1628 586 1915 621 commutent
1945 581 1993 620 in

349 654 530 704 melius,
565 654 718 694 Deum
752 653 857 705 Opt.
894 653 1019 693 Max.
1052 653 1175 693 illico
1218 664 1297 692 eos
1329 651 1600 703 puniturum
1636 657 1715 691 aut
1747 653 1877 703 lepra
1912 657 1993 691 aut

346 725 442 765 valio
479 725 727 765 incurabili
760 725 937 765 morbo.
976 724 1135 765 Verba
1170 723 1378 764 mulieris
1406 723 1453 763 in
1483 722 1777 763 admonendo
1810 729 1916 763 sunt
1943 728 1993 762 ut

345 796 536 848 gladius
557 795 616 836 ab
635 801 833 848 utraque
854 802 988 847 parte
1009 795 1203 836 findens.
1237 793 1329 835 Sed
1351 794 1406 834 de
1427 793 1517 834 hae
1539 793 1657 833 alias
1677 794 1827 845 plura.
1861 793 1992 834 Haec

352 873 460 908 sunt
480 879 599 918 quae
619 866 668 907 P.
693 867 751 908 V.
776 867 1024 908 scribenda
1048 871 1373 915 occurrerunt,
1399 865 1474 906 cui
1495 865 1631 905 unice
1652 876 1738 905 nos
1761 876 1992 905 commen-

347 939 490 980 datos
508 938 734 990 cupimus.
757 939 882 979 Bene
899 939 1058 978 valeat
1079 937 1127 978 P.
1153 937 1212 977 V.
1237 938 1283 977 in
1305 936 1388 976 X.⁰

438 1009 539 1050 1552
560 1010 723 1050 ultima
745 1008 908 1050 Octob.

433 1081 487 1122 R.
512 1082 571 1123 V.
595 1092 761 1122 servus
782 1081 828 1121 in
850 1080 1069 1129 DominO,

1270 1221 1555 1262 LEONARDUS
1578 1220 1775 1262 KESSEL.

437 1435 789 1489 superscriptio
810 1447 860 1476 m
882 1439 1055 1487 quarta
1073 1435 1286 1486 pagina:
1307 1434 1408 1475 R.d0
1424 1435 1470 1475 in
1487 1435 1570 1475 X.⁰
1592 1435 1714 1487 patri
1736 1434 1842 1475 dno.
1861 1434 1994 1486 Igna-

355 1510 420 1550 tio
443 1521 470 1550 a
490 1509 671 1561 Loyola
691 1507 958 1559 praeposito
975 1507 1186 1558 generali
1207 1505 1457 1547 Societatis
1473 1505 1591 1546 Iesu.

438 1580 631 1621 Romae.

438 1651 551 1692 Alia
569 1661 738 1691 manu:
758 1649 908 1703 Jesus,
937 1648 1051 1699 1552,
1075 1648 1284 1697 Colonia,
1309 1648 1354 1688 di
1370 1648 1618 1689 Leonardo
1634 1648 1813 1700 Kessel,
1832 1649 1995 1690 ultimo

354 1724 401 1764 d’
422 1723 618 1765 ottobre.
771 1727 774 1731 '

438 1795 621 1836 Exstat
642 1797 686 1834 et
705 1792 968 1844 vestigium
988 1791 1160 1843 sigilli.
