2168 3437
321 262 393 301 512
835 258 1063 295 LITTERAE
1090 268 1448 301 QUADRIMESTRES

404 359 464 397 In
487 357 580 396 ima
602 367 688 396 ora
703 354 894 406 primae
907 354 1125 406 paginae
1158 354 1331 405 ignota
1366 366 1540 395 manus
1572 355 1752 396 calamo
1788 356 1958 397 ludens

324 430 436 469 llaec
454 426 673 478 scripsit:
696 426 868 466 Comus
891 432 970 465 aut
991 431 1205 466 metetus.

403 498 636 539 Nandand
656 496 956 548 tantoprz'ma
977 508 1122 548 semp.
1147 496 1398 537 ottenendo
1421 501 1556 538 tanto
1579 498 1799 550 semplice

405 569 607 621 Naplum
626 569 689 608 tel

404 640 602 680 Multum
623 640 805 680 auferat
827 644 953 680 aium

364 713 381 731 ²
405 710 518 751 Alia
538 711 649 751 item
670 714 843 762 zgnota
863 721 1037 750 manas
1058 710 1170 750 haec
1189 709 1387 761 scrzpszt
1405 709 1457 750 in
1478 710 1716 762 saperz‘orz
1737 722 1961 763 margzne

324 786 524 834 quartae
538 782 767 834 pagellae
787 781 1049 822 temerandi
1068 781 1201 822 locus
1222 786 1267 822 et
1288 786 1472 833 tempus
1854 794 1960 823 con-

324 852 540 894 cludendi
560 853 686 894 modi
707 853 883 905 primas
905 851 1208 904 conjungitur
1230 851 1397 892 modus
1417 851 1477 892 ad
1498 852 1603 893 aliis

405 925 469 965 Et
489 924 610 976 alia,
630 928 683 965 at
704 924 896 965 videtur
911 957 923 976 ‚
946 935 1121 964 manas
1140 923 1253 963 haec
1268 923 1455 964 addidit
1464 935 1479 964 .·
1495 923 1755 965 benedicite
1773 924 1962 966 domino

324 997 475 1037 omnis
496 996 660 1036 uiuens
681 1001 726 1036 et
747 1001 792 1036 et
808 1001 854 1036 et
873 996 977 1036 laus
998 996 1045 1036 in
1066 995 1272 1036 echlesia
1292 1000 1579 1036 sanctorum.

970 1422 1330 1478 CCLXVIII

402 1654 447 1691 P.
470 1653 629 1691 Petrus
648 1652 910 1690 Domenech

449 1719 571 1757 Patri
588 1718 758 1766 Ignatio
778 1718 832 1755 de
851 1717 1035 1766 Loyola.

500 1784 777 1830 Vallisoleto‚
799 1783 816 1820 1
837 1782 1037 1830 Januarii
1057 1782 1149 1820 1554
1167 1783 1192 1818 ¹.

1106 2063 1205 2105 IHS

413 2277 680 2319 Admodum
702 2277 802 2318 Rfle
831 2284 899 2330 pf
921 2278 967 2318 in
987 2277 1107 2330 Xpo.

415 2349 514 2390 Gra
535 2355 579 2390 et
599 2362 694 2401 pax
717 2350 759 2390 d.
784 2362 829 2390 n.
853 2349 968 2402 Jesu
987 2349 1084 2401 xpi.
1116 2349 1177 2389 sit
1197 2360 1383 2400 semper
1403 2348 1661 2388 nobiscum.
1692 2347 1860 2388 Amen.
1890 2347 1972 2387 Be-

333 2420 546 2461 nedictus
568 2421 785 2461 dominus
807 2421 924 2461 deus
944 2426 1118 2471 noster,
1143 2420 1221 2472 qui
1238 2432 1296 2460 ex
1313 2419 1559 2460 ineffabilis
1579 2419 1843 2460 dilectionis
1859 2430 1973 2459 suae

333 2492 503 2544 pelago
525 2492 681 2532 omnia
702 2492 768 2532 ita
790 2491 996 2544 disponit
1026 2497 1071 2532 et
1102 2491 1302 2543 ordinat,
1325 2497 1466 2542 prout
1492 2490 1630 2531 nobis
1657 2490 1809 2541 magis
1837 2501 1971 2541 expe-

335 2563 434 2613 dire
456 2563 716 2615 cognoscit:
739 2563 859 2603 faxit
880 2563 980 2615 ipse
996 2568 1044 2602 ut
1061 2574 1116 2603 ea
1138 2562 1242 2614 ipsa
1263 2572 1609 2613 cognoscamus
1631 2566 1676 2601 et
1696 2561 1970 2610 sentiamus,

335 2646 393 2674 ne
414 2634 504 2674 alio
526 2634 682 2674 animo
705 2646 732 2673 a
753 2634 888 2674 nobis
909 2633 1241 2686 suscipiantur,
1266 2645 1406 2685 quam
1426 2633 1484 2673 ab
1512 2633 1612 2673 eius
1639 2633 1869 2673 immensa
1897 2632 1973 2672 bo-

334 2705 481 2745 nitate
502 2705 773 2756 elargiatur.
799 2703 938 2745 Pater
959 2710 1120 2744 noster
1140 2704 1367 2756 goncalez
1392 2703 1407 2722 2
1434 2703 1507 2744 his
1528 2703 1733 2744 mesibus
1760 2703 1974 2755 proxime

336 2776 508 2828 elapsis
528 2775 616 2816 fuit
637 2776 841 2828 quadam
861 2775 1130 2816 infirmitate
1151 2776 1380 2816 detentus:
1402 2775 1476 2815 his
1496 2774 1659 2815 diebus
1678 2774 1861 2815 medico
1883 2774 1974 2814 cui-

337 2847 444 2887 dam
465 2858 514 2887 se
536 2847 734 2899 comisit,
759 2847 851 2899 qui,
876 2852 926 2887 ut
947 2858 1192 2899 speramus
1214 2847 1276 2897 (et
1298 2846 1532 2887 coniicere
1553 2846 1662 2886 licet
1684 2857 1743 2886 ex
1764 2857 1819 2886 eo
1849 2844 1975 2897 quod

392 3032 401 3052 ¹
441 3032 690 3067 Autographae
713 3035 806 3059 totae
827 3039 929 3059 manu
951 3031 1066 3059 Patris
1086 3031 1293 3066 Domenech,
1314 3030 1440 3066 duplici
1465 3031 1546 3059 folio
1561 3032 1622 3059 sub
1637 3038 1726 3059 num.
1743 3029 1805 3058 270.

392 3080 405 3098 ²
442 3079 477 3107 P.
495 3079 642 3112 joannes
658 3080 837 3114 Gonzalez,
855 3079 1128 3108 Vallisoletanae
1144 3080 1256 3108 domui
1271 3079 1498 3114 praepositus.
