2168 3437
361 297 432 335 568
871 296 1099 333 LITTERAE
1125 308 1482 340 QUADRIMESTRES

442 429 794 480 Superscm'ptz‘o
815 429 865 469 iu
887 434 1061 481 quarta
1075 429 1290 482 pagina:
1311 404 1424 472 IITIS.
1455 430 1686 483 Perquam
1715 432 1993 475 Reverendo

359 501 407 540 in
441 500 580 541 Chro.
611 500 760 551 Patri,
793 501 916 552 patri
945 502 1128 553 Ignatio
1162 502 1218 543 de
1252 502 1438 553 Loiola,
1469 502 1743 555 Praeposito
1771 504 1992 546 Generali

360 570 608 611 Societatis
628 571 754 625 Jesu,

811 661 1003 702 Romae.

436 748 547 788 Alia
567 761 731 790 mann:
753 750 903 801 Quad.
926 751 1127 792 Medina.
1149 751 1329 792 febraio
1351 753 1615 805 (deletum),
1635 755 1688 794 25
1706 755 1933 808 Januarii.

400 1225 683 1254 praecedentium
697 1226 814 1260 Jacobi
830 1227 948 1255 Duran
963 1228 1159 1256 litterarum
1171 1230 1372 1264 exemplum,
1386 1234 1568 1265 antequam
1583 1230 1615 1258 in
1632 1230 1816 1258 Societatis
1831 1232 1946 1259 domos

943 1276 1152 1310 mitteretur,
1169 1277 1397 1306 emendatum.

1124 1503 1222 1580 uls

431 1751 697 1792 Admodum
719 1752 821 1792 Rde
846 1753 893 1792 in
914 1752 998 1793 X.0
1019 1753 1181 1793 Pater:

427 1822 593 1863 Gratia
628 1829 671 1863 et
706 1835 801 1875 pax
836 1823 1012 1864 Christi
1038 1824 1149 1877 Jesu
1178 1823 1370 1865 Domini
1399 1825 1549 1865 nostri
1578 1825 1814 1877 praesidio
1849 1830 1987 1877 atque

348 1894 522 1934 auxilio
544 1895 627 1934 tibi
649 1895 707 1934 sit
727 1907 925 1946 semper.

424 1965 553 2016 Quae
575 1966 651 2006 hic
671 1972 911 2017 gerantur,
931 1977 1129 2018 quorum
1149 1972 1195 2006 te
1217 1973 1396 2007 certum
1413 1967 1570 2008 facere
1592 1980 1762 2019 operae
1785 1969 1987 2020 pretium

345 2037 576 2086 duximus,
601 2049 659 2076 ex
680 2037 752 2077 liis
768 2038 935 2088 literis,
961 2037 1100 2077 Pater
1130 2038 1489 2089 benignissime,
1515 2039 1733 2091 accipies.
1759 2038 1808 2079 Id
1830 2045 1987 2080 autem

341 2108 494 2159 primo
516 2119 617 2148 sese
639 2107 775 2148 offert
793 2108 893 2148 fore
915 2115 963 2148 ut
980 2109 1198 2160 proximo
1220 2109 1308 2149 hoc
1329 2121 1468 2160 anno,
1488 2110 1676 2150 favente
1699 2110 1815 2162 Deo,
1836 2116 1985 2151 totum

343 2179 433 2218 hoc
456 2179 705 2230 collegium
728 2185 808 2219 aut
829 2179 1036 2219 maxima
1057 2191 1169 2231 pars
1191 2180 1480 2220 absolvatur.
1506 2180 1623 2221 Cum
1645 2181 1767 2221 enim
1788 2182 1865 2221 vel
1885 2181 1983 2222 fun—

345 2251 575 2290 damentis
596 2251 710 2302 ipsis
740 2250 976 2291 struendis
1005 2251 1206 2302 pecunia
1236 2263 1330 2291 non
1357 2258 1645 2303 suppeteret,
1678 2260 1981 2304 mercatores,

342 2322 423 2373 qui
449 2327 559 2361 tunc
587 2322 646 2362 ad
677 2322 938 2373 emporium
967 2328 1217 2373 venerant,
1252 2323 1385 2374 quasi
1414 2323 1606 2374 indigne
1633 2323 1857 2375 ferentes,
1889 2336 1985 2365 non

341 2393 481 2432 modo
498 2393 663 2432 loculis
678 2405 772 2433 non
789 2393 1059 2444 parcebant,
1073 2393 1154 2433 sed
1166 2392 1263 2444 jam
1281 2394 1472 2434 coctiles
1489 2395 1674 2445 lateres,
1692 2394 1790 2446 jam
1808 2396 1985 2435 calcem

344 2470 389 2504 et
422 2465 515 2504 alia
545 2463 868 2515 hujuscemodi
902 2470 1165 2516 portantes,
1205 2477 1374 2517 operas
1409 2477 1519 2505 suas
1547 2466 1734 2506 Christo
1764 2467 1985 2506 locabant

343 2536 519 2575 sedulo
543 2535 723 2575 Exutos
744 2546 946 2587 namque
968 2536 1124 2587 palliis
1152 2542 1291 2588 atque
1312 2536 1508 2577 festinos
1530 2538 1981 2589 contemplabamur,

344 2618 542 2658 quorum
576 2607 744 2647 animis
778 2607 980 2658 benigne
1013 2607 1190 2647 fecerat
1224 2607 1455 2648 Dominus
1490 2614 1540 2648 ut
1575 2608 1634 2648 ad
1668 2608 1985 2649 aedificandos

341 2689 500 2718 muros
526 2678 822 2718 Hierusalem
848 2679 1045 2718 libenter
1073 2679 1294 2719 humeros
1320 2685 1652 2730 supponerent.
1682 2680 1801 2720 Eam
1828 2686 1985 2720 autem

339 2750 493 2799 legem
524 2750 611 2789 sibi
639 2750 843 2790 invicem
873 2755 1157 2801 statuerunt,
1191 2755 1241 2790 ut
1275 2749 1472 2801 singulis
1501 2751 1722 2791 oneribus
1757 2752 1980 2802 psalmus,

342 2821 622 2860 salutatiove
645 2821 881 2871 angelica,
906 2826 986 2860 aut
1008 2832 1125 2871 prex
1146 2821 1394 2871 dominica,
1420 2833 1559 2873 quam
1583 2821 1670 2861 sibi
1691 2822 1886 2874 quisque
1902 2828 1983 2862 aut

339 2890 475 2930 fratri
496 2891 723 2942 indigenti
743 2892 1040 2943 precabatur,
1060 2891 1218 2932 statim
1241 2892 1528 2932 succederet.
1551 2891 1795 2944 Tantoque
1816 2893 1982 2944 spiritu

342 2963 517 3001 amoris
551 2962 698 3002 divini
732 2962 821 3002 hoc
857 2974 975 3014 opus
1009 2962 1425 3014 amplectebantur,
1464 2969 1514 3003 ut
1549 2969 1762 3004 sanctam
1796 2964 1982 3004 illorum

341 3034 689 3073 contentionem
710 3045 766 3073 ac
787 3044 904 3084 pene
926 3033 1210 3073 indefessum
1230 3034 1441 3074 laborem
1456 3034 1538 3074 vix
1555 3034 1750 3086 quisque
1770 3040 1983 3075 nostrum

341 3115 565 3155 superare
587 3111 759 3156 posset.
