2168 3437
0 0 92 28 rer-i*
114 0 118 5 ’
134 0 142 4 ’
164 0 179 5 ·-

866 261 949 298 ΑΝ.
982 261 1073 299 1553
1719 263 1788 299 449

147 357 238 397 sibi
260 358 464 398 oblatam
485 359 749 410 credentes,
774 359 949 410 absque
971 360 1105 410 copia
1128 359 1399 410 discessere,
1423 365 1561 411 atque
1583 358 1627 399 id
1650 360 1786 410 clam,

150 439 268 479 quos
290 428 476 479 quidem
498 430 768 469 existimare
784 430 892 470 licet
909 430 1075 469 robore
1093 430 1169 469 illo
1188 436 1327 481 atque
1346 430 1611 470 constantia
1626 430 1785 479 animi,

150 510 269 549 quae
285 510 377 538 non
395 501 544 539 solum
566 500 823 551 religionis,
848 500 894 539 in
912 511 1002 551 qua
1021 501 1345 550 versabantur,
1365 500 1602 551 perfectio,
1624 512 1787 541 verum

149 575 193 608 et
211 581 329 620 quae
346 577 733 621 nuncupaveram
750 577 861 610 vota
878 571 1149 621 exigebant,
1173 571 1411 622 praeditos
1428 578 1676 623 septosque
1693 583 1788 612 non

153 639 313 680 fuisse.
336 640 430 680 Alii
452 652 585 690 vero,
609 646 885 680 nostronon
907 641 1003 692 apti
1024 640 1257 691 instituto,
1281 641 1390 680 dum
1410 641 1482 680 his
1503 642 1788 693 temporibus

151 711 355 750 maxime
375 711 775 762 perturbarentur,
796 723 853 750 ex
873 709 1108 750 Societate
1130 711 1264 750 eiecti
1286 718 1404 751 sunt.
1428 712 1495 751 Illi
1517 719 1788 753 manserunt

149 781 258 832 soli,
282 782 360 833 qui
381 793 430 821 se
451 781 534 821 toti
560 786 657 821 toto
686 781 792 831 (sic)
821 782 1004 832 gratiae
1034 780 1215 832 Deique
1245 782 1578 833 omnipotentis
1605 784 1788 834 spiritui

149 852 271 892 serio
292 851 598 892 tradiderunt.
622 852 671 891 In
693 851 766 891 his
787 858 884 891 tam
903 852 1184 892 turbulentis
1206 853 1495 903 temporibus
1517 865 1610 893 non
1639 855 1789 894 solum

149 923 405 962 eiectorum
426 923 501 962 vel
522 934 697 973 eorum,
717 922 795 974 qui
812 923 1139 972 discesserant,
1161 923 1351 973 cognati
1368 930 1411 962 et
1429 923 1603 974 affines,
1623 936 1787 964 verum

150 994 291 1033 etiam
311 1004 531 1044 proceres
552 993 762 1033 nonnulli
783 999 826 1033 et
848 993 927 1044 qui
948 999 1084 1032 antea
1108 1002 1241 1032 erant
1263 994 1550 1044 amicissimi,
1574 995 1620 1033 in
1643 996 1785 1035 maxi-

150 1075 226 1103 ma
245 1064 595 1115 perturbatione
617 1064 950 1114 versabantur,
975 1063 1140 1115 quibus
1160 1075 1254 1103 non
1276 1070 1456 1103 tantum
1477 1064 1682 1105 dandum
1702 1066 1786 1105 fuit

149 1135 285 1186 vitio,
311 1147 417 1175 cum
439 1147 533 1175 non
555 1136 741 1187 plenam
763 1134 1012 1176 Societatis
1039 1135 1356 1186 cognitionem
1386 1135 1625 1176 haberent.
1657 1136 1787 1187 Quae

149 1217 307 1246 rerum
340 1207 629 1257 perturbatio
663 1217 867 1258 eousque
895 1217 1149 1257 progressa
1182 1212 1271 1257 est,
1305 1212 1353 1246 ut
1385 1206 1480 1246 iam
1507 1207 1565 1246 ad
1592 1207 1785 1258 libitum,

150 1283 289 1328 prout
311 1276 464 1317 affecti
485 1283 641 1327 erant,
668 1283 712 1317 et
733 1278 1033 1328 loquerentur
1054 1283 1098 1316 et
1125 1277 1385 1316 scriberent
1414 1289 1594 1328 omnes,
1625 1279 1703 1318 alii
1733 1279 1788 1319 de

150 1347 383 1388 Societate
404 1348 675 1388 Lusitaniae
696 1354 853 1388 actum
874 1359 975 1388 esse
990 1332 1227 1399 dicentes,
1250 1348 1435 1399 aliaque
1457 1349 1645 1399 similia,
1671 1349 1787 1389 dura

151 1425 196 1458 et
213 1419 382 1458 acerba
400 1419 598 1469 quidem.
619 1418 800 1458 Interea
820 1430 905 1459 nos
923 1419 1126 1459 orationi
1142 1419 1445 1469 vacabamus,
1464 1431 1521 1459 ne
1538 1420 1632 1459 lato
1650 1420 1788 1471 (quod

155 1489 323 1540 aiunt),
347 1500 503 1537 ungue
526 1490 582 1529 ab
605 1490 675 1539 iis,
700 1501 819 1541 quae
840 1489 893 1529 R.
918 1489 970 1529 T.
994 1489 1041 1529 Ρ.
1067 1490 1453 1541 praescripserat,
1479 1490 1786 1539 discedentes,

151 1561 198 1600 id
233 1561 435 1600 maxime
464 1561 803 1610 cogitabamus,
834 1571 1038 1612 eousque
1066 1560 1315 1601 Societatis
1347 1561 1393 1600 in
1426 1561 1668 1601 Lusitania
1708 1562 1787 1601 ini-

153 1632 269 1671 tium
285 1632 520 1683 quoddam
537 1631 694 1682 fuisse;
711 1642 833 1671 nunc
850 1637 1006 1671 autem
1020 1638 1234 1682 oportere
1250 1638 1299 1671 ut
1314 1632 1614 1672 validissimis
1626 1632 1786 1683 figere—

154 1710 229 1742 tur
263 1703 513 1742 radicibus.
549 1702 683 1753 Quod
713 1703 821 1742 dum
853 1702 953 1742 fieri
981 1714 1300 1752 cerneremus,
1330 1703 1594 1743 vehementi
1621 1693 1787 1743 solatio

157 1773 486 1823 afficiebamur,
520 1773 871 1813 considerantes
908 1774 1112 1813 maxime
1142 1774 1264 1814 hanc
1294 1774 1415 1814 inter
1443 1782 1655 1814 caeteras
1682 1786 1788 1826 pur-

156 1845 301 1895 gandi
334 1845 430 1884 vim
464 1844 685 1885 Societati
719 1856 745 1883 a
775 1844 875 1884 Deo
911 1844 1153 1894 traditam,
1193 1845 1317 1896 quod
1351 1845 1397 1884 in
1432 1845 1636 1885 secunda
1672 1846 1787 1886 Con—

158 1915 450 1955 stitutionum
471 1920 604 1967 parte
626 1920 786 1966 aperte
808 1915 1024 1966 vidimus3
1049 1921 1093 1955 et
1119 1915 1271 1955 Deum
1301 1915 1406 1967 Opt.
1429 1916 1554 1956 Max.
1577 1924 1626 1956 ut
1646 1917 1788 1957 totius

157 1986 405 2027 Societatis
442 1986 763 2030 fundamenta,
784 1987 905 2026 inter
944 1987 1177 2026 maximos
1216 1988 1401 2027 labores
1442 1988 1787 2028 acerbissimas-

159 2069 247 2109 que
285 2058 637 2109 persecutiones
675 2058 880 2108 iecisset,
923 2057 1083 2097 itidem
1122 2057 1262 2098 etiam
1301 2069 1414 2109 erga
1450 2059 1571 2098 hanc
1610 2060 1787 2110 perexi-

157 2140 299 2179 guam
329 2127 577 2169 Societatis
611 2134 793 2180 partem
819 2140 868 2167 se
894 2139 1074 2179 gerere.
1107 2127 1377 2168 Accedebat
1405 2129 1462 2168 iis
1488 2136 1619 2169 tanta
1646 2130 1785 2180 regis,

156 2199 372 2251 reginae,
395 2199 619 2251 principis
641 2211 695 2239 ac
717 2199 948 2239 infantum
968 2199 1015 2238 in
1035 2205 1196 2239 nostro
1218 2200 1428 2240 instituto
1450 2201 1714 2240 constantia
1744 2207 1790 2241 et

156 2270 373 2320 firmitas,
406 2275 455 2310 ut
489 2281 595 2310 curn
628 2270 794 2321 quovis
828 2277 1099 2310 nostrorum
1127 2270 1433 2321 comparandi
1461 2271 1507 2310 in
1534 2283 1587 2310 ea
1616 2279 1786 2321 essent;

158 2341 282 2392 quod
302 2346 476 2392 quanto
496 2341 629 2380 nobis
650 2341 815 2380 solatio
837 2349 973 2392 esset,
996 2341 1133 2381 facile
1154 2347 1222 2381 est
1243 2353 1456 2390 cernere;
1480 2342 1569 2392 ipsi
1589 2353 1789 2394 namque

155 2424 242 2463 pro
263 2411 492 2462 singulari
521 2424 605 2451 sua
634 2412 879 2452 clementia
909 2419 954 2452 et
984 2412 1292 2462 humanitate,
1326 2419 1374 2452 ut
1405 2413 1599 2464 quisque
1629 2424 1790 2453 eorum

158 2488 362 2534 poterat,
388 2482 602 2522 omnibus
622 2482 669 2521 in
689 2482 827 2522 rebus
848 2489 892 2522 et
913 2481 1133 2522 ducatum
1153 2483 1425 2534 praestabat
1456 2489 1499 2522 et
1528 2483 1786 2523 consilium.

239 2553 490 2604 Quousque
512 2553 654 2604 igitur
669 2552 717 2593 P.
738 2552 915 2604 Symon
931 2553 1166 2604 Valentia,
1190 2554 1496 2604 aegritudinis
1518 2565 1677 2604 causa,
1698 2555 1790 2595 huc

159 2624 308 2676 rediit,
329 2631 373 2664 et
394 2630 502 2664 tuae
519 2623 618 2663 Ρ.ῒίὃ
638 2624 767 2663 iussu
784 2623 982 2663 Romam
999 2624 1168 2664 missus
1189 2631 1271 2673 est,
1291 2625 1613 2676 perseveravit
1630 2632 1791 2665 nostra

159 2696 276 2736 haec
298 2695 500 2735 afflictio.
519 2694 685 2740 Postea
710 2695 863 2746 coepit
883 2694 1062 2735 fructus
1084 2700 1128 2735 et
1144 2694 1393 2735 Societatis
1414 2695 1714 2745 amplificatio
1735 2709 1793 2737 ex

158 2766 389 2818 superiori
410 2765 697 2806 adversitate
717 2777 1004 2816 promanans
1025 2777 1127 2805 sese
1149 2766 1374 2817 paulatim
1401 2766 1447 2805 in
1476 2766 1700 2807 maiorem
1731 2768 1792 2808 di-

159 2837 258 2877 vini
276 2837 477 2877 nominis
506 2836 707 2887 gloriam
735 2841 779 2875 et
808 2836 1034 2876 honorem
1065 2836 1325 2876 ostendere.
1355 2836 1426 2876 Ac
1453 2837 1603 2888 primo
1633 2838 1794 2879 decem

159 2919 188 2948 a
209 2908 494 2948 discessione
515 2907 564 2947 P.
588 2906 806 2958 Symonis
827 2906 1008 2957 diebus,
1040 2906 1170 2947 affuit
1199 2907 1298 2946 Tae
1325 2906 1426 2946 Rae
1453 2906 1552 2947 P.tis
1583 2910 1793 2950 commis-

159 2979 333 3030 sarius,
357 2978 406 3018 Ρ.
430 2978 745 3029 Hieronymus
766 2977 969 3027 Natalis,
992 2976 1241 3018 Societatis
1268 2978 1402 3018 nobis
1433 2978 1647 3020 deferens
1679 2980 1793 3021 Con-

159 3049 449 3100 stitutiones,
487 3060 685 3100 quarum
720 3048 860 3088 editio
895 3048 1132 3099 ipsiusque
1172 3048 1403 3089 adventus
1442 3055 1622 3091 tantam
1661 3052 1795 3093 nobis

361 3112 411 3150 T.
439 3124 482 3148 11.
847 3109 850 3112 ⁴
1517 3124 1562 3159 29
