2168 3437
2157 229 2168 243 Ἰ

318 271 389 309 304
833 268 1060 305 LITTERAE
1088 276 1448 310 QUADRIMESTRES
2158 254 2168 297 *ἓ

318 367 409 409 Dei
424 366 763 416 misericordia,
784 365 875 417 qui,
895 365 1022 416 ipsos
1037 364 1085 404 in
1100 363 1224 404 hanc
1241 363 1396 404 cordis
1413 364 1802 405 illuminationem
1818 365 1961 406 addu-

319 445 495 488 cturus,
520 438 761 487 hucusque
788 435 1011 487 pepercit,
1042 447 1133 487 quo
1164 436 1212 475 in
1233 435 1530 487 displicentia
1557 446 1748 476 suorum
1775 436 1963 487 pondus

316 515 623 561 peccatorum
645 508 945 558 deponerent.

396 580 648 620 Laicorum
670 584 829 618 autem
851 577 1301 617 communicantium
1318 582 1457 629 atque
1479 577 1812 627 confitentium,
1836 578 1958 618 festi-

314 652 387 692 vis
408 650 660 702 praecipue
683 649 859 697 diebus,
886 655 1044 689 tantus
1075 654 1143 689 est
1164 660 1387 689 numerus
1408 649 1455 689 in
1482 655 1679 702 utroque
1707 650 1879 701 templo
1910 655 1961 690 ut

316 723 395 763 vix
416 721 684 762 celebrandi
705 726 889 772 tempus
911 720 1305 760 subministretur.

394 793 483 833 Vir
504 793 695 844 quidam
716 792 929 843 insignis,
954 792 1032 832 ubi
1055 792 1329 832 conclusum
1350 803 1452 832 esse
1474 792 1683 844 percepit
1703 792 1893 832 Patrem
1913 791 1960 832 in

313 854 514 906 ecclesia
533 863 693 905 Sancti
714 863 854 913 Petri,
879 863 1147 903 auditurum
1164 862 1524 913 confessionem,
1546 875 1655 903 mox
1670 875 1846 904 novam
1863 864 1964 904 suis

313 936 573 987 sumptibus
598 935 733 975 iussit
756 935 964 975 construi
990 934 1162 985 sedem,
1187 934 1561 974 confessionibus
1592 934 1836 975 audiendis
1862 940 1960 974 tam

311 1019 397 1060 pro
427 1007 643 1047 audiente
672 1018 812 1058 quam
839 1005 1087 1047 confitente
1122 1005 1495 1056 convenientem,
1527 1017 1618 1045 una
1650 1017 1757 1046 cum
1790 1006 1961 1046 cistula

313 1079 531 1131 quadam,
559 1078 607 1118 in
637 1077 800 1118 eadem
820 1078 1067 1127 fabricata,
1101 1077 1160 1117 ad
1193 1077 1525 1117 includendum
1558 1089 1695 1117 omne
1717 1078 1841 1129 quod
1871 1089 1957 1129 pro

311 1150 593 1191 necessitate
615 1161 730 1201 opus
751 1161 854 1189 esse
875 1149 1093 1201 potuerit.
1113 1148 1233 1188 Huic
1254 1155 1297 1189 et
1318 1149 1407 1188 hoc
1426 1148 1622 1199 accedit,
1643 1149 1784 1189 aliam
1799 1160 1961 1200 quam-

313 1221 421 1262 dam
447 1233 713 1273 personam,
736 1221 933 1272 probam
960 1226 1004 1261 et
1031 1220 1334 1271 singulariter
1363 1219 1464 1260 Deo
1497 1220 1733 1271 devotam,
1762 1221 1958 1271 longam

312 1294 550 1345 latamque
569 1304 629 1332 ex
649 1292 913 1332 holoserico
936 1292 1129 1332 iussisse
1151 1290 1318 1331 confici
1345 1293 1529 1341 stolam,
1561 1292 1608 1331 in
1637 1291 1770 1332 cuius
1802 1291 1959 1331 medio

312 1363 357 1405 S.
379 1376 549 1404 nomen
565 1362 737 1404 IESUS
755 1363 909 1403 aureis
926 1363 1124 1403 habetur
1142 1368 1414 1403 contextum
1432 1363 1613 1412 litteris,
1635 1374 1754 1414 quae
1773 1362 1960 1414 quidem

312 1436 527 1476 omnibus
561 1435 807 1475 dominicis
837 1446 891 1474 ac
918 1434 1102 1474 festivis
1132 1434 1295 1474 diebus
1331 1434 1378 1474 in
1405 1434 1542 1474 altari
1579 1440 1889 1474 conservatur
1911 1433 1959 1473 in

312 1518 448 1547 usum
478 1506 648 1557 Patris,
681 1518 823 1557 quum
854 1505 1322 1553 communicantibus,
1352 1506 1431 1556 qui
1458 1517 1517 1545 ex
1549 1505 1652 1545 aliis
1678 1505 1958 1557 parochiali-

310 1579 396 1618 bus
409 1590 463 1618 eo
481 1578 719 1618 confluunt
736 1577 960 1622 ecclesiis.
982 1576 1329 1617 sanctissimum
1346 1576 1674 1616 Eucharistiae
1692 1587 1955 1616 sacramen-

310 1655 408 1689 tum
437 1648 757 1698 administrat,
796 1649 905 1700 quia
927 1648 1142 1688 omnibus
1164 1648 1248 1688 sub
1279 1659 1430 1700 poena
1454 1647 1960 1688 excommunicationis

310 1720 558 1761 inhibitum
579 1726 648 1760 est
676 1732 702 1759 a
729 1720 898 1772 quovis
921 1720 1172 1760 coelestem
1193 1719 1317 1759 hunc
1348 1720 1588 1771 suscipere
1616 1730 1788 1770 panem
1817 1730 1958 1770 quam

309 1803 336 1831 a
357 1792 548 1843 proprio
565 1792 830 1841 sacerdote3
851 1797 894 1831 et
912 1790 1132 1842 quoniam
1149 1790 1286 1831 nobis
1302 1790 1439 1830 huius
1454 1790 1704 1842 prohibere
1721 1796 1957 1841 nequeunt

310 1863 780 1913 administrationem,
806 1863 909 1902 ideo
931 1862 1076 1902 tutius
1093 1861 1151 1902 ad
1172 1874 1259 1902 nos
1281 1862 1594 1902 concurritur.

390 1934 633 1985 Quaedam
650 1934 872 1985 religiosa
892 1934 939 1974 in
961 1933 1164 1985 quodam
1195 1933 1448 1985 beginagio
1481 1932 1506 1984 ¹,
1540 1938 1589 1973 ut
1612 1933 1835 1982 dicimus,
1861 1943 1957 1972 ma—

307 2006 553 2057 gisterium
585 2005 838 2045 exercebat
873 2016 1012 2056 super
1040 2005 1213 2045 multas
1249 2010 1346 2045 tam
1376 2005 1644 2056 spirituales
1673 2003 1780 2053 (sic)
1813 2014 1952 2055 quam

307 2077 576 2117 saeculares
597 2076 892 2127 iuvenculas,
923 2087 1042 2128 quas
1074 2087 1161 2116 acu
1187 2076 1383 2128 pingere
1411 2076 1610 2116 docebat
1639 2075 1848 2125 curiosa,
1884 2085 1958 2114 su-

308 2148 486 2200 perflua
522 2153 661 2199 atque
697 2148 897 2199 superba
934 2159 1098 2199 opera,
1136 2148 1184 2187 in
1224 2147 1448 2197 sudariis,
1491 2146 1708 2197 indusiis‚
1757 2146 1953 2197 aliisque

309 2219 622 2269 ornamentis,
644 2219 692 2258 in
712 2230 866 2268 usum,
886 2219 962 2258 vel
979 2219 1139 2258 verius
1161 2217 1335 2258 fastum
1357 2224 1402 2258 et
1426 2218 1800 2268 delectationem,
1826 2228 1955 2256 mun-

309 2290 539 2331 danorum
559 2290 800 2341 utriusque
821 2301 962 2329 sexus
984 2289 1246 2339 hominum,
1278 2289 1482 2341 quotidie
1514 2289 1700 2329 noviter
1727 2289 1949 2338 humana,

308 2373 391 2402 seu
411 2361 565 2413 potius
587 2360 837 2411 diabolica,
872 2361 1143 2401 inventione
1172 2361 1443 2412 excogitata
1464 2370 1471 2409 3
1496 2361 1613 2401 haec
1648 2365 1818 2408 autem,
1843 2371 1954 2410 quo-

310 2433 419 2473 dam
448 2439 657 2483 tempore
685 2432 923 2472 lovanium
950 2432 1160 2484 veniens,
1184 2431 1372 2472 Patrem
1395 2432 1636 2481 convenit;
1671 2431 1764 2482 qui,
1798 2442 1848 2470 re
1880 2442 1952 2470 co-

307 2504 464 2555 gnita,
488 2504 553 2543 ita
570 2515 674 2543 eam
690 2504 737 2543 in
754 2503 882 2543 hisce
898 2503 1121 2543 instruxit
1138 2503 1493 2543 curiositatibus
1511 2535 1518 2554 ,
1538 2503 1686 2543 variis
1704 2503 1954 2542 declarans

309 2575 570 2615 rationibus
608 2575 720 2614 talia
759 2574 950 2614 minime
990 2574 1156 2614 decere
1196 2574 1471 2624 religiosam
1510 2586 1566 2614 ac
1606 2573 1706 2613 Deo
1747 2573 1954 2613 deditam

310 2645 564 2696 virginem,
598 2657 717 2697 quae
747 2644 972 2685 mundum
1000 2644 1253 2696 mundique
1288 2645 1444 2685 omnia
1478 2645 1724 2696 reliquisse
1758 2649 1954 2683 externo

310 2716 512 2756 ostendit
539 2716 666 2756 vitae
693 2727 889 2767 genere,
919 2715 1085 2767 quibus
1113 2715 1215 2766 ipsa
1249 2716 1316 2756 uti
1346 2717 1500 2766 vellet,
1540 2726 1627 2755 nec
1665 2715 1723 2755 ad
1755 2714 1954 2754 aliorum

310 2786 577 2838 augendum
599 2787 868 2838 superbiam
888 2797 943 2826 ea
963 2786 1120 2826 facere
1142 2786 1352 2838 aliasque
1370 2787 1540 2827 docere
1558 2786 1726 2826 debere
1743 2817 1750 2835 ,
1775 2790 1825 2825 ut
1841 2796 1954 2825 mox
1972 2771 1974 2773 .

310 2869 359 2897 se
385 2864 600 2908 paratam
630 2858 994 2906 demonstraret,
1028 2856 1159 2897 iuxta
1187 2857 1398 2897 divinum
1427 2856 1676 2908 Patrisque
1705 2856 1952 2896 consilium

311 2928 474 2968 eodem
495 2928 636 2968 etiam
657 2929 731 2968 die
752 2928 910 2969 omnia
931 2928 1194 2980 relinquere
1216 2940 1470 2980 omnesque
1485 2959 1494 2977 ,
1519 2939 1634 2979 quas
1659 2927 1716 2968 ad
1738 2926 1951 2967 eamdem

365 3087 374 3107 ¹
416 3087 500 3114 Vide
517 3095 629 3122 supra,
647 3091 669 3115 t.
684 3094 704 3121 1,
720 3095 798 3121 pag.
814 3086 876 3114 550.
