2168 3437
851 248 934 285 AN.
966 247 1059 284 1554
1701 240 1771 277 519

139 351 327 398 lutares,
351 348 527 401 Jacobo
550 346 673 398 apud
693 346 978 398 Episcopum
996 347 1313 396 permanente,
1333 352 1469 392 quem
1490 340 1768 391 Episcopus,

142 420 180 460 si
201 419 260 459 ad
281 417 532 458 sacerdotii
553 417 830 468 dignitatem
850 422 1041 456 euectus
1071 414 1248 463 fuisset,
1282 412 1341 452 ad
1368 410 1615 462 Euangelii
1641 409 1771 450 mini-

142 490 288 531 steriu
309 490 519 529 emittere
541 489 748 540 optabat;
772 487 854 527 sed
877 486 936 527 ad
956 484 1323 536 frequentandos
1346 483 1553 523 infirmos
1576 493 1631 521 ac
1661 491 1771 532 pau-

141 572 277 612 peres
298 572 380 611 per
401 571 550 611 pagos
572 559 973 606 circumiacentes,
999 561 1056 596 cu
1077 557 1224 596 altero
1241 565 1446 605 pannum
1463 553 1599 592 nudis
1621 551 1771 591 distri-

141 631 377 672 buendum
398 629 774 680 circumferente,
798 628 974 679 legauit
1004 625 1352 666 misericordiae
1380 623 1603 675 spiritalis
1635 628 1773 673 atque

143 702 402 753 corporalis
437 701 654 752 operibus
690 700 931 740 intentum.
962 697 1106 748 Atqui
1133 695 1338 736 secundo
1367 701 1447 735 aut
1474 694 1610 734 tertio
1640 693 1712 733 die
1747 704 1773 732 a

141 772 191 812 P.
214 772 490 823 Hieronymi
512 771 737 821 discessu,
762 770 808 810 in
829 769 995 809 febrim
1017 767 1178 808 incidit
1199 766 1420 806 Morelius
1451 764 1476 815 ¹,
1501 776 1641 816 quam
1672 750 1774 815 pas-

141 855 220 883 sus
241 849 310 882 est
331 844 472 893 longo
498 848 727 892 tempore,
757 851 844 880 nec
872 839 1025 879 adhuc
1056 838 1281 889 pristinae
1310 836 1569 876 valetudini
1595 835 1775 875 restitu-

141 922 216 955 tus
237 920 318 954 est.
343 913 445 953 Hac
467 913 717 953 occasione
738 913 796 952 ab
818 911 1051 962 Episcopo
1075 909 1134 948 ad
1160 908 1447 948 monasterii]
1477 907 1776 947 Minimorum

142 985 332 1034 missus,
362 984 533 1024 ibidem
563 983 734 1023 diutius
762 982 931 1031 haesit,
962 980 1122 1020 fribus.
1148 979 1471 1029 euangelicam
1493 977 1776 1018 exhortatio-

140 1067 247 1096 nem
267 1062 312 1095 et
330 1055 579 1094 lectionem
599 1053 881 1094 Dialectices
902 1051 1265 1102 efflagitantibus
1286 1050 1342 1089 ab
1360 1060 1431 1088 eo.

222 1126 412 1167 Interim
428 1125 477 1165 P.
497 1125 813 1176 Hieronymus
831 1130 1017 1163 strenue
1035 1122 1082 1162 in
1095 1121 1296 1161 comissa
1313 1120 1548 1171 legatione
1563 1119 1777 1159 obeunda

143 1210 193 1238 se
212 1198 373 1249 gessit,
398 1196 546 1237 sacris
569 1194 959 1247 occupationibus
986 1198 1098 1244 spus
1120 1193 1249 1232 alens
1270 1191 1548 1231 libertatem:
1582 1190 1779 1241 singulis

144 1268 318 1319 diebus,
343 1274 467 1308 stata
489 1267 605 1307 hora
628 1272 797 1306 octaua
820 1264 1204 1311 antemeridiana,
1225 1274 1413 1302 sacrum
1430 1261 1602 1301 Missae
1626 1260 1778 1301 officii]

143 1340 190 1380 in
210 1339 505 1380 xenodochio
529 1338 811 1388 celebrabat,
835 1347 972 1376 sacro
995 1334 1228 1386 mysterio·
1247 1333 1573 1384 euangelicum
1600 1343 1775 1372 sermo-

143 1423 251 1451 nem
285 1410 597 1460 subiungebat
632 1409 691 1448 ad
720 1413 855 1448 coetu
887 1407 1178 1447 infirmorum
1213 1411 1256 1445 et
1292 1404 1584 1444 cocurrentis
1622 1403 1779 1455 populi

145 1482 345 1532 turbam,
379 1480 734 1532 explicabatque
764 1478 1042 1519 Doctrinam
1076 1476 1358 1525 Chrianam,
1396 1474 1779 1525 orthodoxaeque

146 1552 252 1593 fidei
272 1552 602 1603 religionisque
624 1562 788 1590 sacrae
811 1550 1056 1597 elementa,
1077 1547 1243 1599 quibus
1260 1546 1500 1594 absolutis,
1519 1545 1778 1596 Euangelia

149 1630 194 1664 et
213 1623 450 1675 Epistolas
470 1622 717 1662 Aduentus
734 1620 889 1661 Dnici.
911 1631 995 1671 pro
1013 1618 1236 1670 temporis
1261 1617 1509 1657 occasione
1533 1627 1778 1657 occurren—

148 1701 232 1745 tes,
256 1694 467 1744 subiecit,
492 1693 697 1745 quotidie
718 1692 890 1732 Missae
919 1690 1201 1731 sacrificium
1225 1696 1268 1729 et
1296 1689 1570 1728 concionem
1592 1699 1778 1727 sacram

146 1776 394 1817 peragens.
417 1764 528 1804 Post
551 1764 826 1804 concionem
840 1762 1090 1814 publicam,
1111 1772 1203 1801 non
1220 1760 1436 1800 cessabat
1452 1759 1673 1810 priuatim
1690 1759 1778 1798 sin-

146 1838 282 1888 gulos
303 1836 510 1876 infirmos
533 1834 768 1875 consolari
789 1841 833 1874 et
855 1833 1053 1881 erudire,
1080 1832 1229 1872 donec
1250 1830 1501 1883 prandium
1527 1841 1633 1870 cum
1654 1842 1681 1870 a
1701 1830 1777 1881 pio

147 1919 290 1960 opere
309 1914 572 1947 reuocaret.
599 1906 743 1947 Coem
765 1917 870 1945 cum
893 1904 1103 1954 infirmis,
1127 1914 1243 1955 quos
1264 1903 1391 1942 Vires
1413 1901 1624 1953 corporis
1655 1913 1777 1941 men-

145 1991 225 2020 sae
248 1979 525 2019 accumbere
547 1978 859 2029 patiebantur,
883 1976 1030 2016 vitam
1052 1975 1237 2026 agebat,
1257 1974 1345 2026 piis
1363 1973 1605 2025 colloquiis
1622 1984 1702 2012 eos
1720 1972 1779 2012 ad

144 2050 384 2090 meliorem
404 2049 589 2100 frugem
609 2047 947 2100 promouendo.
973 2046 1017 2086 A
1036 2045 1257 2098 prandio,
1285 2052 1511 2096 quantum
1538 2043 1779 2084 infirmoru

143 2121 400 2162 necessitas
422 2120 700 2172 patiebatur,
724 2130 890 2159 sacrae
919 2117 1109 2158 lectioni
1139 2122 1183 2156 et
1213 2115 1399 2156 diuinae
1429 2115 1612 2155 cocioni
1642 2126 1776 2154 vaca-

144 2193 239 2233 bat.
269 2192 306 2232 O
332 2193 472 2232 beatu
500 2191 673 2231 Christi
699 2194 1002 2242 pauperuque
1034 2192 1293 2228 oeconomu
1321 2199 1376 2227 ac
1404 2185 1774 2238 procuratorem!

144 2263 406 2303 Permansit
439 2263 487 2302 in
520 2261 845 2302 huiuscemodi
873 2259 1098 2300 exercitio
1134 2258 1406 2310 quotidiano
1427 2258 1648 2297 bimestre
1675 2267 1776 2307 spa-

145 2335 259 2375 tium
286 2340 330 2373 et
365 2333 705 2384 semimensem,
743 2331 947 2384 quotidie
979 2336 1278 2371 accrescente
1306 2339 1500 2368 numero
1537 2327 1778 2378 utriusque

144 2417 301 2456 sexus,
324 2404 671 2456 frequentantiu
691 2408 830 2444 sacru
851 2408 896 2442 et
918 2402 1193 2442 concionem
1214 2401 1335 2449 eius,
1366 2400 1412 2439 in
1433 2398 1779 2439 Xenodochium

145 2476 477 2517 confluentium
499 2481 558 2515 no
580 2481 654 2514 mo
675 2473 992 2525 popularium,
1021 2472 1104 2512 sed
1131 2478 1176 2512 et
1206 2471 1456 2511 illustrium
1481 2469 1778 2510 nobiliorum-

147 2559 236 2600 que
269 2548 480 2587 virorum
509 2558 564 2585 ac
590 2549 881 2594 matronaru,
913 2543 1021 2584 Dni.
1060 2542 1296 2592 Officialis,
1333 2541 1441 2581 Dni.
1481 2540 1776 2590 Cancellarii,

146 2617 445 2659 Canonicorsi
465 2616 668 2657 Eccliae.
698 2614 993 2655 Cathedralis
1021 2619 1064 2654 et
1093 2613 1243 2653 aliaru
1268 2612 1527 2662 vicariorsi,
1559 2617 1604 2651 et
1631 2618 1779 2651 caete-

146 2694 258 2729 rorsi
278 2689 549 2740 plurimoru‚
574 2687 652 2738 qui
673 2686 925 2726 honorario
954 2685 1172 2725 conuiuio
1202 2684 1441 2734 excipere,
1472 2682 1681 2722 modeste
1711 2694 1779 2723 re-

150 2765 406 2809 cusantem,
430 2758 713 2808 nitebantur,
742 2757 937 2797 mirifico
966 2756 1134 2796 affectu
1163 2766 1277 2806 erga
1304 2755 1434 2794 illum
1460 2754 1694 2805 propensi.
1728 2754 1779 2794 In

143 2831 262 2871 festo
282 2830 438 2870 Lucae
456 2829 804 2879 Euangelistae‚
828 2827 970 2868 RdiSS·
995 2827 1103 2867 Dni.
1125 2825 1346 2877 Episcopi
1366 2825 1554 2865 hortatu
1575 2830 1620 2865 et
1640 2825 1780 2877 impe-

149 2902 236 2953 rio,
260 2901 521 2941 orationem
551 2899 825 2951 synodalem
852 2897 1014 2938 habuit
1042 2897 1088 2937 in
1115 2896 1290 2936 Ecclia.
1326 2895 1669 2936 Clarmontensi
1697 2895 1780 2937 Ca-

203 3063 212 3081 ¹
252 3060 421 3088 Morelz'us
437 3061 590 3088 additum
605 3067 625 3087 a
640 3059 798 3087 Polanco.
