2168 3437
333 294 407 331 300
849 291 1077 328 LITTERAE
1104 301 1463 334 QUADRIMEsTRES

333 391 406 430 bis
427 395 672 439 tantopere
695 386 1058 437 commendavit,
1083 387 1362 427 charitatem
1380 392 1423 426 et
1444 387 1687 438 unitatem,
1708 388 1975 438 optantibus

335 460 534 511 singulis
555 459 734 510 seipsos
756 458 1020 509 exinanire,
1052 458 1307 498 nitentibus
1337 458 1508 498 mereri
1536 458 1711 510 aliquid
1739 458 1862 499 ferre
1889 471 1975 511 pro

333 531 544 581 Christo,
582 529 924 582 inquirentibus
959 528 1158 581 denique
1193 529 1240 569 in
1276 528 1376 569 dies
1410 529 1584 580 media,
1621 529 1788 580 quibus
1816 528 1975 581 juvari

333 602 514 654 possint
536 601 595 641 ad
615 601 807 640 totalem
835 601 907 640 sui
934 601 981 640 in
1009 612 1177 640 manus
1204 599 1396 640 Domini
1423 600 1806 651 resignationem.
1836 600 1974 641 Profi-

332 674 461 713 ciunt
488 672 730 712 scholares
757 672 805 712 in
825 671 972 712 literis
1000 671 1220 711 continuo
1241 670 1568 722 praevidendi,
1594 670 1833 721 audiendi,
1863 673 1975 712 rele-

333 744 475 795 gendi
504 749 548 783 et
576 742 847 783 conferendi
877 741 1053 793 studio,
1084 742 1251 794 quibus
1285 741 1399 782 illud
1426 741 1609 782 accedit
1644 742 1770 794 quod
1801 742 1977 783 habent

330 815 504 867 singuli
539 814 737 866 singulis
756 814 1128 855 hebdomadibus
1149 825 1290 866 super
1310 813 1403 865 his,
1427 825 1546 866 quae
1576 813 1837 864 audierunt,
1868 826 1975 855 con-

331 887 588 935 clusiones,
627 886 915 938 audiuntque
949 897 1090 937 saepe
1126 885 1380 926 conciones
1415 886 1597 937 aliquas
1619 885 1676 925 ab
1697 885 1973 937 insignibus,

331 958 410 1010 qui
430 958 507 998 hic
529 964 658 1008 sunt,
681 957 1111 1007 concionatoribus,
1131 957 1432 1008 referuntque
1454 955 1697 997 audientes
1715 968 1796 997 eas
1813 962 1976 1008 postea

332 1029 461 1080 aliis,
487 1029 654 1081 quibus
675 1041 771 1069 non
790 1029 985 1069 vacavit
1012 1028 1188 1069 audire.
1224 1028 1274 1068 In
1305 1028 1520 1068 omnibus
1548 1028 1608 1068 sit
1637 1027 1840 1068 Domino
1864 1028 1977 1081 Jesu

330 1100 518 1142 Christo
540 1100 694 1152 gloria
715 1100 762 1140 in
785 1100 1039 1140 saeculum.
1064 1099 1231 1140 Amen.

412 1171 729 1213 Salmanticae
756 1170 804 1211 10
824 1171 1000 1211 mensis
1021 1171 1132 1223 Maji
1156 1171 1271 1212 1553.

412 1243 472 1285 V.
495 1243 797 1283 Paternitatis
819 1243 995 1283 inutilis
1017 1255 1182 1283 servus
1204 1244 1251 1283 in
1273 1242 1460 1284 Christo
1482 1243 1606 1295 Jesu

411 1314 463 1355 In
480 1315 691 1355 absentia
713 1314 760 1354 Ρ.
785 1313 843 1355 D.
867 1314 1061 1366 Torres,
1085 1313 1354 1366 R[ectoris]‚

1357 1458 1427 1510 Jo.
1463 1456 1717 1497 GONZALEZ
1742 1455 1767 1493 ¹.

415 1742 771 1794 superscriptio
793 1743 843 1782 in
865 1746 1039 1795 quarta
1054 1743 1269 1794 pagina.-
1289 1722 1401 1783 IHS.
1426 1742 1695 1783 Admodum
1715 1741 1976 1782 reverendo

334 1815 382 1854 in
409 1814 587 1857 christo
614 1814 737 1865 patri
765 1815 995 1865 magistro
1023 1814 1206 1866 Ignatio
1236 1814 1292 1854 de
1321 1814 1509 1865 Loiola,
1539 1813 1808 1865 praeposito
1836 1824 1973 1864 gene-

332 1885 421 1926 rali
443 1884 694 1926 Societatis
715 1885 810 1926 ihu.

413 1956 607 1997 Romae.

413 2027 526 2068 Alsa
548 2040 692 2068 mann
707 2040 721 2068 .·
747 2028 867 2079 1553,
892 2027 1196 2079 SaIamanca,
1224 2028 1271 2068 12
1293 2028 1398 2079 (sic)
1421 2028 1477 2068 de
1495 2039 1650 2080 mayo.

425 2099 689 2150 Vestigium
711 2110 843 2139 cerae
863 2103 906 2139 et
927 2099 1098 2150 sigilli.

389 2283 399 2303 ¹
439 2283 562 2310 Eritne
576 2283 630 2310 hic
646 2283 704 2310 ille
719 2282 951 2310 Gundisalvus
967 2282 1150 2317 GonzaIez,
1165 2290 1263 2317 quem
1278 2304 1284 2315 ,
1301 2283 1379 2311 licet
1405 2283 1551 2310 nondum
1575 2282 1807 2317 sacerdotem,
1832 2281 1974 2316 Collegii

332 2331 538 2359 Salmantini
560 2331 623 2358 hoc
647 2335 799 2365 tempore
821 2330 1104 2358 vice-Rectorem
1128 2331 1230 2358 fuisse
1256 2331 1303 2358 ait
1326 2331 1361 2357 P.
1384 2330 1581 2362 VALDIVIA,
1605 2330 1769 2357 Historia
1790 2337 1850 2357 ms.
1875 2330 1918 2357 de
1939 2329 1974 2356 la

333 2379 524 2406 Provincia
541 2379 583 2406 de
600 2378 774 2406 Castilla?
789 2377 897 2405 Error
913 2377 1047 2412 quidem
1061 2377 1173 2405 facilis
1197 2381 1249 2405 est
1271 2378 1303 2404 in
1327 2378 1380 2404 his
1403 2377 1579 2404 veteribus
1603 2376 1846 2411 manuscriptis
1871 2377 1974 2403 inter·

332 2426 527 2461 p1·etandis;
544 2430 577 2453 et
595 2426 683 2453 forte
702 2425 869 2453 Valdivia
883 2425 967 2460 legit
991 2425 1048 2453 Go.
1063 2424 1332 2458 (Gundisalvus)
1358 2425 1538 2459 Gonzalez,
1563 2424 1620 2452 ubi
1643 2431 1703 2452 nos
1724 2423 1778 2459 Jo.
1802 2423 1976 2458 (joannes)

333 2474 514 2501 Gonzalez.
531 2473 619 2502 Vide
634 2473 795 2507 Pomnm,
813 2473 946 2507 Chron.,
963 2476 989 2500 t.
1006 2479 1053 2507 111,
1070 2480 1148 2507 pag.
1163 2472 1225 2500 302.
