2168 3437
337 226 407 262 664
850 222 1079 259 LITTERAE
1106 232 1465 265 QUADRmffisTREs

338 333 423 361 nos
445 320 752 370 confluerent,
778 319 836 368 si,
862 317 1057 369 Collegii
1076 317 1394 358 fundamentis
1411 317 1570 369 jactis,
1593 319 1813 369 templum
1842 319 1976 358 nobis

339 397 547 431 erectum
567 395 705 430 esset.

421 462 579 502 Mense
600 461 754 513 Aprili
774 461 934 512 elapso
955 460 1168 512 proxime
1189 459 1328 500 Pater
1348 460 1632 511 gravissima
1659 461 1799 500 subiit
1829 467 1977 500 certa-

338 535 584 574 minatum
606 544 713 573 cum
740 532 973 584 Episcopo
996 530 1249 572 parisiensi
1278 539 1323 572 et
1350 532 1601 582 theologis,
1635 538 1735 572 tum
1765 543 1871 572 cum
1899 531 1975 572 Se-

339 611 451 645 natu
472 604 746 651 Parisiensi,
770 603 942 655 partim
964 603 1091 654 quod
1111 615 1185 643 me
1205 610 1425 655 rogatum
1452 603 1510 643 ab
1538 603 1779 644 Aedilibus
1809 615 1976 644 sacrae

340 676 485 716 Aedis
523 675 569 716 S.
609 674 984 724 Bartholomaei,
1022 686 1046 714 e
1081 675 1272 725 regione
1303 673 1472 714 Palatii
1506 675 1643 724 sitae,
1678 674 1977 714 concionatu-

339 759 442 788 rum
477 746 697 798 delegare
733 747 1018 797 decreverit,
1057 758 1113 786 ac
1147 746 1447 797 postmodum
1477 747 1524 785 in
1558 745 1818 785 Academia
1855 745 1977 786 Pari-

340 819 502 869 siensi,
526 818 704 870 passim
733 818 779 858 in
800 818 1035 870 paroeciis
1063 818 1322 869 quibusque
1352 829 1437 869 pro
1468 817 1827 867 efflagitantium
1854 818 1979 857 votis

339 891 386 930 in
407 895 684 941 suggestum
703 889 892 941 prodire
911 890 1150 939 voluerat,
1173 900 1265 929 non
1299 894 1458 928 tamen
1480 888 1657 939 absque
1683 888 1891 939 legitimo
1923 900 1979 928 ac

340 967 523 1001 maturo
546 961 741 1001 consilio
762 961 978 1013 bonaque
1001 960 1209 1000 omnium
1230 960 1459 1000 bonorum
1480 970 1620 1011 pace,
1650 959 1821 1009 partim
1847 971 1979 999 occa-

340 1034 470 1073 sione
506 1032 773 1072 donationis
807 1031 927 1072 Rmi.
964 1031 1186 1083 Episcopi
1222 1031 1597 1079 Claramontani,
1636 1031 1714 1082 qui
1747 1030 1979 1071 redditum

340 1116 561 1155 annuum,
581 1104 794 1144 valorem
811 1104 1120 1144 ducentorum
1136 1103 1475 1154 quinquaginta
1496 1102 1721 1142 librarum
1742 1101 1978 1142 Turonen-

340 1176 459 1216 sium
490 1175 687 1227 singulis
724 1175 860 1215 annis
886 1176 1253 1227 persolventem,
1287 1172 1511 1214 Societati
1538 1173 1842 1213 dedicaverat
1873 1182 1980 1213 ante

338 1246 493 1287 patris
526 1247 748 1297 reditum,
786 1247 958 1297 partim
997 1245 1208 1296 Collegio
1248 1244 1524 1295 parisiensi,
1564 1244 1736 1296 partim
1771 1244 1981 1296 Collegio

339 1318 607 1358 Billomensi
645 1317 906 1358 extruendo
946 1316 1293 1368 imponendum.
1336 1316 1498 1367 Itaque
1533 1316 1690 1367 priore
1730 1315 1981 1356 occasione

340 1390 567 1441 impulsus
601 1389 756 1439 Pater,
793 1400 978 1429 mecum
1012 1387 1182 1428 Rdum.
1211 1387 1497 1439 Episcopum
1524 1386 1838 1427 Parisiensem
1868 1386 1980 1426 adiit

338 1461 611 1501 facultatem
630 1461 863 1512 petiturus
883 1461 1239 1511 libertatemque
1262 1457 1588 1498 concionandi.
1612 1458 1675 1498 At
1700 1458 1979 1510 Episcopus,

339 1533 453 1573 satis
474 1532 676 1583 benigne
698 1543 784 1572 nos
806 1531 1089 1583 suscipiens,
1113 1542 1225 1570 mox
1246 1530 1487 1581 respondit
1516 1541 1565 1570 se
1591 1541 1686 1569 non
1713 1540 1980 1581 repugnare

338 1604 426 1656 piis
447 1603 686 1654 suffragiis
715 1602 971 1653 Aedilium,
1002 1603 1141 1643 modo
1176 1614 1203 1642 a
1231 1602 1435 1642 Domino
1466 1601 1853 1651 Poenitentiario,
1889 1601 1978 1641 Do-

338 1682 466 1716 ctore
506 1675 750 1726 theologo,
787 1686 931 1726 penes
969 1686 1106 1726 quem
1146 1674 1409 1714 authoritas
1448 1679 1549 1713 erat
1594 1673 1685 1713 mei
1722 1672 1981 1724 periculum

336 1747 513 1798 facere,
537 1747 733 1787 idoneus
753 1746 980 1797 probatus
1001 1757 1168 1786 essem.

418 1818 488 1858 Ex
519 1818 713 1858 aedibus
742 1817 969 1869 Episcopi
998 1822 1129 1857 recta
1154 1829 1239 1857 nos
1266 1815 1595 1856 transferimus
1630 1816 1676 1855 in
1708 1815 1872 1856 aedem
1902 1815 1980 1856 Sa-

337 1901 468 1930 cram
495 1889 648 1929 Divae
679 1889 888 1940 Virgini,
922 1889 999 1928 ubi
1027 1888 1281 1928 Dominum
1310 1887 1728 1928 Poenitentiarium
1755 1898 1860 1927 curn
1889 1886 1980 1927 Do-

337 1962 463 2002 mino
486 1961 690 2002 Cantore
719 1960 1010 2001 offendimus.
1044 1960 1111 2000 Ibi
1137 1959 1277 2000 Pater
1304 1960 1536 2000 rationem
1566 1958 1719 2000 reddit
1749 1958 1982 1999 adventus

338 2033 421 2073 sui.
445 2033 651 2084 Uterque
673 2038 895 2072 causatur
911 2032 1093 2072 vultum
1110 2031 1263 2071 adhuc
1281 2030 1536 2083 juvenilem
1554 2030 1756 2082 (qualem
1777 2041 1865 2081 ego
1885 2030 1981 2082 qui-

338 2106 443 2145 dem
464 2105 665 2155 ingenue
696 2103 934 2154 agnosco).
973 2102 1113 2143 Pater
1142 2114 1278 2143 suum
1313 2102 1376 2142 ibi
1397 2107 1585 2142 strenue
1621 2101 1806 2153 peragit
1840 2112 1978 2152 nego-

337 2177 465 2216 tium.
489 2175 601 2215 Mox
622 2173 809 2226 subjicit
841 2174 1073 2215 Dominus
1090 2173 1288 2214 Cantor:
1317 2173 1389 2214 “Si
1419 2174 1494 2213 hic
1516 2173 1563 2213 in
1592 2178 1868 2224 suggestum
1885 2171 1980 2223 jam

339 2248 562 2299 prodeat,
595 2247 866 2287 universum
896 2246 1221 2297 theologorum
1255 2245 1622 2286 Sorbonicorum
1650 2244 1911 2295 Collegium
1940 2250 1983 2282 et

339 2329 541 2370 quatuor
579 2317 947 2358 mendicantium
991 2316 1179 2357 ordines
1223 2317 1477 2357 adversum
1517 2328 1604 2356 vos
1643 2314 1979 2364 concitabitis.„

339 2389 569 2440 Tandem,
604 2390 750 2429 altero
778 2400 865 2428 nos
896 2388 1211 2440 relinquente,
1244 2387 1476 2428 Dominus
1510 2386 1898 2427 poenitentiarius
1919 2385 1982 2425 fa-

341 2461 583 2500 miliariter
614 2472 669 2500 ac
696 2460 896 2510 benigne
927 2470 1014 2499 nos
1046 2458 1243 2499 affatur:
1280 2459 1374 2499 “De
1396 2458 1610 2498 doctrina
1632 2458 1850 2509 vitaeque
1871 2457 1982 2497 inte·

339 2533 512 2583 gritate
533 2544 627 2571 non
649 2532 859 2582 ambigo;
885 2538 931 2571 at
952 2542 1122 2571 vereor
1151 2543 1208 2570 ne
1240 2530 1480 2570 auditores
1502 2528 1847 2569 adolescentiae
1875 2535 1982 2568 tuae

341 2603 589 2644 occasione
610 2604 805 2643 verbum
828 2603 917 2643 Dei
939 2608 1255 2643 contemnant.
1279 2602 1382 2652 Ego
1403 2600 1580 2653 (inquit)
1603 2600 1794 2641 Aediles
1816 2611 1983 2640 eonve-

341 2675 488 2723 niam,
514 2687 569 2715 ac
591 2675 757 2715 deinde
787 2685 1066 2726 responsum
1097 2685 1199 2713 sum
1230 2673 1365 2713 vobis
1398 2673 1635 2722 daturus„
1670 2670 1792 2722 Quid
1820 2670 1985 2711 multa?

342 2746 485 2787 Nobis
516 2745 818 2786 redeuntibus
840 2745 899 2785 ad
921 2756 970 2785 se
1001 2745 1144 2785 semel
1165 2750 1305 2795 atque
1326 2744 1493 2784 iterum
1515 2742 1755 2794 respondit
1777 2753 1826 2782 se
1843 2742 1982 2792 impe-

343 2817 490 2857 ditum
511 2817 718 2857 nondum
739 2816 1019 2856 convenisse
1041 2827 1144 2866 eos,
1169 2821 1213 2855 et
1235 2820 1285 2855 ut
1311 2814 1457 2854 animi
1487 2813 1559 2854 sui
1588 2813 1805 2854 timorem
1825 2812 1984 2852 huma-

345 2899 454 2928 num
475 2887 717 2940 proderet,
741 2887 892 2928 addit:
920 2887 1056 2927 “mihi
1079 2887 1294 2937 obsecro,
1319 2885 1515 2936 credite;
1537 2896 1633 2925 non
1655 2883 1857 2924 arbitror
1879 2894 1983 2922 con-

347 2960 518 2999 sultum
538 2965 588 2999 ut
609 2960 684 2999 hic
701 2957 799 3010 jam
817 2964 1093 3009 suggestum
1114 2956 1400 2997 conscendat
1421 2956 1479 2996 ob
1500 2955 1726 3005 rationes,
1751 2964 1867 3005 quas
1891 2965 1983 2993 non

348 3036 417 3070 est
455 3030 528 3070 fas
566 3042 651 3070 nee
687 3035 1001 3081 opportunum
1036 3028 1174 3069 modo
1217 3027 1566 3068 communicare
1600 3026 1748 3066 vobis.
1785 3024 1984 3064 Proinde
