2168 3437
317 225 388 262 648
830 224 1058 262 LITTERAE
1085 236 1444 269 QUADRfflEsTREs

937 678 1341 733 CCLXXXIX

388 913 435 950 P.
457 913 635 951 Marcus
655 915 814 962 ‚lorge,

434 979 502 1016 Ex
522 979 843 1016 couwm'ssz'one
860 979 1004 1017 Patris
1024 979 1254 1017 Michaelis
1275 980 1328 1017 de
1348 980 1547 1026 Bairros,

483 1046 605 1083 Patri
624 1045 796 1093 Ignatio
816 1045 869 1082 de
888 1044 1073 1092 Loyola.

529 1111 695 1158 Ebora,
719 1111 735 1148 1
759 1111 862 1159 Maji
883 1112 975 1149 1554
994 1111 1018 1148 ¹.

1083 1321 1181 1374 Jhs.

396 1536 497 1578 R.d<³
519 1536 565 1576 in
587 1536 774 1577 Christo
797 1536 871 1577 Pr.

397 1609 562 1650 Gratia
585 1615 628 1648 et
649 1621 782 1649 amor
803 1609 895 1649 dni.
920 1610 1007 1649 nri.
1030 1609 1140 1662 Jesu
1168 1608 1342 1649 Christi
1373 1608 1540 1649 animis
1572 1608 1744 1648 nostris
1774 1619 1959 1659 semper

317 1681 441 1721 insit.
467 1679 635 1720 Amen.

398 1752 514 1793 Cum
535 1753 783 1793 scribenda
805 1753 896 1792 sint
917 1753 1031 1793 mihi
1053 1752 1113 1792 ad
1142 1752 1190 1792 Ρ.
1221 1758 1350 1792 tuam
1378 1763 1454 1802 ea,
1478 1763 1597 1802 quae
1618 1751 1743 1802 apud
1769 1763 1855 1791 nos
1883 1763 1959 1802 ge-

317 1830 390 1864 sta
425 1830 533 1864 sunt
561 1831 605 1864 et
632 1823 720 1864 Dei
753 1823 976 1864 beneficio
1010 1823 1218 1876 perfecta
1254 1823 1343 1863 hoc
1379 1822 1733 1874 quadrimestri‚
1767 1828 1960 1874 propter

318 1896 609 1936 obedientiae
631 1901 933 1947 praeceptum
964 1895 1314 1946 complendum,
1347 1894 1501 1934 dicam
1532 1894 1760 1945 imprimis
1793 1893 1850 1933 de
1879 1905 1957 1933 nu-

317 1979 446 2008 mero
467 1967 667 2008 fratrum
687 1974 986 2019 patrumque,
1022 1968 1100 2018 qui
1130 1967 1177 2006 in
1198 1966 1573 2018 praesentiarum
1604 1965 1728 2017 apud
1757 1977 1843 2005 nos
1865 1977 1958 2005 ma-

317 2045 441 2080 nent.
480 2039 540 2079 Hi
576 2046 683 2079 sunt
709 2039 779 2079 n.⁰
807 2039 860 2079 20
886 2039 996 2079 fere.
1031 2039 1101 2078 Ex
1132 2038 1299 2090 quibus
1332 2044 1665 2089 praeceptores
1699 2037 1957 2087 latinitatis,

317 2111 476 2151 divino
499 2123 710 2161 munere,
736 2111 918 2150 abunde
940 2111 1055 2150 satis
1078 2110 1400 2160 elaborarunt,
1430 2116 1474 2149 et
1504 2109 1840 2160 discipulorum
1859 2120 1960 2148 suo-

316 2194 419 2222 rum
440 2182 627 2222 utilitati
650 2194 842 2234 operam
864 2182 1091 2222 dederunt
1112 2181 1199 2221 hos
1228 2182 1312 2221 4.0s
1341 2192 1540 2220 menses.
1571 2179 1691 2220 Nam
1711 2179 1770 2220 ad
1790 2179 1961 2220 festum

315 2266 461 2305 usque
492 2253 698 2305 paschae
725 2260 820 2293 tres
851 2259 1034 2293 tantum
1063 2253 1259 2303 classes,
1296 2252 1443 2292 tribus
1473 2251 1881 2303 praeceptoribus,
1914 2251 1961 2291 in

316 2325 488 2366 scholis
520 2331 653 2365 erant
684 2325 895 2376 (praeter
926 2325 1078 2375 illam,
1113 2324 1158 2363 in
1189 2336 1280 2375 qua
1303 2323 1576 2364 sacerdotes
1606 2334 1744 2363 casus
1772 2322 1832 2362 ad
1853 2334 1958 2362 con-

316 2397 562 2437 scientiam
591 2402 859 2448 spectantes
891 2395 1183 2446 edocentur);
1216 2396 1372 2446 itaque
1395 2406 1587 2435 necesse
1619 2400 1720 2434 erat
1749 2394 1960 2445 singulos

314 2469 471 2520 plures
493 2467 750 2519 discipulos
781 2474 825 2507 et
857 2468 960 2519 plus
989 2468 1163 2507 laboris
1193 2467 1389 2517 habere;
1419 2473 1526 2518 post
1555 2466 1725 2506 festum
1755 2465 1960 2517 paschae

315 2551 408 2579 una
428 2539 660 2591 quaedam
681 2539 772 2578 alia
795 2545 864 2579 est
887 2538 1065 2588 addita,
1091 2539 1155 2578 ita
1177 2544 1227 2578 ut
1249 2538 1342 2578 iarn
1372 2537 1443 2577 n.⁰
1472 2537 1555 2578 40¹·
1577 2537 1689 2588 sint,
1722 2548 1804 2577 seu
1826 2537 1955 2588 quin-

316 2622 404 2662 que
423 2610 602 2662 potius,
635 2610 674 2650 si
700 2610 827 2650 illam
861 2621 1272 2660 connumeremus,
1298 2620 1417 2660 quae
1440 2615 1509 2649 est
1540 2608 1855 2659 sacerdotum,
1879 2608 1960 2648 ubi

316 2682 372 2721 de
395 2682 627 2721 consciae.
654 2681 840 2721 casibus
863 2681 1035 2732 agitur.
1059 2680 1409 2732 Discipulorum
1432 2687 1588 2720 autem
1609 2691 1738 2720 nrus.
1772 2679 1860 2719 Dei
1881 2680 1957 2719 bo-

313 2753 459 2792 nitate
485 2753 623 2793 valde
650 2753 876 2793 excrevit.
912 2752 1032 2793 Nam
1059 2757 1103 2792 et
1124 2752 1214 2792 hoc
1235 2762 1394 2792 mense
1420 2750 1620 2802 Aprilis,
1645 2757 1752 2803 post
1785 2750 1954 2790 festum

314 2824 545 2875 paschae,
582 2823 635 2863 30
669 2830 747 2863 aut
781 2823 926 2864 ferme
961 2823 1013 2864 40
1047 2823 1239 2864 admissi
1274 2829 1408 2863 sunt:
1441 2823 1628 2862 illorum
1662 2822 1848 2874 plurimi
1879 2833 1958 2873 pa-

375 2963 384 2982 1
424 2963 675 2997 Autographae
702 2963 734 2989 in
759 2962 839 2989 folio
863 2961 1000 2996 triplici,
1024 2969 1077 2990 nn.
1097 2962 1159 2996 489,
1183 2961 1236 2988 490
1258 2965 1291 2988 et
1312 2961 1412 2988 ator-—
1425 2960 1530 2987 Aliud
1552 2967 1635 2987 vere
1657 2967 1723 2987 non
1743 2965 1821 2987 sunt
1846 2959 1908 2986 nisi
1925 2959 1958 2986 la

317 3010 389 3038 tina
405 3011 518 3038 versio
536 3018 664 3045 carum,
682 3018 766 3045 quas
782 3010 956 3044 hispanice
971 3017 1085 3044 supra,
1103 3017 1134 3036 n.
1151 3016 1332 3043 ccxxxmv,
1348 3016 1426 3043 pag.
1441 3008 1502 3041 610,
1520 3008 1681 3035 dedimus.
1698 3008 1761 3035 Hic
1774 3012 1889 3035 tamen
1904 3014 1961 3035 eas

288 3074 293 3080 ·
318 3065 377 3085 suo
401 3063 433 3085 et
451 3066 590 3086 numero
607 3063 640 3086 et
657 3060 729 3085 loco
745 3058 926 3085 distinctas
942 3057 1107 3092 ponimus,
1124 3057 1203 3091 quia
1218 3057 1286 3084 alio
1301 3056 1343 3083 ab
1360 3057 1426 3083 illis
1440 3056 1493 3084 die
1509 3055 1611 3083 datae
1626 3059 1719 3083 sunt.
