2168 3437
323 254 394 292 544
835 250 1064 287 LITTERAE
1090 257 1451 292 QUADRIMESTRES

327 351 437 391 dum
457 349 681 402 populum
709 347 953 398 suscipiet,
984 345 1063 397 qui
1092 344 1151 384 ad
1178 345 1302 384 hunc
1332 343 1456 384 diem
1486 342 1857 383 confessionibus
1885 354 1963 383 au-

327 421 507 462 diendis
529 420 722 470 aliisque
743 418 1024 458 necessariis
1047 415 1434 469 occupationibus
1450 414 1664 464 vacavit,
1683 414 1961 465 praesertim

328 492 505 543 Regem
539 490 887 541 Reginamque‚
924 500 950 528 a
982 488 1149 539 quibus
1181 487 1451 539 frequenter
1484 485 1758 534 accersitur,
1796 496 1964 524 conve-

327 561 498 603 niendi.
529 561 683 602 Ambo
713 561 778 600 illi
805 566 849 600 et
880 560 1050 600 mirum
1080 559 1128 599 in
1157 558 1348 599 modurn
1375 557 1554 597 faciunt
1584 562 1627 596 et
1647 555 1841 607 negotia
1861 554 1964 595 Deo

327 633 599 686 gratissima
622 632 932 672 committunt.

408 704 655 756 Reliquum
681 709 751 743 est
781 708 830 743 ut
860 714 933 743 me
963 703 1055 743 tuis
1089 701 1308 754 precibus
1344 706 1731 750 caeterorumque
1763 698 1965 738 fratrum

329 775 653 816 commendem
674 786 728 814 ac
746 773 946 814 tradam.

409 846 481 886 Ex
502 846 656 886 Patris
679 844 914 895 Goncalvi
935 843 1145 895 imperio.

410 917 711 968 Olyssipone,
739 916 800 955 17.
825 916 912 955 cal.
935 914 1222 964 februarias,
1247 925 1370 953 anno
1394 924 1420 951 a
1442 913 1591 952 salute
1612 911 1818 951 humana
1835 910 1964 962 quin-

333 988 595 1039 gentesimo
618 986 1008 1040 quinquagesimo
1030 991 1197 1037 quarto
1220 996 1363 1036 supra
1384 971 1697 1024 millesimum.

413 1060 473 1101 V.
496 1059 546 1100 P.

412 1131 559 1171 Filius
584 1130 761 1171 inutilis
782 1131 829 1170 in
850 1129 1054 1170 Domino

1392 1269 1605 1309 FRAN.CUS
1637 1267 1809 1308 VIERA.

417 1486 770 1538 Superscrzptzb
792 1486 841 1525 in
863 1489 1037 1536 quarta
1052 1484 1269 1536 pagina:
1291 1482 1560 1523 Admodum
1580 1478 1855 1521 Reverendo
1878 1478 1970 1519 Ma-

338 1560 488 1610 gistro
509 1558 692 1609 Ignatio
710 1590 716 1607 ,

417 1629 692 1681 Praeposito
714 1628 927 1680 generali
948 1626 1196 1668 Societatis
1217 1627 1348 1679 Jesu,

421 1700 614 1742 Romae.

422 1771 534 1812 Alia
555 1782 723 1811 manu:
748 1770 862 1809 1554.
888 1769 1037 1820 Quad.
1061 1768 1279 1809 Lisbona.
1305 1767 1393 1807 Del
1415 1766 1615 1807 Febraio
1642 1765 1664 1805 ¹.

400 1935 408 1954 ¹
451 1934 549 1961 Haud
565 1936 659 1960 recte
675 1932 827 1966 quidem,
844 1931 902 1958 sed
918 1931 975 1958 del
992 1930 1165 1958 Genuam.
