2168 3437
354 277 425 314 532
867 276 1096 312 LITTERAE
1124 286 1484 318 QUADRIMESTRES

355 373 727 414 confessionibus
759 371 940 412 fructus
973 371 1067 412 R.di
1089 371 1216 412 Pres.
1247 373 1397 413 nostri
1431 374 1741 425 collegerunt,
1778 377 1893 416 nihil
1928 387 1997 417 est

354 445 477 496 quod
499 450 786 495 repetamus,
812 443 919 483 licet
941 443 1102 483 divina
1123 444 1280 494 gratia
1300 444 1473 484 fuerint
1494 445 1693 497 copiosi;
1713 446 1853 487 iidem
1874 449 1999 488 enim

352 524 486 566 sunt,
511 527 628 566 quos
650 525 791 566 saepe
814 515 1104 566 scripsimus.
1128 515 1205 555 Ad
1227 515 1486 556 audiendas
1506 516 1797 557 infirmorum
1820 519 1995 559 confes-

354 588 510 627 siones
531 592 841 626 accersuntur
863 586 1153 638 saepissime.
1179 586 1281 637 Qua
1303 587 1350 626 in
1371 599 1421 627 re
1442 588 1910 638 praetermittendum
1932 590 1995 641 (li-

352 665 428 699 cet
451 658 655 698 maxime
676 657 908 708 festinem)
928 669 1228 710 nequaquam
1249 658 1457 709 videtur,
1483 659 1605 710 quod
1627 660 1738 710 duo,
1763 660 1836 700 vir
1859 662 1993 712 alter,

352 732 501 771 altera
523 730 749 780 foemina,
773 730 903 769 fluxu
924 729 1191 781 sanguiniS,
1217 741 1324 770 cum
1354 742 1409 770 eo
1441 731 1777 782 colloquentes,
1807 732 1884 783 qui
1914 745 1993 773 eos

351 802 617 852 audiuerat,
641 801 825 842 liberati
848 808 970 842 sunt.
994 801 1176 841 Horum
1192 813 1306 841 vero
1323 802 1451 853 prior
1468 813 1523 842 eo
1541 802 1814 854 deuenerat,
1835 809 1884 844 ut
1901 804 1994 844 iam

349 875 528 915 nullum
551 885 578 913 a
599 872 795 913 medicis
816 874 1077 913 remedium
1106 873 1303 925 (experti
1331 873 1454 913 enim
1479 875 1665 914 fuerant
1692 886 1811 926 quae
1837 882 1993 926 potue-

348 946 469 996 rant>
494 944 703 985 adhiberi
725 956 866 996 posse
886 944 1142 985 videretur.

426 1016 675 1058 Societatis
696 1022 886 1057 nostrae
902 1015 1238 1067 ingrediendae
1259 1015 1490 1056 desiderio
1507 1016 1716 1068 plerique
1737 1023 1837 1057 tum
1858 1018 1991 1058 scho-

346 1089 500 1129 lastici
520 1095 618 1129 tum
641 1088 836 1128 alterius
856 1088 1045 1139 generis
1073 1088 1396 1128 adolescentes
1423 1093 1654 1128 tenentur.
1685 1088 1867 1129 Horum
1894 1090 1991 1141 qui-

346 1161 454 1201 dam
475 1160 662 1212 saepius
683 1161 807 1199 latae
828 1160 1044 1211 repulsae
1072 1159 1342 1211 impatienS,
1367 1164 1532 1199 sancto
1557 1158 1745 1199 fervore
1763 1171 1989 1201 accensus

344 1231 615 1283 collegium,
655 1231 850 1282 decepto
879 1230 1098 1279 ianitore,
1130 1230 1345 1280 intrauit3
1370 1241 1569 1281 cumque
1590 1242 1645 1270 ea
1674 1230 1747 1271 die
1776 1231 1990 1272 detentus

349 1302 424 1343 Pr.
463 1302 742 1354 quibusdam
775 1302 998 1353 negotiis,
1037 1309 1081 1342 et
1110 1314 1215 1342 cum
1247 1314 1301 1342 eo
1328 1302 1524 1351 Rector‚
1555 1302 1693 1342 domo
1724 1302 1783 1342 ad
1803 1308 1989 1343 noctem

348 1385 495 1427 usque
532 1374 810 1424 abfuissent,
851 1374 976 1413 nulla
1013 1374 1194 1413 ratione
1230 1374 1399 1414 adduci
1434 1374 1582 1425 potuit
1617 1379 1665 1413 ut
1704 1373 1875 1424 exiret,
1914 1375 1989 1414 ubi

346 1445 420 1486 Pr.
445 1445 567 1486 R.d¹1S
592 1445 801 1495 aduenit,
826 1445 937 1497 quid
959 1451 1071 1495 agat
1093 1452 1172 1485 aut
1192 1446 1305 1485 velit
1326 1446 1601 1496 interrogat.
1621 1444 1685 1485 At
1703 1445 1799 1485 ille:
1817 1445 1990 1485 missus

346 1517 527 1569 (inquit)
550 1528 652 1557 sum
674 1528 700 1556 a
723 1515 898 1568 Spiritu
920 1515 1118 1566 Sanct03
1143 1517 1521 1556 constantissime
1549 1516 1736 1556 interim
1767 1527 1985 1556 asserens

349 1600 397 1629 se
427 1589 555 1629 nullo
592 1589 731 1628 modo
759 1588 1009 1628 exiturum.
1038 1587 1164 1628 Nihil
1190 1588 1333 1639 igitur
1367 1588 1433 1628 illi
1467 1587 1836 1631 admonitiones.
1874 1587 1986 1627 nihil

342 1661 492 1710 iussa,
523 1660 638 1699 nihil
668 1659 923 1699 blanditiae
952 1665 1249 1710 terroresque
1280 1665 1324 1699 et
1357 1658 1594 1699 adhibitae
1621 1659 1775 1698 minae
1801 1658 1982 1709 profue-

341 1737 470 1772 runt:
496 1731 759 1771 aduocatus
781 1736 849 1770 est
870 1730 1061 1770 tandem
1083 1731 1182 1770 eius
1202 1736 1356 1781 pater,
1382 1742 1473 1782 quo
1498 1730 1620 1779 viso,
1655 1730 1878 1769 reluctari
1906 1730 1981 1770 ille

339 1809 620 1853 strenueque
642 1802 891 1852 obsistere,
915 1801 1110 1853 Spiritui
1129 1801 1303 1842 Sancto
1324 1801 1585 1853 parendum
1607 1812 1708 1841 esse
1741 1801 1976 1851 dictitans,

336 1875 503 1926 plenus
524 1874 713 1914 interim
735 1884 790 1913 ac
813 1872 1031 1924 perfusus
1052 1873 1334 1925 lachrymis:
1361 1873 1418 1913 ab
1440 1873 1634 1924 angulo,
1660 1872 1735 1912 cui
1757 1871 1977 1912 adhaese-

336 1951 431 1996 rat,
456 1945 538 1985 vix
558 1945 748 1984 tandem
770 1956 796 1983 a
818 1950 952 1995 patre
969 1956 1053 1984 suo
1071 1944 1375 1984 abstrahitur.
1395 1944 1554 1995 Neque
1572 1949 1729 1983 tamen
1745 1943 1871 1983 fores
1888 1945 1975 1983 col-

335 2016 446 2068 legii
486 2022 555 2056 est
594 2027 842 2067 egressus,
890 2015 1020 2066 prius
1059 2026 1199 2066 quam
1241 2016 1298 2055 ab
1333 2026 1388 2055 eo
1430 2025 1649 2055 exoraret
1688 2020 1757 2064 ut,
1796 2015 1980 2065 quoties

334 2087 437 2128 R.d0
458 2087 551 2127 Pri.
577 2093 738 2127 nostro
761 2086 1059 2138 recipiendus
1079 2085 1338 2136 videretur,
1363 2097 1499 2126 suum
1522 2086 1620 2137 ipse
1649 2090 1847 2125 assensu
1878 2097 1973 2125 non

337 2165 460 2199 esset
494 2158 829 2209 denegaturus.
865 2157 968 2197 Hoc
996 2168 1089 2197 uno
1117 2157 1345 2207 vincitur,
1378 2157 1485 2197 licet
1520 2156 1715 2205 invitus,
1749 2168 1804 2196 ac
1838 2157 1977 2208 pluri-

333 2241 461 2270 mum
482 2229 710 2279 renitenS‚
737 2234 894 2268 tamen
918 2239 1023 2268 cum
1054 2234 1188 2280 patre
1219 2228 1345 2268 abiit.
1375 2228 1478 2268 Hoc
1505 2228 1790 2279 exemplum,
1822 2235 1872 2267 ut
1899 2240 1976 2267 au-

334 2302 452 2342 ctori
473 2302 733 2352 gloriosum
753 2300 840 2340 fuit
857 2332 865 2350 ,
890 2300 955 2340 ita
972 2300 1108 2339 nobis
1124 2299 1337 2339 nonnihil
1353 2300 1691 2351 periculosum:
1711 2310 1835 2339 nunc
1853 2299 1977 2339 enim

333 2373 417 2413 Vix
440 2373 497 2412 ab
519 2371 787 2412 huiusmodi
808 2370 989 2410 insidiis
1011 2371 1165 2410 securi
1198 2382 1379 2420 sumus,
1411 2382 1495 2410 nec
1525 2382 1695 2410 cauere
1721 2371 1972 2421 potuimus,

332 2445 443 2496 quin
474 2445 591 2484 alter
630 2443 759 2483 hisce
795 2442 957 2482 diebus
992 2441 1104 2481 illud
1138 2449 1433 2493 sequeretur,
1471 2441 1553 2481 sed
1586 2441 1796 2489 feliciori,
1835 2452 1973 2492 quam

329 2516 479 2567 prior,
519 2514 670 2564 exitu,
705 2513 780 2553 hic
813 2513 937 2553 enim
968 2524 1164 2564 corpore
1192 2513 1380 2564 quidem
1409 2513 1524 2552 satis
1558 2513 1772 2564 pusillus,
1817 2512 1972 2552 animo

327 2598 441 2627 vero
465 2592 591 2626 certe
611 2585 706 2635 vir,
731 2591 775 2624 et
797 2584 876 2636 qui
897 2584 1107 2624 adultam
1128 2584 1378 2635 pueritiam
1399 2584 1661 2635 senilesque
1680 2595 1835 2623 mores
1852 2595 1970 2634 prae

328 2670 376 2698 se
397 2657 539 2708 ferat,
564 2657 757 2696 absente
778 2654 942 2705 Patre,
966 2655 1144 2706 pariter
1165 2661 1210 2694 et
1231 2654 1430 2695 Rectore
1449 2687 1456 2704 ,
1495 2654 1756 2705 Collegium
1792 2654 1967 2705 ingres-

326 2741 425 2779 sus,
450 2729 674 2768 redeunte
695 2738 893 2777 vespere
911 2725 1066 2777 Patre,
1092 2737 1146 2765 ac
1169 2734 1368 2777 rogante
1391 2726 1500 2778 quid
1517 2726 1694 2766 faceret
1709 2731 1966 2777 peteretve,

324 2800 398 2840 hic
422 2811 525 2840 sum
547 2798 745 2851 (inquit),
770 2798 847 2838 hic
874 2797 1096 2847 manebo;
1119 2808 1271 2849 neque
1293 2797 1419 2837 aliud
1441 2797 1690 2849 quicquam
1727 2796 1880 2836 audiri
1908 2796 1965 2836 ab

326 2883 379 2911 eo
401 2871 550 2922 potuit
573 2881 713 2923 quam
734 2870 797 2909 ibi
818 2869 937 2909 velle
964 2880 1170 2909 manere.
1196 2868 1559 2920 Obstupefactus
1582 2868 1721 2908 Pater
1741 2880 1796 2908 ac
1818 2879 1965 2919 prope

322 2940 418 2992 jam
435 2942 588 2981 victus
606 2941 799 2981 secessit
817 2940 863 2979 in
881 2940 1160 2979 cubiculum.
1183 2939 1304 2990 Quid
1323 2940 1446 2980 enim
1464 2940 1588 2980 aliud
1604 2939 1807 2979 faceret?
1825 2939 1964 2979 Pater

325 3012 432 3052 huic
462 3024 555 3052 non
588 3018 687 3063 erat
718 3012 806 3051 hac
837 3009 1024 3062 quidem
1052 3011 1099 3050 in
1131 3011 1265 3061 urbe3
1296 3017 1364 3050 est
1393 3010 1515 3050 enim
1536 3010 1789 3062 pactensis.
1829 3009 1966 3050 Miles

323 3082 511 3134 quidam
535 3082 784 3134 hispanus,
807 3081 880 3121 vir
897 3081 1071 3133 probus
1087 3088 1131 3121 et
1149 3081 1283 3121 nobis
1301 3081 1539 3132 cognitus,
1560 3082 1684 3133 apud
1700 3092 1838 3133 quem
1855 3091 1967 3131 age*
