2168 3437
320 283 394 320 700
840 278 1071 316 LITTERAE
1097 287 1458 321 QUADRIMESTRES

317 378 522 427 dixerat,
546 381 710 428 postea
740 375 975 426 exigebat.
1011 375 1149 415 Hanc
1180 386 1305 415 nunc
1336 385 1391 414 ea
1422 374 1478 414 de
1509 385 1654 414 causa
1688 385 1782 413 non
1812 373 1971 422 habet,

317 449 441 501 quod
463 449 563 499 ipsa
585 458 693 487 cum
713 446 807 487 filia
830 447 1093 499 spiritualia
1116 447 1344 487 exercitia
1371 446 1530 487 facere
1550 445 1712 494 velint,
1739 445 1785 484 in
1807 444 1975 496 quibus

317 522 358 561 ei
379 519 610 560 Dominus
634 519 750 558 satis
773 519 918 558 multa
941 518 1137 559 confert.
1165 518 1295 569 Quae
1322 523 1455 558 tanta
1476 523 1546 558 est
1575 517 1621 557 in
1648 522 1863 557 nostram
1893 514 1972 555 So-

316 593 535 633 cietatem
557 590 701 630 animi
720 591 1055 643 propensione,
1079 596 1150 640 ut,
1182 602 1289 630 cum
1310 590 1369 630 ad
1396 601 1501 630 earn
1527 589 1651 629 idern
1680 587 1819 628 Pater
1841 598 1971 627 exer-

317 663 427 704 citia
448 662 711 703 traditurus
732 662 950 712 accedat,
984 661 1141 702 Patris
1171 673 1339 702 manus
1368 660 1488 702 filios
1510 659 1902 711 osculariJubeat,
1925 664 1976 698 ut

315 734 404 786 ipsi
425 734 589 774 eodem
611 734 882 774 imbuantur
904 733 1173 774 devotionis
1194 732 1611 784 venerationisque
1639 731 1825 771 affectu.
1850 729 1977 770 Satis

316 806 459 846 etiam
480 816 708 856 magnum
731 811 776 845 et
795 804 1006 856 Reginae
1029 812 1073 845 et
1098 816 1285 855 earum,
1310 816 1429 856 quae
1452 803 1493 844 ei
1515 803 1797 853 inserviunt,
1822 801 1869 841 in
1889 813 1976 841 nos

317 888 527 917 amorem
562 876 608 916 id
641 876 929 927 declaravit,
960 876 1108 928 quod,
1142 888 1249 917 cum
1275 875 1480 928 quodam
1510 874 1583 914 die
1613 874 1802 914 veneris
1837 871 1976 912 Fater

317 948 604 989 Gondizalus
636 948 741 989 Vaz
764 948 1008 988 doctrinae
1037 948 1327 988 christianae
1353 947 1604 987 lectionem
1631 957 1745 986 casu
1773 945 1976 996 quodam

316 1032 410 1060 non
431 1020 695 1071 habuisset,
728 1027 896 1072 postea
923 1027 1084 1060 tamen
1117 1032 1144 1060 a
1173 1019 1357 1071 Regina
1384 1025 1602 1070 rogatus,
1633 1018 1752 1057 hora
1776 1016 1893 1068 jam,
1927 1021 1976 1056 ut

318 1091 473 1143 credo,
500 1092 686 1144 quinta,
711 1103 818 1132 cum
841 1102 1017 1142 magna
1040 1091 1251 1131 omnium
1272 1090 1451 1131 laetitia
1473 1089 1720 1141 praelegit.
1746 1087 1820 1128 Ad
1838 1098 1978 1139 quam

317 1164 418 1216 ipsa
441 1163 624 1215 Regina
648 1175 704 1203 ac
725 1163 888 1204 Infans
909 1163 993 1203 DJ*
1016 1162 1191 1213 Maria,
1218 1174 1325 1203 cum
1341 1161 1439 1214 jam
1456 1162 1502 1202 in
1529 1161 1684 1201 medio
1701 1160 1798 1200 fere
1819 1171 1976 1200 versa-

318 1242 463 1286 retur,
490 1234 777 1275 audiendum
800 1235 945 1275 venit.

397 1307 563 1347 Patres
585 1318 748 1348 omnes
772 1307 837 1347 ita
866 1306 1244 1347 confessionibus
1273 1304 1519 1345 audiendis
1547 1310 1656 1344 sunt
1686 1302 1895 1354 impediti
1926 1309 1976 1343 ut

317 1379 400 1419 vix
422 1379 525 1419 aliis
547 1379 636 1431 piis
658 1378 866 1419 externis
888 1378 1108 1430 operibus
1135 1389 1311 1418 vacare
1332 1376 1529 1429 possint.
1562 1375 1692 1427 Quae
1723 1382 1904 1425 tamen,
1939 1375 1976 1414 si

319 1451 505 1503 quando
541 1451 650 1491 licet
687 1451 811 1501 (licet
847 1456 1006 1490 autem
1040 1451 1278 1502 perraro),
1316 1461 1411 1489 non
1446 1447 1679 1488 omittunt.
1722 1446 1818 1487 Vix
1854 1445 1977 1486 enim

318 1528 546 1575 quotquot
577 1523 702 1563 domi
734 1522 980 1573 adsumus,
1022 1521 1259 1571 omnibUS,
1298 1521 1378 1572 qui
1412 1520 1472 1560 ad
1501 1525 1715 1560 nostrum
1750 1518 1976 1569 templum

318 1600 514 1645 peccata
537 1593 712 1634 fassuri
734 1594 991 1644 accedunt,
1016 1593 1292 1634 satisfacere
1319 1602 1589 1644 possumus,
1615 1602 1734 1642 quae
1757 1589 1975 1629 confiten-

318 1667 435 1706 tium
455 1666 703 1706 multitudo
726 1666 790 1706 ita
811 1665 1093 1717 praesertim
1115 1671 1317 1717 quatuor
1344 1664 1417 1704 his
1446 1663 1684 1703 mensibus
1716 1667 1855 1702 aucta
1888 1667 1972 1711 est,

319 1749 426 1778 cum
453 1744 642 1790 praeter
666 1737 923 1789 jubilaeum
955 1737 1012 1778 ob
1047 1736 1250 1788 Angliae
1286 1735 1647 1776 conversionem
1682 1734 1898 1783 missum,
1930 1739 1975 1772 et

318 1809 756 1861 quadragesimam,
797 1809 1050 1849 nonnullas
1086 1809 1228 1849 etiam
1263 1806 1580 1858 indulgentias
1615 1805 1774 1846 Infans
1814 1803 1972 1845 Cardi-

317 1881 437 1921 nalis
459 1881 767 1932 concesse1-it;
800 1886 848 1922 ut
875 1886 1007 1921 tanta
1033 1880 1131 1920 fere
1161 1890 1500 1930 nonnunquam
1530 1877 1774 1917 hominum
1804 1876 1863 1916 ad
1885 1887 1972 1916 nos

318 1952 565 1993 multitudo
603 1952 663 1993 ad
695 1959 891 2005 peccata
919 1951 1110 1992 fatenda
1142 1950 1389 1992 accederet
1420 1955 1597 2001 quanta
1625 1948 1684 1988 ad
1717 1948 1971 1988 conciones

318 2024 577 2065 audiendas
599 2024 835 2065 confluere
864 2024 1002 2064 solita
1034 2029 1157 2074 erat;
1188 2029 1233 2064 et
1260 2028 1450 2076 praeter
1471 2021 1870 2073 quamplurimos,
1896 2019 1975 2070 qui

318 2096 446 2136 hisce
474 2096 766 2147 temporibus
796 2095 1126 2136 Eucharistiae
1155 2094 1516 2136 Sacramentum
1544 2092 1860 2144 accipiebant,
1895 2091 1973 2130 du-

319 2168 456 2218 centi,
480 2179 824 2220 nonnunquam
843 2168 986 2208 etiam
1006 2167 1225 2217 trecenti,
1251 2166 1414 2206 diebus
1436 2164 1683 2205 dominicis
1712 2175 1767 2203 ac
1789 2162 1973 2203 festivis

318 2240 442 2280 idem
461 2239 712 2281 faciebant.
747 2239 926 2292 Quibus
947 2239 1131 2290 diebus,
1165 2238 1412 2279 dominicis
1433 2237 1636 2287 scilicet,
1662 2241 1849 2275 centum
1875 2234 1972 2274 fere

319 2323 503 2363 semper
525 2318 569 2352 et
590 2311 908 2364 quadraginta
931 2311 1295 2352 communicant.
1320 2310 1382 2351 Ut
1399 2308 1497 2360 jam
1525 2309 1628 2349 aliis
1649 2306 1973 2348 hebdomadae

319 2383 481 2424 diebus
502 2389 701 2435 peccata
722 2383 999 2424 confitentes
1021 2382 1254 2432 omittam,
1281 2382 1361 2434 qui
1381 2380 1761 2422 trecentesimum
1778 2378 1875 2418 fere
1893 2378 1973 2418 im-

318 2455 445 2506 plent
466 2466 727 2495 numerum.
753 2454 1030 2496 Ardentiori
1051 2459 1209 2494 tamen
1231 2453 1435 2505 quodam
1454 2452 1643 2492 fervore
1674 2457 1845 2491 octava
1867 2449 1973 2489 festi

318 2526 620 2567 Pentecostes
642 2533 883 2578 postrema
906 2538 1068 2566 omnes
1089 2526 1270 2566 incensi
1298 2531 1438 2577 atque
1468 2523 1747 2564 inflammati
1775 2527 1896 2562 sunt.
1921 2521 1971 2561 In
2002 2555 2006 2562 .

320 2610 409 2650 qua
441 2597 490 2639 P.
520 2598 809 2639 Gondizalus
837 2598 1103 2638 doctrinam
1129 2596 1449 2638 Christianam
1477 2606 1650 2646 magno
1680 2605 1786 2634 cum
1816 2594 1975 2644 populi

321 2682 553 2710 concursu
577 2682 631 2710 ac
659 2676 789 2710 tanto
821 2669 1053 2721 praelegit
1080 2669 1288 2719 fervore,
1318 2673 1368 2708 ut
1400 2667 1532 2708 multi
1563 2665 1902 2717 indulgentias,
1928 2665 1974 2704 in

320 2741 439 2782 festo
472 2741 697 2793 Corporis
725 2741 902 2782 Christi
930 2752 1206 2789 concessas,
1240 2744 1437 2792 peccata
1464 2738 1667 2779 fatentes
1694 2745 1738 2777 et
1769 2748 1973 2777 commu-

321 2813 558 2865 nicantes,
589 2819 676 2854 etc.
712 2812 938 2865 consequi
970 2817 1248 2852 statuerent.
1287 2810 1371 2850 His
1403 2810 1582 2861 itaque,
1612 2808 1666 2849 R.
1702 2809 1749 2848 in
1784 2807 1972 2849 Christo

322 2884 476 2935 Pater,
509 2885 921 2936 occupationibus,
960 2883 1111 2924 nostri
1145 2882 1305 2934 templi
1325 2887 1609 2933 nostraeque
1644 2879 1868 2921 Societati
1897 2880 1974 2920 vel

323 2956 527 2996 maxime
547 2956 774 3007 propriis,
798 2961 928 2996 tanto
951 2967 1058 2995 cum
1079 2955 1344 2995 animarum
1373 2953 1528 2993 fructu
1555 2963 1783 2992 vacamus
1813 2962 1975 2991 omnes

323 3033 549 3078 quantum
570 3027 708 3067 facile
739 3039 798 3067 ex
828 3026 1202 3067 confessionibus
1234 3024 1503 3077 perspicere
1534 3023 1721 3063 cuilibet
1751 3022 1873 3062 licet.
1904 3022 1972 3062 Ita

322 3103 480 3138 tamen
503 3098 574 3138 his
597 3099 922 3150 distringimus
944 3104 994 3138 ut
1015 3098 1093 3150 pia
1115 3098 1207 3137 alia
1224 3108 1368 3148 opera
1385 3106 1622 3146 exercere,
1642 3094 1730 3134 etsi
1747 3093 1793 3133 id
1811 3104 1972 3133 omnes
