2168 3437
864 207 945 245 AN.
977 206 1067 244 1552
1735 200 1785 238 63

789 656 1140 712 CLXXXIV

220 751 450 792 Gerardus
471 751 621 796 Coo]s‚

263 817 332 855 Ex
351 816 671 854 commissione
691 815 835 853 Patris
854 814 1076 852 Leonardi
1095 813 1251 850 Kessel
1267 842 1277 851 ,

315 883 436 920 Patri
454 882 625 930 Ignatio
644 881 698 918 de
716 881 903 928 Loyola.

361 948 562 993 Colonia,
586 947 603 984 1
625 946 882 984 Decembris
905 945 997 983 1552
1016 944 1041 982 ¹.

918 1179 1017 1246 ffis

229 1438 341 1479 Gra.
366 1443 410 1478 et
431 1449 526 1489 pax
546 1436 736 1477 Domini
760 1436 919 1476 Nostri
949 1435 1053 1476 Iesu
1088 1434 1262 1476 Christi
1292 1433 1351 1473 sit
1381 1433 1428 1473 in
1458 1431 1678 1473 cordibus
1709 1444 1786 1472 no-

152 1510 275 1550 stris.
305 1509 474 1550 Amen.

227 1579 600 1621 Pulcherrimum
622 1591 735 1619 sane
756 1584 800 1619 et
820 1578 1053 1618 laudabile
1074 1577 1338 1617 institutum
1360 1580 1450 1625 est,
1480 1574 1791 1615 Reverendis-

149 1653 264 1701 sime
298 1652 345 1692 in
380 1651 567 1692 Christo
600 1650 704 1691 Iesu
738 1649 902 1700 Pater,
940 1648 1265 1690 sanctissimae
1299 1645 1546 1688 Societatis
1582 1650 1786 1695 nostrae,

148 1735 239 1775 quo
260 1722 570 1762 admonentur
595 1721 676 1761 filii
705 1720 901 1772 singulis
930 1720 1189 1769 mensibus,
1223 1724 1303 1758 aut
1331 1718 1496 1757 saltem
1529 1716 1787 1769 quadrime-

148 1794 341 1844 stribus‚
366 1793 542 1843 omnia,
566 1804 685 1844 quae
707 1791 830 1843 apud
851 1804 900 1831 se
928 1798 1063 1842 gesta
1093 1796 1221 1841 sunt,
1254 1789 1451 1829 fideliter
1480 1787 1791 1840 perscribere:

148 1865 223 1905 cui
243 1870 291 1905 ut
313 1864 606 1905 satisfaceret
632 1863 753 1904 RdUS
782 1863 920 1903 Pater
949 1862 1243 1911 Leonardus‚
1275 1861 1394 1912 ipse,
1428 1859 1683 1900 serioribus
1717 1870 1788 1898 oc-

148 1941 370 1986 cupatus‚
406 1935 453 1975 id
481 1935 594 1975 mihi
628 1934 805 1985 negotii
839 1933 1067 1983 iniunxit,
1105 1933 1221 1973 meis
1257 1931 1464 1972 humeris
1499 1931 1586 1970 etsi
1621 1930 1787 1980 impar,

146 2013 304 2047 tamen
323 2006 399 2058 pio
422 2005 653 2046 desiderio
674 2017 780 2045 eum
806 2016 946 2045 onere
977 2004 1133 2055 aliqua
1164 2016 1223 2043 ex
1250 2008 1383 2054 parte
1410 2000 1598 2042 levandi
1628 2000 1793 2040 incita-

148 2084 237 2128 tus,
261 2089 346 2129 pro
368 2083 560 2117 nostrae
581 2076 831 2128 parvitatis
853 2074 1040 2115 modulo
1062 2074 1108 2114 id
1130 2075 1283 2125 ipsum
1303 2073 1570 2124 aggrediar.

227 2148 278 2188 In
299 2148 437 2187 solito
468 2147 734 2187 habitaculo
767 2145 961 2197 pacifice
983 2151 1027 2185 et
1054 2144 1303 2196 tranquille
1325 2154 1670 2195 permanemus.
1706 2140 1788 2181 Su-

150 2230 251 2259 mus
281 2224 435 2258 autem
462 2224 661 2269 quatuor
687 2228 881 2257 numero
912 2216 1096 2256 fratres.
1130 2215 1180 2255 P.
1212 2214 1511 2263 Leonardus‚
1550 2219 1790 2263 tamquam

148 2289 431 2330 fortissimus
466 2288 623 2339 Atlas,
662 2288 788 2328 solus
820 2299 959 2328 curas
987 2287 1152 2327 domus
1182 2292 1225 2326 et
1256 2285 1416 2325 varios
1446 2285 1630 2324 labores
1665 2282 1786 2322 inde-

150 2361 271 2401 fesse
292 2360 505 2400 sustinet.
528 2359 648 2399 Nam
669 2358 865 2410 singulis
887 2358 1048 2398 diebus
1074 2357 1227 2405 multi,
1256 2363 1353 2396 tum
1386 2354 1655 2395 scholastici
1682 2353 1787 2393 bac-

152 2431 353 2471 caulerei
382 2430 492 2480 (sic)
523 2430 757 2481 magistri,
781 2436 879 2469 tum
908 2428 1136 2480 religiosi,
1170 2426 1469 2479 patriarchae
1503 2425 1753 2465 Vestalium
1775 2422 1789 2441 ²

151 2514 256 2543 eum
276 2502 593 2553 frequentant,
617 2512 817 2552 quorum
848 2500 926 2540 alii
956 2500 1150 2540 consilia
1182 2498 1388 2539 salubria
1417 2503 1600 2549 petunt,
1631 2495 1709 2535 alii
1730 2494 1791 2535 ad

152 2573 459 2614 confessionis
499 2572 704 2613 remedia
744 2571 1043 2623 confugiunt;
1084 2570 1343 2610 accersitur
1382 2568 1523 2608 etiam
1562 2578 1789 2606 nonnum-

151 2656 291 2696 quam
312 2644 372 2684 ad
393 2649 614 2695 aegrotos
635 2643 682 2683 in
712 2643 1003 2694 spiritualem
1033 2640 1265 2682 medicum
1297 2639 1362 2679 ad
1383 2638 1664 2679 medendum
1695 2637 1788 2677 ani-

151 2727 254 2756 mae
275 2715 463 2756 morbis.
486 2715 589 2767 Ipse
610 2720 765 2754 autem
785 2713 925 2754 Pater
946 2713 1035 2753 hac
1057 2723 1207 2752 messe
1229 2710 1419 2751 Domini
1438 2709 1592 2760 magis
1615 2707 1790 2760 gaudet

152 2798 293 2838 quam
323 2786 533 2837 agricola
564 2784 730 2837 opimis
751 2790 795 2824 et
815 2784 1042 2835 gravibus
1073 2783 1231 2823 aristis
1259 2781 1521 2832 segetibus3
1552 2778 1794 2832 paratissi-

212 2970 222 2990 ²
261 2969 349 2997 Tota
364 2969 592 3004 autographa.
610 2968 734 3003 duplici
751 2969 841 3002 folio,
858 2976 889 2995 n.
908 2968 968 2995 123.

209 3018 223 3036 ⁹2
261 3017 464 3045 Sacerdotes
480 3017 676 3045 monialium
692 3016 909 3044 monasteriis
925 3014 1101 3049 praefecti.
