2168 3437
321 259 391 296 490
834 257 1063 295 LITTERAE
1090 267 1449 301 QUADRIMESTRES

319 355 524 395 maxime
545 355 591 393 in
613 352 1053 404 circumjacentibus
1074 353 1233 405 pagis,
1256 353 1353 405 qui,
1378 353 1702 394 sacerdotibus
1733 354 1956 405 destituti,

321 426 380 466 ad
401 437 508 475 nos,
532 425 812 476 praesertim
840 425 887 464 in
913 423 1045 464 festis
1074 424 1378 475 solemnibus,
1409 430 1687 475 accurrunt,
1722 425 1958 466 humiliter

322 502 531 547 petentes
552 501 602 535 ut
622 496 771 535 nostri
793 507 847 535 eo
870 494 1179 546 contendant,
1205 495 1415 535 divinum
1437 496 1588 535 acturi
1618 495 1834 535 officium.
1867 496 1957 536 Ho-

321 578 423 606 rum
457 566 546 617 piis
580 571 719 618 atque
754 566 871 606 adeo
902 565 1038 617 justis
1073 566 1393 617 petitionibus,
1433 567 1521 606 etsi
1549 578 1644 606 non
1681 568 1871 607 omnino
1900 568 1959 607 ob

319 637 621 677 sacerdotum
641 637 910 689 penuriam,
933 643 1111 688 tamen,
1136 645 1185 678 ut
1205 638 1463 689 potuimus,
1485 638 1760 678 satisfacere
1783 638 1957 679 studui-

320 720 436 748 mus.
471 708 626 760 Atque
655 709 720 748 ita
740 707 795 748 R.
819 708 867 748 P.
902 707 1162 749 Gaudanus
1185 706 1211 759 ¹,
1235 720 1326 748 uno
1353 715 1566 749 nostrum
1595 709 1865 758 comitatus,
1899 710 1959 750 ad

320 780 497 831 aliquot
527 791 678 831 pagos
706 780 752 820 in
778 779 851 819 his
880 780 1106 819 natalitiis
1140 779 1338 831 profecti
1372 786 1501 830 sunt,
1539 780 1616 831 qui
1651 786 1750 820 tum
1785 780 1956 820 sacrifi-

320 851 470 891 cando
491 856 590 891 tum
614 851 940 891 concionando
958 851 1183 902 populum
1205 850 1526 891 aedificarunt.

398 921 534 962 Aliae
569 933 753 974 quoque
782 928 881 962 tum
914 922 1143 973 plurimae
1178 928 1278 962 tum
1312 921 1624 972 gravissimae
1658 934 1753 962 non
1787 922 1954 962 desunt

318 993 677 1045 occupationes,
711 993 879 1045 quibus
913 993 963 1033 P.
993 993 1144 1033 nostri
1171 993 1482 1033 distineantur
1508 999 1605 1033 tam
1632 993 1778 1044 ipsius
1812 993 1957 1044 Regis

319 1076 459 1116 quam
480 1063 615 1115 hujus
638 1065 789 1104 almae
809 1064 1144 1105 Universitatis
1173 1075 1331 1104 causa.
1369 1064 1485 1105 Cum
1513 1064 1637 1104 enim
1662 1064 1794 1104 fieret
1822 1075 1957 1116 quae-

319 1135 427 1175 dam
448 1134 585 1186 hujus
609 1135 945 1176 Universitatis
975 1135 1255 1175 instauratio
1286 1141 1426 1187 atque
1453 1135 1714 1176 studiorum
1748 1135 1960 1187 perutilis

318 1207 579 1259 renovatio,
604 1207 1020 1258 congregabantur
1041 1207 1216 1258 pariter
1236 1207 1284 1246 in
1306 1207 1428 1247 Aula
1458 1206 1632 1257 Regia,
1664 1213 1762 1247 tum
1790 1206 1957 1247 doctis-

318 1278 448 1328 simi,
472 1284 573 1318 tum
593 1278 853 1330 praecipui,
877 1277 1015 1330 hujus
1036 1277 1324 1318 Academiae
1352 1278 1444 1318 Viri
1476 1278 1565 1318 hac
1596 1278 1651 1318 de
1672 1290 1723 1318 re
1746 1278 1825 1318 diu
1847 1289 1956 1318 con-

317 1350 568 1400 sultantes3
603 1349 660 1390 de
692 1361 891 1401 quorum
922 1361 1117 1389 numero
1146 1349 1232 1389 fuit
1267 1348 1321 1389 R.
1352 1349 1402 1389 Ρ.
1435 1349 1672 1400 Canisius,
1713 1349 1791 1401 qui
1819 1349 1867 1389 in
1902 1360 1958 1389 eo

318 1421 509 1472 negotio
528 1422 604 1461 vel
627 1427 753 1461 totos
775 1432 915 1473 saepe
939 1420 1231 1472 expendebat
1253 1420 1353 1461 dies
1374 1419 1404 1458 ².

397 1493 503 1543 Ipsa
539 1504 721 1544 quoque
757 1492 905 1543 Regia
938 1491 1162 1543 Majestas
1197 1492 1244 1532 in
1269 1492 1497 1543 gravibus
1525 1492 1620 1531 suis
1649 1498 1789 1543 atque
1823 1492 1960 1532 seriis

317 1564 521 1615 negotiis
552 1576 692 1615 saepe
720 1570 764 1604 et
792 1564 989 1604 libenter
1019 1569 1287 1603 nostrorum
1318 1575 1463 1614 opera
1491 1569 1535 1603 et
1566 1563 1760 1603 consilio
1793 1563 1952 1603 utitur.

397 1636 540 1675 Hisce
561 1636 792 1675 accedunt
814 1636 1040 1676 lectiones
1060 1635 1297 1687 publicae,
1322 1646 1441 1687 quae
1462 1646 1555 1674 non
1575 1635 1816 1674 minimam
1847 1641 1954 1674 tem—

316 1706 443 1758 poris
465 1712 647 1758 partem
668 1706 756 1746 sibi
777 1707 1034 1747 vindicant.
1059 1705 1180 1746 Nam
1200 1712 1451 1758 postquam
1480 1705 1644 1746 Patres
1674 1706 1844 1756 nostri,
1880 1706 1955 1746 diu

317 1777 620 1818 reclamando
656 1778 903 1829 quominus
932 1778 979 1818 in
1006 1777 1238 1827 gremium
1267 1777 1602 1817 Universitatis
1637 1776 1954 1817 adscisceren-

316 1854 406 1899 tur,
442 1849 556 1889 nihil
586 1848 864 1900 effecerunt,
902 1848 991 1889 duo
1020 1848 1170 1900 Regia
1199 1849 1443 1888 voluntate
1475 1848 1718 1888 constituti
1745 1854 1852 1888 sunt
1882 1860 1951 1888 or-

317 1921 488 1961 dinarii
527 1933 772 1962 sacrarum
811 1921 1074 1961 litterarum
1108 1919 1422 1972 professores,
1460 1931 1627 1971 nempe
1662 1919 1756 1960 R.di
1790 1918 1953 1959 Patres

316 1992 534 2033 Canisius
560 1999 605 2033 et
635 1992 915 2043 Gaudanus,
954 2003 1152 2044 quorum
1173 1992 1248 2032 hic
1283 1991 1476 2032 secundi
1510 1991 1727 2041 Magistri
1762 1990 1954 2031 Senten-

315 2064 486 2105 tiarum
509 2064 830 2115 pomeridiano
851 2069 1084 2116 tempore,
1109 2064 1184 2103 ille
1205 2063 1462 2103 secundum
1479 2062 1770 2102 Matthaeum
1797 2062 1949 2102 Evan-

317 2136 427 2187 gelii
457 2136 893 2187 interpretationem
942 2147 1077 2175 mane
1123 2134 1319 2174 feliciter
1358 2134 1612 2174 inchoavit.
1657 2132 1863 2184 Rursus,
1908 2139 1958 2173 ut

318 2208 516 2259 publicis
537 2207 703 2247 studiis
723 2207 876 2258 magis
898 2208 1164 2247 consultum
1182 2206 1317 2255 foret,
1350 2206 1507 2245 visum
1534 2212 1604 2245 est
1624 2205 1743 2256 Regi
1765 2217 1825 2245 ex
1847 2204 1957 2245 duo-

317 2279 428 2330 bus,
471 2279 550 2330 qui
590 2278 801 2330 Collegio
842 2278 1162 2330 professorum
1201 2288 1421 2329 praeesse
1467 2278 1641 2327 solent,
1683 2276 1958 2316 doctoribus

317 2350 603 2401 theologiae,
627 2351 828 2390 alterum
850 2361 1089 2390 assumere
1111 2349 1374 2399 Canisium,
1398 2348 1641 2399 nimirum,
1668 2347 1727 2388 ad
1750 2346 1959 2398 ejusdem

320 2421 516 2473 Collegii
538 2422 835 2472 disciplinam
857 2420 1236 2471 instaurandam;
1262 2425 1306 2460 et
1326 2432 1384 2460 ne
1405 2420 1452 2459 in
1480 2431 1534 2459 eo
1565 2419 1752 2470 quidem
1779 2418 1957 2469 Regiae

317 2493 550 2533 voluntati
583 2493 732 2545 potuit
767 2492 984 2533 Canisius
1018 2503 1299 2543 repugnare.
1339 2490 1483 2542 Regis
1518 2491 1703 2530 animus
1734 2501 1875 2541 quam
1912 2489 1959 2529 in

319 2564 418 2604 dies
453 2575 567 2615 erga
595 2575 681 2604 nos
710 2564 862 2614 magis
893 2563 1123 2604 afficiatur
1152 2563 1228 2603 vel
1262 2563 1351 2603 hoc
1379 2574 1473 2602 non
1503 2562 1701 2602 obscure
1731 2561 1954 2611 declarat,

320 2635 443 2687 quod
472 2635 666 2676 Patrum
696 2642 741 2676 et
769 2635 969 2675 fratrum
999 2645 1243 2674 numerum
1270 2633 1416 2674 minui
1445 2645 1538 2673 non
1574 2633 1802 2683 patiatur3
1831 2630 1955 2672 unde

321 2719 426 2748 cum
446 2707 511 2747 illi
533 2707 842 2747 subolevisset
869 2705 1127 2758 principem
1148 2705 1397 2757 quemdam
1426 2704 1579 2744 moliri
1607 2710 1655 2743 ut
1687 2703 1868 2755 aliquos
1902 2715 1961 2743 ex

320 2778 530 2829 patribus
550 2777 658 2818 hinc
681 2778 772 2818 alio
795 2776 1069 2827 abduceret,
1095 2776 1253 2816 statim
1275 2776 1322 2816 id
1342 2788 1400 2816 ne
1427 2775 1558 2815 fieret
1588 2775 1787 2824 obstitit,
1822 2780 1961 2825 atque

321 2850 380 2889 ad
401 2856 531 2889 tuam
551 2849 696 2900 Pssem,
721 2854 770 2889 ut
791 2848 914 2889 nosti
936 2848 1123 2898 meliuS,
1146 2848 1307 2888 literas
1329 2847 1474 2897 misit,
1500 2846 1669 2898 quibus
1689 2852 1961 2885 nostrorum

378 3033 385 3051 ¹
428 3032 463 3060 P.
480 3033 641 3062 Nicolaus
656 3033 854 3061 Gaudanus.

377 3080 390 3098 2
430 3080 557 3108 Videas
569 3081 655 3109 haec
670 3081 703 3109 in
719 3081 878 3109 POLANCI.
897 3079 1075 3113 Chronico,
1089 3084 1112 3108 t.
1128 3087 1176 3115 111,
1192 3088 1223 3115 p.
1240 3079 1302 3114 250,
1318 3087 1349 3107 n.
1364 3079 1426 3107 561.
