2168 3437
356 226 426 264 670
872 224 1099 261 LITTERAE
1125 234 1484 267 QUADRIMESTRES

358 323 542 363 ieiuniis
562 328 712 371 taceo,
737 333 842 361 cum
864 326 909 361 et
940 321 1077 371 alios,
1108 320 1351 361 Ecclesiae
1377 323 1645 374 praeceptis
1676 322 1998 375 obtemperan—

358 402 441 444 tes,
464 404 547 445 per
568 392 867 433 insolentiam
887 392 1193 432 incesserent.
1217 391 1397 432 Verum
1418 392 1509 433 hac
1529 393 1595 433 illi
1615 393 1996 445 quadragesima,

356 472 406 505 ut
433 464 609 504 diversi
636 470 681 503 et
708 462 837 503 Patri
858 469 902 503 et
930 463 1064 503 nobis
1091 464 1369 514 retulerunt,
1398 476 1493 504 non
1521 465 1672 505 solum
1703 465 1761 505 ab
1789 477 1871 506 esu
1901 478 2000 506 car-

356 537 485 576 nium
512 535 594 576 sed
628 542 671 575 et
700 547 728 575 a
759 535 1009 575 lacticiniis
1030 535 1371 576 abstinuerunt.
1403 534 1581 576 Variae
1603 535 1846 587 haereses,
1881 549 2000 589 quae

356 608 401 647 in
429 608 676 659 plerosque
711 606 886 646 civium
920 606 1102 646 animos
1137 606 1449 658 irrepserant,
1479 607 1663 658 publice
1695 619 1748 648 ac
1778 608 1999 660 privatim

356 680 566 729 linguam
588 689 782 718 exerere
802 678 1097 729 inceperant;
1120 689 1287 718 verum
1307 678 1397 718 hoc
1417 690 1543 719 nunc
1564 679 1762 730 malum,
1785 679 1875 720 Dei
1895 691 2000 730 gra-

356 750 420 790 tia
442 750 742 801 adventuque
763 748 932 800 Patris,
957 755 1207 801 utcumque
1230 761 1497 801 repressum
1520 756 1589 790 est
1610 761 1727 802 eque
1748 752 2000 791 multorum

357 821 529 861 animis
549 820 758 861 funditus
779 821 922 860 etiam
943 821 1249 861 eradicatum.
1275 820 1406 861 Haec
1427 827 1559 862 tanta
1580 833 1686 862 cum
1709 821 1870 863 divino
1898 823 1998 862 sub-

357 893 476 933 sidio
497 891 685 944 adjutus
705 892 1013 944 praestiterit,
1042 892 1312 933 invidorum
1333 892 1469 943 dens,
1493 894 1572 945 qui
1590 899 1748 934 tamen
1770 894 1817 934 in
1838 895 1920 934 tali
1950 906 2000 934 re

356 965 483 1004 vires
504 975 615 1004 suas
635 963 840 1004 maxime
870 962 1111 1004 effundere
1137 964 1278 1015 solet,
1311 976 1545 1016 nusquam
1573 976 1623 1005 se
1654 965 1882 1016 prodidit,
1907 966 1999 1005 imo

356 1036 385 1075 ii
409 1035 518 1087 ipsi,
542 1035 619 1087 qui
648 1035 738 1075 hoc
766 1034 954 1075 nomine
979 1035 1192 1075 nonnihil
1218 1036 1424 1086 suspecti
1457 1042 1613 1087 erant,
1645 1037 1918 1088 suppliciter
1950 1049 1999 1077 se

356 1107 676 1157 demittentes,
701 1118 725 1146 e
745 1106 1054 1146 concionibus
1071 1113 1237 1146 notatu
1258 1107 1477 1158 digniora
1499 1107 1716 1159 excipere
1731 1108 1904 1148 frustra
1923 1120 1996 1160 po-

356 1179 605 1218 stularunt.

435 1249 541 1302 Jam
562 1250 692 1301 quid,
715 1262 801 1302 pro
822 1257 920 1291 tam
940 1251 1116 1301 insigni
1143 1251 1383 1302 beneficio,
1416 1251 1629 1292 beneficii
1660 1252 1846 1292 auditor
1878 1260 1995 1293 retu-

355 1321 459 1362 lerit
484 1320 518 1372 ¹,
548 1327 598 1361 ut
619 1328 828 1372 caetera,
852 1323 1084 1374 patienter
1103 1322 1302 1374 suscipe.
1326 1323 1558 1374 Imprimis
1579 1323 1776 1374 singuli,
1801 1335 1999 1375 quorum

355 1393 613 1433 auctoritas
634 1393 681 1434 in
702 1394 791 1434 hac
811 1394 1051 1446 republica
1075 1394 1328 1445 plurimum
1350 1395 1496 1445 valet,
1530 1406 1632 1435 sese
1662 1394 1793 1435 Patri
1825 1396 1996 1435 obtule-

354 1471 462 1505 runt
488 1465 549 1505 ad
575 1465 733 1505 omnia
760 1465 983 1516 petitione
1011 1466 1153 1517 digna
1184 1465 1527 1517 paratissimos.
1562 1465 1759 1518 Quoque
1791 1466 1997 1507 animum

354 1547 490 1576 suum
523 1536 571 1576 in
597 1535 787 1577 Patrem
813 1542 859 1576 et
887 1536 1149 1587 Collegium
1175 1543 1323 1577 totum
1351 1537 1515 1577 melius
1549 1538 1868 1589 declararent,
1902 1540 1997 1590 qui-

355 1608 462 1648 dam
484 1619 661 1659 eorum,
680 1608 741 1648 ad
762 1609 852 1649 hoc
871 1620 1040 1649 munus
1061 1621 1089 1649 a
1110 1608 1223 1649 R.m0
1244 1609 1388 1650 Car.¹e
1411 1609 1440 1659 ²,
1465 1608 1720 1660 Interrege,
1745 1609 1993 1661 designati,

355 1691 578 1731 magnam
599 1691 831 1720 summam
851 1680 1174 1732 pecuniariam
1195 1681 1585 1721 eleemosinarum
1606 1693 1690 1732 pro
1708 1682 1995 1722 exstruenda

354 1750 551 1802 Collegii
571 1750 711 1791 domo
734 1752 1041 1802 collegerunt.
1071 1751 1214 1803 Huic,
1238 1764 1330 1804 quo
1353 1752 1645 1792 commodius
1676 1752 1990 1802 aedificemus,

355 1828 520 1873 quater
541 1822 667 1862 mille
692 1834 836 1874 supra
858 1823 1141 1874 quingentos
1161 1823 1441 1863 ducatorum
1466 1823 1723 1863 liberalitas
1744 1824 1994 1875 Imperato-

355 1893 420 1933 ris
437 1892 466 1944 ³,
487 1905 514 1933 a
535 1905 625 1945 quo
647 1900 692 1934 et
713 1894 832 1934 alios
854 1901 1103 1934 sexcentos
1125 1895 1269 1935 annui
1290 1895 1501 1935 redditus
1523 1895 1822 1945 obtinuimus,
1842 1907 1996 1935 acces-

354 1971 528 2006 serunt.
553 1964 834 2006 Benedictus
856 1965 999 2016 Deus,
1024 1967 1118 2017 qui,
1141 1978 1231 2018 quo
1253 1967 1406 2006 minus
1427 1974 1658 2018 speratur,
1683 1978 1737 2007 eo
1758 1966 1997 2007 liberalius

353 2037 510 2077 omnia
541 2037 692 2077 servis
729 2037 825 2077 suis
858 2038 1143 2089 suppeditat.
1180 2037 1286 2078 Dici
1317 2050 1411 2078 non
1439 2044 1592 2090 potest
1624 2049 1766 2090 quam
1798 2043 1996 2090 paterno

354 2108 523 2149 affectu
545 2109 768 2149 universa
790 2108 959 2149 civitas
981 2115 1024 2149 et
1046 2109 1298 2160 praecipue
1320 2109 1463 2149 vicini
1485 2109 1632 2149 nostri
1653 2120 1768 2160 erga
1785 2120 1870 2149 nos
1892 2109 1996 2149 affe-

355 2180 417 2219 cti
437 2180 552 2230 sint;
576 2180 657 2220 sed
679 2180 788 2231 quia
810 2180 927 2220 haec
951 2180 1067 2220 alias
1089 2180 1345 2231 attigimus,
1367 2179 1464 2232 jam
1485 2186 1859 2230 praetereantur.

435 2251 683 2303 Reliquum
712 2258 781 2291 est
809 2251 1148 2292 submisissime
1176 2232 1464 2292 obtestemur
1493 2259 1541 2291 ut
1570 2251 1790 2303 quicquid
1820 2251 1997 2291 factum

355 2330 435 2364 aut
456 2323 776 2363 intermissum
799 2329 883 2373 est,
906 2323 1017 2362 boni
1038 2324 1271 2363 consulas.
1296 2322 1490 2363 Fratres
1507 2334 1669 2363 omnes
1691 2330 1735 2363 et
1757 2333 1845 2374 ego
1866 2334 1996 2374 prae-

354 2395 504 2447 cipue,
524 2400 574 2434 ut
595 2394 673 2446 qui
695 2394 895 2434 caeteris
911 2395 1014 2445 plus
1032 2405 1164 2445 egeo,
1183 2406 1286 2434 sese
1303 2394 1349 2434 in
1370 2394 1534 2446 primis
1549 2393 1673 2434 Rdae
1695 2393 1796 2433 Pstis
1818 2393 1924 2434 V.ae
1942 2406 1996 2434 ac

354 2460 520 2500 deinde
541 2460 740 2500 aliorum
763 2459 983 2510 omnium,
1007 2460 1086 2511 qui
1107 2460 1312 2500 audituri
1334 2466 1413 2500 aut
1434 2460 1599 2499 lecturi
1622 2465 1744 2510 sunt,
1771 2459 1987 2499 orationi-

353 2532 440 2572 bus
461 2543 602 2583 quam
618 2537 815 2582 possunt
832 2531 1036 2571 maxime
1057 2531 1403 2571 commendant.

433 2603 507 2643 Ex
528 2602 744 2654 Neapoli,
768 2602 918 2654 pridie
939 2614 1090 2642 nonas
1111 2602 1222 2642 Maii
1244 2602 1304 2642 M.
1329 2601 1386 2642 D.
1412 2601 1549 2642 LIIII.

434 2673 657 2714 Minimus
679 2674 887 2714 omnium
908 2680 1116 2722 tuorum,

1398 2815 1436 2854 T
1439 2827 1484 2855 H.
1517 2813 1779 2854 PELTANUS.

411 2953 417 2971 ¹
459 2953 568 2987 Magis
582 2954 770 2987 perspicue:
784 2953 868 2988 Jam
884 2954 969 2987 quid
982 2953 1232 2988 beneficii,pr0
1247 2954 1346 2979 tanto
1362 2951 1539 2986 beneficio,
1551 2951 1735 2977 auditores
1751 2950 1993 2984 rependerim.

408 3002 421 3019 2¹
460 3000 581 3027 Petrus
597 3000 769 3034 Pacheco,
787 3001 1034 3036 Neapolitanus
1050 3000 1205 3027 Pro-rex.

408 3050 422 3066 ³·
461 3048 604 3074 Carolus
624 3048 661 3074 V.
