2168 3437
343 265 415 302 328
853 265 1080 303 LlTTERAE
1109 276 1468 306 QUADRIMESTRES

1016 718 1307 772 CCXXIX

413 944 458 981 P.
482 944 706 983 Oliverius
725 946 964 984 Manareus

463 1010 583 1048 Patri
601 1011 772 1059 Ignatio
793 1012 844 1050 de
865 1012 1051 1060 Loyola.

506 1076 722 1124 Eugubio,
742 1078 786 1115 31
807 1078 912 1125 Maji
933 1079 1025 1117 1553
1048 1080 1072 1115 ¹.

1102 1341 1198 1382 IHS

423 1569 536 1611 Gra.
561 1577 605 1611 et
633 1583 727 1623 pax
754 1572 847 1612 dni.
876 1572 964 1612 nri.
995 1572 1107 1624 Jesu
1142 1573 1215 1614 X.i
1244 1574 1447 1614 abundet
1477 1585 1659 1626 semper
1686 1574 1734 1614 in
1760 1573 1979 1614 cordibus

342 1642 455 1682 nris.
479 1642 647 1683 Amen.

416 1713 517 1753 Etsi
538 1713 593 1753 de
616 1720 696 1754 tua
717 1725 799 1765 spe
820 1727 913 1754 non
935 1715 1220 1763 dubitarem,
1244 1716 1297 1756 R.
1323 1716 1371 1756 Ρ.
1392 1748 1399 1767 ,
1433 1723 1477 1756 te
1505 1722 1663 1756 tamen
1693 1716 1861 1756 maiori
1887 1716 1976 1755 lae—

336 1789 485 1824 tatum
516 1785 572 1824 iri
602 1785 895 1837 desiderans,
926 1787 1011 1826 sub
1046 1786 1185 1827 finem
1216 1788 1480 1828 litterarum
1508 1788 1763 1839 superioris
1795 1786 1978 1839 quadri-

337 1856 542 1906 mestris‚
580 1857 782 1897 maiores
821 1858 868 1897 in
902 1857 983 1898 X.0
1019 1857 1199 1898 fructus
1234 1870 1455 1910 sequens,
1499 1859 1589 1899 hoc
1624 1865 1714 1910 est,
1755 1870 1979 1910 praesens

336 1927 680 1979 quadrimestre
720 1929 971 1969 allaturum
1005 1930 1275 1981 pollicebar.
1320 1930 1425 1970 Hoc
1459 1936 1615 1970 autem
1649 1930 1980 1982 quadrimestri

336 1999 521 2038 tenuior
555 2010 712 2039 rerum
747 1998 980 2039 factarum
1014 2001 1224 2052 supellex
1260 2000 1398 2041 efficit
1424 2006 1473 2041 ut
1500 2013 1573 2041 me
1602 2001 1795 2052 polliciti
1825 2000 1978 2052 poeni·
2020 2015 2023 2017 ’

335 2076 454 2121 teat,
480 2082 586 2110 cum
607 2071 811 2110 maxime
832 2071 947 2111 nihil
969 2072 1015 2111 in
1039 2079 1258 2124 promptu
1279 2073 1352 2123 sit,
1378 2072 1502 2124 quod
1523 2073 1582 2112 ad
1602 2078 1813 2112 nostram
1843 2083 1978 2112 excu—

337 2143 568 2182 sationem
607 2143 968 2182 accommodare
1006 2144 1215 2194 valeam,
1257 2155 1398 2195 quam
1445 2155 1594 2183 nram.
1642 2143 1977 2192 infirmitatem,

335 2224 430 2264 qua
451 2213 533 2252 tibi
555 2213 699 2264 probe
725 2220 996 2264 perspecta,
1031 2215 1340 2265 quadrantem
1369 2226 1395 2254 a
1425 2215 1560 2254 nobis
1592 2215 1799 2254 oblatum
1827 2213 1981 2254 aureis

337 2284 537 2324 aliorum
559 2283 758 2324 divitum
779 2284 980 2324 nummis
1001 2290 1046 2325 te
1067 2297 1161 2325 non
1183 2285 1560 2336 posthabiturum
1578 2284 1762 2325 confido
1782 2284 1809 2325 ⁶².

418 2355 478 2395 Ut
513 2355 656 2405 igitur
683 2366 768 2406 pro
796 2366 926 2395 more
955 2355 1238 2396 scholastica
1275 2356 1626 2408 domesticaque
1661 2356 1979 2408 spiritualibus

336 2427 717 2477 praemittamus,
742 2438 904 2467 omnes
923 2426 1094 2467 fratres
1117 2428 1286 2478 nostri,
1311 2426 1400 2467 Dei
1427 2427 1667 2477 beneficio,
1701 2439 1794 2467 non
1826 2427 1979 2467 minus

338 2497 385 2537 in
420 2497 619 2537 virtutes
646 2509 787 2549 quam
813 2497 973 2537 literas
1001 2497 1295 2548 incumbunt,
1331 2498 1535 2550 quotidie
1566 2498 1758 2538 maioris
1791 2498 1981 2538 virtutis

341 2568 597 2619 specimen,
623 2568 725 2608 aliis
748 2568 805 2608 de
826 2580 875 2608 se
903 2569 1195 2620 praebentes.
1221 2569 1271 2609 In
1293 2569 1465 2609 scholis
1496 2569 1707 2609 similiter
1738 2581 1875 2620 quem
1908 2581 1978 2608 su-

338 2639 513 2689 periori
533 2638 863 2690 quadrimestri
884 2651 1131 2680 servamus
1152 2639 1437 2691 procedendi
1458 2640 1664 2690 modum,
1691 2640 1980 2680 iuventutem

396 2800 406 2819 1
447 2799 714 2834 Autographae,
737 2803 830 2827 totae
852 2807 953 2827 manu
976 2799 1090 2827 Patris
1113 2800 1252 2827 Oliverii
1276 2800 1439 2834 Manarei,
1465 2799 1590 2834 duplici
1614 2800 1645 2827 in
1670 2799 1759 2833 folio,
1782 2807 1812 2827 n.
1831 2799 1963 2826 38.—Ea

339 2847 537 2874 emendavit
554 2847 732 2880 Polancus,
746 2851 779 2874 et
795 2848 917 2874 harum
932 2848 980 2874 sic
995 2848 1255 2875 emendatarum
1270 2852 1366 2875 extat
1379 2848 1614 2882 apographum
1630 2847 1662 2874 in
1677 2847 1794 2874 eodem
1810 2847 1980 2874 volumine

340 2894 401 2921 sub
416 2901 447 2920 n.
463 2894 686 2921 ⁴29.—Polanci
703 2895 956 2921 emendationes
969 2895 1011 2921 ad
1026 2895 1173 2929 paginae
1190 2896 1318 2922 calcem
1331 2895 1558 2929 subjiciemus.

395 2941 408 2960 2
446 2940 569 2967 Totum
585 2941 648 2967 hoc
663 2948 683 2968 a
698 2941 814 2968 verbis
829 2940 911 2968 Etsi
924 2941 967 2968 de
983 2943 1044 2967 tua
1059 2945 1122 2975 spe
1137 2941 1344 2968 cancellavit
1368 2941 1536 2968 Polaneus
1554 2941 1668 2975 eisque
1687 2940 1861 2967 substituit
1883 2940 1979 2967 haec:

341 2987 515 3021 *Quamvis
531 2989 566 3014 in
582 2988 643 3015 hoc
660 2989 920 3022 quadrz'mestrz'
933 2989 1050 3015 tenuis
1067 2989 1166 3015 nobis
1181 2996 1301 3015 rerum
1319 2989 1483 3024 facultas
1503 2989 1691 3023 suppetat,
1707 2988 1944 3021 quadrantem
1960 2995 1980 3014 a

343 3037 464 3062 nostra
477 3037 695 3069 paupertate
710 3036 880 3068 oblatum,
893 3036 1001 3062 etiam
1018 3037 1113 3063 inter
1125 3043 1252 3063 aureos
1274 3037 1428 3063 divitum
1453 3043 1617 3063 nummos
1641 3043 1660 3062 a
1680 3037 1742 3062 tua
1760 3035 1982 3068 benignitate

338 3084 494 3117 paterna
513 3090 579 3109 non
597 3083 893 3110 contemnendum
910 3087 1110 3118 speramus.
