2168 3437
872 238 951 274 ΑΝ.
982 237 1074 275 1553
1724 238 1738 273 l
1755 236 1794 272 19

153 334 241 374 ctis
277 339 409 374 tanta
443 334 501 373 ab
538 334 835 374 oblocutione
870 334 1031 383 labris,
1061 333 1226 373 eodem
1252 333 1360 373 huic
1396 333 1557 373 morbo
1594 333 1789 372 medica-

154 404 277 444 mine
310 405 540 445 maturius
569 405 820 445 subvenire
843 406 1197 455 consuluerunt;
1230 410 1370 456 atque
1403 404 1467 444 ita
1496 404 1789 444 elaboratum

154 483 223 516 cst
264 481 313 516 ut
348 486 441 515 non
478 475 634 515 solum
674 477 804 527 apud
837 487 925 516 nos
958 476 1041 515 sed
1069 475 1209 515 etiam
1246 476 1291 515 in
1327 476 1429 526 ipso
1461 475 1666 515 civitatis
1702 487 1794 517 me-

154 547 334 587 ditullio
369 553 413 586 et
448 547 709 587 cathedrali
735 548 908 599 templo
935 546 993 586 D.
1026 546 1165 586 Petro
1205 558 1362 596 sacro,
1399 546 1476 586 ubi
1513 546 1794 598 quandoque

154 618 334 668 publice
372 617 481 658 huic
530 618 907 658 communicandi
949 617 1273 657 consuetudini
1317 618 1662 665 contradicere,
1701 618 1795 657 imo

152 689 380 729 famelicis
401 695 617 730 sanctum
637 701 813 741 negare
835 689 990 729 cibum
1017 689 1252 738 solebant,
1284 689 1377 729 iam
1405 689 1618 729 omnibus
1650 690 1792 729 domi-

153 760 270 800 nicis
296 759 569 812 festivisque
597 761 760 801 diebus
779 759 965 811 publice
994 759 1040 799 in
1072 760 1210 799 altari
1239 760 1420 799 cunctis
1451 760 1797 799 communicare

151 830 444 882 cupientibus
478 838 673 883 paratus
703 830 973 882 exponitur,
1007 830 1222 881 apposito
1255 830 1518 880 sacerdote,
1556 831 1633 881 qui
1665 837 1794 870 certo

151 901 382 953 stipendio
405 902 683 953 conductus,
709 915 735 942 a
756 902 907 953 prima
928 902 1030 941 luce
1052 912 1198 952 usque
1228 901 1276 940 in
1302 901 1544 941 meridiem
1567 902 1790 941 acceden-

153 972 276 1012 tibus
298 972 479 1024 Corpus
500 972 690 1013 Domini
712 973 1126 1013 administraturus
1152 971 1372 1012 continuo
1401 972 1596 1022 assistit3
1621 984 1679 1011 ex
1704 984 1795 1023 quo

151 1049 375 1095 quantum
395 1043 576 1084 fructus
597 1044 643 1083 in
664 1044 866 1084 Domino
893 1055 1158 1095 speramUS,
1193 1050 1349 1083 mente
1379 1042 1563 1082 facilius
1594 1043 1797 1093 cogitari

153 1126 292 1166 quam
313 1115 472 1155 verbis
494 1115 693 1166 exprimi
721 1121 897 1166 potest,
928 1115 1015 1154 hoc
1045 1126 1246 1166 namque
1274 1113 1411 1154 unico
1441 1115 1653 1164 exemplo
1681 1116 1792 1154 mul-

154 1193 308 1225 torum
348 1185 772 1225 contradicentium
814 1198 897 1226 ora
939 1185 1237 1235 obturantur,
1274 1184 1626 1236 multorumque
1655 1185 1792 1236 pusil-

157 1257 380 1297 lanimum
403 1256 546 1297 corda
568 1256 928 1307 confirmantur,
960 1256 1082 1308 apud
1112 1268 1253 1307 quos,
1276 1268 1387 1296 mox
1407 1256 1486 1296 ubi
1514 1256 1796 1296 detractoris

155 1328 334 1379 lingua,
359 1333 521 1368 nostra
549 1327 605 1368 de
631 1328 874 1379 frequente
897 1328 1226 1368 communione
1254 1328 1467 1368 instituta
1493 1327 1789 1374 damnantur,

155 1399 203 1438 in
224 1399 373 1439 saliva
395 1405 528 1439 natat
548 1399 814 1450 responsio:
847 1399 958 1439 “hoc
984 1399 1138 1451 ipsum
1165 1399 1211 1438 in
1240 1399 1354 1439 aede
1381 1398 1427 1439 S.
1457 1398 1581 1438 Petri
1610 1410 1794 1449 quoque

155 1470 254 1510 lieri
275 1470 322 1510 in
342 1482 434 1522 qua
454 1470 682 1522 primatus
704 1476 890 1522 sceptra
913 1476 1062 1520 tenet„
1082 1482 1090 1521 3
1114 1470 1180 1510 sic
1202 1470 1340 1510 nullis
1362 1470 1561 1521 amplius
1583 1470 1796 1509 intricari

154 1547 350 1592 possunt
390 1541 699 1593 opinionibus.
736 1541 838 1581 Hoc
874 1553 987 1581 Vero
1022 1553 1115 1581 non
1150 1547 1246 1581 tam
1281 1552 1456 1581 novum
1490 1552 1631 1592 quam
1665 1540 1794 1592 pium

149 1612 432 1663 institutum,
469 1619 651 1652 tantum
686 1613 745 1652 ad
779 1612 824 1653 S.
863 1608 1052 1652 Petrum
1089 1619 1313 1664 quantum
1340 1612 1465 1663 apud
1499 1623 1607 1661 nos,
1646 1623 1794 1662 aeque

148 1694 379 1734 pauperes
414 1691 458 1723 et
495 1683 664 1723 divites
691 1695 971 1735 promovere
999 1687 1043 1723 et
1069 1683 1387 1734 magnificare
1420 1683 1627 1732 student;
1662 1682 1708 1722 hi
1735 1694 1793 1722 ex

149 1765 287 1805 auro,
312 1760 509 1805 argento
532 1755 842 1806 pretiosisque
863 1754 1092 1805 vestibus,
1117 1755 1284 1806 quibus
1313 1754 1501 1806 superbi
1523 1765 1694 1805 corpus
1714 1766 1792 1805 po-

148 1825 232 1864 lire
263 1826 435 1876 solent,
465 1824 771 1866 Sanctissimo
799 1825 1106 1866 Sacramento
1134 1826 1371 1866 velamina
1406 1831 1450 1865 et
1485 1826 1789 1865 tabernacula

149 1902 425 1945 contexunt3
451 1897 516 1937 illi
536 1909 650 1937 vero
671 1898 747 1936 vel
768 1897 946 1937 maiore
967 1897 1262 1937 solicitudine
1284 1897 1600 1946 emendicant,
1625 1896 1792 1948 quibus

150 1979 328 2018 cereos,
352 1968 620 2019 luminaria,
644 1968 828 2020 aliaque
849 1968 896 2008 in
917 1968 1062 2008 divini
1091 1969 1243 2008 cultus
1270 1968 1544 2020 obsequium
1574 1979 1787 2007 necessa-

150 2038 219 2078 ria
264 2046 564 2090 comparent,
609 2040 702 2079 imo
745 2047 795 2080 ut
837 2039 927 2080 hoc
960 2039 1073 2091 ipsis
1115 2039 1401 2079 concedatur
1443 2039 1599 2079 multis
1637 2039 1792 2078 adlmc

148 2110 366 2161 precibus
386 2110 444 2150 ab
467 2111 731 2150 animarum
752 2122 945 2150 suarum
974 2111 1168 2151 medicis
1196 2116 1408 2151 exorant.
1437 2110 1519 2150 Est
1546 2110 1622 2150 hic
1650 2122 1787 2162 quae-

147 2180 257 2221 dam
277 2180 474 2240 familia,
499 2182 696 2222 maritus
718 2182 848 2222 senio
871 2182 1132 2232 confectus,
1165 2181 1359 2233 probus,
1383 2193 1501 2222 uxor
1532 2182 1646 2221 satis
1668 2182 1790 2221 debi-

150 2252 226 2300 lis;
250 2252 327 2292 hic
347 2252 421 2292 vir
442 2252 488 2292 in
515 2253 641 2292 Virili
666 2265 751 2293 sua
780 2258 933 2293 aetate
961 2253 1201 2293 immensis
1228 2252 1466 2293 laboribus
1496 2252 1674 2293 viribus
1697 2253 1791 2292 iam

149 2323 419 2372 destitutus,
444 2323 571 2364 domi
599 2324 752 2364 nendo
780 2335 886 2378 cum
916 2335 1063 2364 uxore
1089 2330 1270 2364 tantum
1299 2324 1524 2373 corrasit,
1555 2335 1646 2375 quo
1674 2323 1791 2363 duos

147 2394 351 2434 florenos
374 2406 554 2434 annuos
576 2395 706 2435 emit:
729 2395 817 2434 hos
835 2406 942 2435 cum
958 2394 1232 2436 Venerabili
1249 2394 1554 2435 Sacramento
1572 2393 1791 2434 dedicare

148 2465 418 2516 statuerint,
442 2476 562 2505 uxor
590 2464 779 2505 Patrem
800 2465 856 2505 de
878 2466 969 2505 hoc
991 2465 1245 2516 consuluit,
1270 2466 1350 2517 qui
1369 2477 1451 2505 eos
1472 2465 1532 2505 ad
1551 2471 1791 2516 pastorem

146 2542 376 2587 nostrum,
401 2536 477 2576 cui
496 2536 647 2576 maior
667 2535 873 2576 familiae
895 2542 996 2576 erat
1018 2537 1200 2587 notitia,
1226 2536 1426 2587 remisit;
1449 2543 1494 2575 et
1515 2547 1620 2575 cum
1640 2536 1787 2575 nulla-

146 2613 282 2650 tenus
310 2607 507 2647 maritus
536 2618 562 2646 a
589 2618 675 2646 suo
701 2613 860 2658 posset
896 2607 1037 2647 avelli
1063 2607 1326 2659 proposito,
1356 2607 1558 2658 quinque
1593 2611 1672 2647 aut
1705 2618 1791 2647 sex

145 2677 347 2717 florenos
366 2689 451 2729 pro
479 2677 727 2717 devotione
748 2678 891 2718 semel
917 2678 1169 2729 largiretur
1196 2676 1532 2729 permittentes,
1557 2688 1791 2717 summam

145 2748 296 2799 ipsam
315 2760 400 2799 pro
421 2748 578 2788 liberis
601 2748 857 2789 educandis
878 2749 1115 2789 reservari
1131 2750 1396 2788 voluerunt.
1426 2747 1668 2798 Quaedam
1696 2749 1788 2789 alia

145 2818 288 2859 vidua
304 2818 507 2870 Patrem,
532 2819 607 2859 cui
624 2819 885 2870 confitetur,
905 2820 1060 2860 oravit
1082 2820 1169 2860 sibi
1190 2819 1475 2860 consentiret
1491 2825 1541 2859 ut
1555 2819 1713 2859 velum
1729 2832 1790 2859 ex

145 2901 263 2941 puro
302 2902 417 2930 auro
451 2896 722 2931 contextum
757 2901 911 2931 emere
940 2896 1123 2942 posset,
1155 2889 1533 2941 suspendendum
1567 2889 1615 2930 in
1650 2890 1791 2930 altari

146 2972 289 3012 supra
306 2960 589 3001 Venerabile
605 2960 983 3010 Sacramentum,
1003 2961 1190 3012 quando
1208 2960 1471 3012 exponitur3
1495 2961 1644 3001 simile
1665 2961 1790 3001 enim

145 3031 191 3070 in
223 3032 395 3083 templo
423 3030 468 3072 S.
497 3031 623 3072 Petri
649 3032 865 3082 habetur,
897 3044 923 3071 a
954 3032 1120 3083 quibus
1155 3031 1369 3082 superari
1404 3032 1586 3083 nolunt;
1623 3038 1789 3072 sancta
