2168 3437
357 292 429 330 508
872 290 1100 327 LlTTERAE
1126 301 1483 333 QUADRIMESTRES

360 388 516 428 animo
543 386 698 437 posuit
726 385 927 436 efficere,
963 385 1119 425 diuino
1149 386 1297 427 fretus
1328 387 1522 439 auxilio,
1554 393 1603 428 ut
1635 389 1831 439 singulis
1861 390 2000 429 annis

358 464 523 510 quater
544 456 871 496 Eucharistiae
893 455 1256 497 Sacramentum
1277 463 1532 509 sumerent,
1559 470 1699 510 quam
1720 459 1778 499 ob
1800 470 1992 500 causam

358 539 613 579 aggressus
634 527 862 578 imprimis
883 533 954 567 est
976 539 1102 578 eum,
1133 528 1211 580 qui
1239 528 1296 568 ab
1324 529 1439 579 ipsis
1466 529 1684 581 prouisor
1712 531 1991 581 appellatur,

358 600 417 639 ad
439 611 577 650 quem
605 610 785 638 summa
814 599 957 638 totius
987 599 1056 639 rei
1087 611 1202 639 cura
1226 601 1444 651 pertinet.
1475 600 1657 640 Deinde
1685 601 1890 652 reliquos
1920 602 1996 641 vel

359 671 570 721 singulos
606 670 859 720 allocutUS,
893 670 1121 722 paulatim
1148 682 1228 710 eos
1257 671 1316 711 ad
1342 671 1389 711 id
1423 672 1620 712 libenter
1647 672 1995 723 suscipiendum

355 741 593 792 perduxit;
620 746 759 792 atque
781 741 875 780 iam
896 752 1072 792 magna
1093 753 1204 793 pars
1226 753 1389 782 eorum
1409 743 1497 782 hoc
1529 742 1701 782 festum
1729 742 1993 783 dominicae

353 811 395 852 N
399 812 628 852 ativitatis
650 818 780 852 tanto
803 823 995 852 suarum
1017 813 1281 853 animarum
1300 813 1421 854 bono
1439 813 1810 854 celebrauerunt.
1835 814 1994 854 Domi·

354 895 442 924 nus
462 883 662 934 benigne
684 883 913 934 largiatur
932 890 983 923 ut
1003 884 1050 923 in
1070 884 1282 924 felicibus
1303 885 1534 936 incoeptis
1560 891 1883 936 permaneant.

435 954 570 1005 Quod
591 955 651 995 ad
673 955 861 995 scholas
877 955 1101 1006 pertinet,
1126 956 1391 1006 cognitum,
1412 956 1572 1007 credo,
1593 956 1808 1008 habebis,
1837 968 1993 1009 quem-

354 1025 605 1066 admodum
633 1026 706 1065 die
733 1025 894 1066 Sancti
918 1026 1172 1077 Augustini
1199 1025 1208 1045 ¹
1236 1033 1479 1067 transacto
1507 1027 1667 1068 habita
1683 1027 1823 1068 fuerit
1840 1029 1994 1069 oratio

352 1110 379 1137 a
401 1097 605 1149 quodam
626 1096 792 1148 fratre,
816 1097 893 1137 cui
912 1097 1050 1137 Petro
1072 1097 1355 1149 Perpiniano
1377 1104 1447 1139 est
1469 1110 1662 1149 nomen,
1688 1100 1766 1151 qui
1794 1099 1991 1140 rhetori-

353 1180 458 1209 cam
489 1168 758 1220 profitetur,
794 1168 1123 1220 praesentibus
1158 1180 1252 1209 non
1287 1170 1440 1209 solum
1480 1169 1773 1210 scholaribus
1809 1176 1854 1210 et
1887 1171 1994 1211 aliis

353 1251 494 1291 quam
523 1240 756 1291 plurimis,
790 1240 872 1280 sed
899 1240 1041 1280 etiam
1071 1239 1321 1280 Cardinale
1355 1240 1368 1258 ²
1404 1252 1511 1280 cum
1544 1241 1751 1282 maximo
1786 1242 1993 1282 omnium

355 1312 598 1363 applausu.
624 1309 847 1362 Sequenti
874 1311 947 1351 die
975 1311 1227 1351 authorum
1253 1312 1580 1352 enarrationes
1608 1320 1917 1364 caeteraeque
1946 1313 1992 1353 in

349 1382 497 1422 literis
519 1382 882 1422 exercitationes
905 1388 1099 1433 coeptae
1120 1388 1243 1423 sunt.
1267 1382 1459 1423 Placent
1480 1390 1828 1435 praeceptores,
1852 1390 1994 1436 atque

350 1454 397 1493 in
433 1453 533 1494 dies
573 1453 962 1493 scholasticorum
1000 1464 1223 1494 numerus
1263 1454 1496 1505 augescit:
1533 1455 1580 1494 in
1613 1455 1990 1506 praesentiarum

348 1523 427 1564 280
446 1536 693 1564 numerum
714 1530 1020 1575 exsuperant,
1045 1524 1112 1564 sic
1134 1530 1291 1565 autem
1316 1526 1544 1565 accrescit
1567 1537 1729 1566 eorum
1751 1538 1989 1577 numerus,

350 1600 525 1646 quanto
548 1596 701 1647 magis
722 1603 936 1635 nostrum
958 1596 1221 1636 institutum
1241 1602 1285 1636 et
1306 1596 1548 1637 doctrinae
1570 1597 1736 1637 modus
1757 1598 1898 1638 latius
1922 1598 1985 1637 in-

351 1667 576 1717 notescit,
600 1672 649 1706 ut
670 1665 888 1706 Patribus
911 1666 1098 1718 Magist.
1123 1667 1412 1719 Hieronymo
1435 1667 1591 1708 Natali
1613 1674 1656 1708 et
1678 1667 1866 1720 Magist.
1891 1669 1990 1720 My-

350 1738 457 1778 roni
486 1738 640 1778 visum
667 1737 807 1778 fuerit
835 1744 932 1778 tres
961 1739 1157 1789 classes,
1191 1750 1309 1789 quae
1340 1739 1568 1779 hactenus
1598 1740 1989 1780 scholasticorum

349 1815 504 1858 erant,
528 1815 715 1860 praeter
738 1821 862 1859 eam,
886 1809 933 1849 in
954 1821 1046 1861 qua
1078 1809 1133 1849 de
1164 1810 1351 1850 casibus
1386 1810 1704 1851 conscientiae
1739 1811 1983 1862 agebatur,

348 1892 442 1920 non
477 1881 592 1920 satis
627 1891 749 1931 esse;
782 1881 1086 1931 quamobrem
1108 1887 1325 1932 quartam
1348 1881 1520 1922 addere
1542 1881 1873 1933 decreuerunt,
1899 1889 1987 1923 est—

346 1963 434 2003 que
455 1957 736 2003 praeceptor
757 1951 816 1991 ad
837 1951 884 1992 id
906 1963 1074 1992 munus
1096 1953 1387 1993 subeundum
1407 1953 1680 1993 accersitus.

425 2022 499 2063 Fit
521 2029 619 2063 tum
639 2023 686 2062 in
706 2023 855 2063 literis
876 2029 975 2063 tum
995 2023 1043 2062 in
1063 2023 1155 2074 his,
1180 2035 1299 2075 quae
1322 2024 1381 2064 ad
1402 2024 1609 2064 animam
1625 2030 1861 2076 spectant,
1881 2036 1982 2076 pro-

347 2094 496 2134 fectus
516 2106 610 2134 non
631 2094 898 2134 mediocris.
929 2094 1005 2134 Ad
1031 2094 1219 2134 laudem
1247 2095 1435 2146 quidem
1465 2095 1674 2136 divinam
1703 2108 1797 2136 non
1825 2107 1988 2147 possu-

345 2178 447 2206 mus
483 2178 576 2206 non
610 2165 862 2217 provocari
898 2177 1004 2205 cum
1038 2166 1275 2206 intuemur
1310 2173 1536 2217 quantum
1571 2167 1756 2207 iurandi
1787 2173 1831 2207 et
1867 2168 1989 2208 aliae

342 2248 520 2288 pravae
543 2236 903 2277 consuetudines
926 2237 983 2276 ab
1004 2237 1173 2277 horum
1193 2249 1447 2289 puerorum
1468 2238 1701 2278 mentibus
1722 2239 1985 2290 extirpatae

343 2307 533 2355 cedant3
558 2308 842 2359 praecipuus
864 2313 1022 2348 autem
1043 2307 1223 2348 fructus
1245 2321 1304 2349 ex
1326 2309 1699 2349 confessionibus
1726 2310 1859 2350 nasci
1888 2321 1986 2350 cer·
2006 2346 2009 2350 .

342 2379 491 2430 nitur;
516 2390 649 2429 nam,
674 2378 906 2419 referente
929 2378 1132 2430 quodam
1153 2385 1309 2431 patre,
1334 2380 1541 2431 cognovi
1563 2381 1740 2420 nullum
1760 2380 1857 2420 fere
1884 2392 1988 2421 esse

343 2461 401 2489 ex
421 2449 514 2500 his,
539 2461 656 2501 quos
677 2449 917 2500 audiebat,
943 2450 1022 2502 qui
1043 2450 1247 2502 aliquem
1268 2451 1390 2490 diem
1410 2451 1511 2491 sine
1539 2451 1755 2491 examine
1779 2458 1987 2502 praeter-

343 2520 436 2561 labi
470 2521 660 2561 sineret.
690 2520 823 2561 Multi
854 2521 1017 2572 etiam,
1050 2533 1155 2562 cum
1191 2522 1432 2562 audissent
1460 2529 1812 2574 praeceptorem
1851 2535 1985 2564 suum

344 2591 739 2632 scholasticorum
773 2592 1014 2632 admonita
1043 2591 1056 2610 ⁵
1088 2594 1422 2645 explanantem
1451 2605 1507 2634 ac
1537 2594 1760 2633 nonnulla
1792 2593 1849 2634 de
1884 2605 1984 2634 ora·
2016 2605 2036 2623 ⁴

344 2662 470 2702 tione
491 2662 826 2713 inculcantem,
861 2663 928 2703 sic
958 2663 1056 2703 eius
1087 2663 1320 2704 desiderio
1349 2669 1458 2704 sunt
1490 2664 1663 2716 affecti,
1694 2672 1744 2704 ut
1774 2666 1986 2717 sequenti

343 2733 416 2773 die
438 2733 498 2774 ad
518 2734 671 2785 ipsum
695 2734 1004 2774 conuenerint
1026 2746 1321 2787 summopere
1342 2735 1610 2786 flagitantes
1631 2741 1679 2775 ut
1696 2747 1832 2776 orare
1849 2736 1981 2777 doce—

399 2868 409 2888 ¹
450 2869 513 2896 ‘283³
528 2870 690 2904 Augusti.

396 2916 409 2934 ‘2
452 2916 599 2944 Henrico
615 2917 850 2952 Portugalliae
866 2918 1035 2953 Principe,
1054 2918 1222 2946 Evorensi
1238 2919 1516 2953 Archiepiscopo.

395 2961 409 2981 ³
448 2963 498 2990 Ea
514 2964 679 2999 intellige,
696 2973 782 2999 quae
798 2966 1084 2993 scholasticorum
1099 2967 1239 3000 regulae
1255 2966 1484 3000 appellantur.
1499 2966 1540 2994 Ni
1555 2966 1643 2994 forte
1655 2975 1765 2994 sermo
1781 2967 1825 2995 sit
1840 2967 1879 2994 de
1894 2968 1982 3003 aliis,

341 3008 375 3035 in
389 3015 609 3038 externorum
623 3012 910 3041 scholasticorum
924 3021 1030 3047 usum,
1048 3012 1166 3040 confici
1181 3013 1291 3040 solitis
1308 3013 1577 3041 ordinationibus
1592 3014 1681 3047 (vide
1694 3022 1809 3049 supra,
1825 3022 1903 3049 pag.
1920 3015 1981 3050 178,

341 3058 374 3085 in
389 3059 516 3085 litteris
531 3058 707 3087 Francisci
723 3060 879 3095 Bordon),
896 3068 1049 3095 quaeque
1064 3060 1206 3095 hispane
1222 3061 1351 3094 amisos,
1370 3061 1456 3095 quod
1472 3062 1612 3089 vocibus
1627 3062 1823 3095 admonita,
1836 3063 1982 3096 monita,

339 3106 479 3140 propius
495 3113 595 3139 quam
613 3107 757 3140 regulae
772 3108 917 3143 accedit,
933 3109 1208 3142 appellabantur.
