2168 3437
881 244 965 281 AN.
997 243 1088 281 1553
1738 246 1806 282 197

167 352 255 392 que
278 340 594 389 observantia,
618 351 702 392 per
722 341 885 381 urbem
905 340 1037 381 festis
1058 340 1218 381 diebus
1240 341 1431 381 militari
1447 352 1577 381 more
1603 341 1801 393 ingredi.

166 411 377 452 Iuniores
398 417 555 450 tamen
576 422 760 451 morum
782 423 974 451 suorum
996 411 1330 452 reformatione
1344 418 1527 452 tantum
1543 413 1805 464 splendoris

166 482 340 522 scholis
369 482 545 521 nostris
572 482 791 532 intulere,
823 488 873 522 ut
901 482 1166 532 angelicum
1189 495 1215 522 a
1243 483 1479 523 nonnullis
1513 495 1684 523 nomen
1712 484 1804 523 sint

168 552 467 604 promeritae.
491 551 696 604 Singulis
724 553 886 593 diebus
914 565 1075 593 omnes
1105 565 1243 593 sacro
1274 554 1520 594 intersunt.
1550 554 1639 594 Die
1667 555 1805 595 lunae

165 623 406 664 doctrinae
436 623 741 673 christianae,
773 635 913 675 quam
933 623 1141 675 profiteri
1177 625 1329 675 coepit
1355 625 1408 665 R.
1433 625 1483 665 P.
1521 625 1743 666 Albertus
1777 625 1803 677 ¹,

165 694 446 735 suavissimo
469 695 573 735 cibo
602 694 889 735 reficiuntur.
921 694 1175 735 Menstruis
1206 696 1581 737 confessionibus
1610 697 1669 737 ad
1699 709 1805 737 con-

164 766 388 806 scientiae
422 766 677 817 puritatem
699 765 940 817 juvantur,
977 766 1268 818 privatisque
1296 772 1341 806 et
1375 768 1700 808 communibus
1730 780 1806 808 ex-

164 837 509 877 hortationibus
545 837 604 877 ad
638 836 838 877 virtutes
873 837 1210 888 capessendas,
1250 838 1524 887 invitantur,
1562 846 1804 890 urgentur,

164 908 478 948 stimulantur.

243 978 335 1020 Sed
368 979 478 1030 quid
507 979 563 1019 de
593 979 818 1020 fratribus
854 980 1028 1020 nostris
1060 980 1355 1020 domesticis?
1390 980 1630 1021 enimvero
1665 981 1713 1021 hi
1742 982 1802 1021 ad

163 1061 307 1090 unum
317 1061 478 1090 omnes
494 1049 598 1100 <Dei
614 1050 853 1100 beneficio)
873 1057 917 1090 et
934 1051 993 1090 ad
1006 1051 1267 1091 litterarum
1283 1057 1328 1091 et
1343 1051 1599 1103 proborum
1621 1064 1805 1092 morum

161 1121 352 1173 fastigia
364 1133 620 1173 numquam
631 1133 727 1162 non
742 1122 1007 1173 aspirantes
1022 1122 1154 1162 freno
1168 1123 1322 1173 magis
1334 1134 1474 1174 quam
1487 1124 1674 1163 stimulo
1692 1124 1805 1164 indi-

162 1198 290 1244 gent.
309 1193 490 1233 Tantus
503 1193 718 1245 equidem
735 1192 998 1233 studiorum
1015 1205 1161 1242 amor,
1182 1199 1341 1234 tantus
1363 1195 1629 1234 orationum
1647 1195 1802 1241 ardor,

162 1270 323 1304 tantus
344 1264 698 1304 mortificandae
721 1265 877 1305 carnis
898 1264 1057 1305 fervor
1080 1265 1135 1304 iis
1157 1266 1292 1315 inest,
1316 1272 1366 1306 ut
1388 1277 1625 1316 excessus,
1650 1267 1804 1317 potitis

164 1346 308 1386 quam
335 1334 546 1375 defectus
575 1335 869 1386 excitandus,
901 1335 959 1376 sit
994 1347 1076 1387 per
1112 1336 1427 1376 obedientiam
1462 1337 1802 1387 reprimendus.

162 1405 465 1457 Quiescendi,
507 1406 694 1457 edendi,
737 1407 974 1457 studendi,
1011 1407 1199 1456 orandi,
1238 1407 1509 1457 confitendi,
1552 1409 1803 1449 communi-

161 1478 316 1527 candi,
340 1477 554 1518 eumdem
575 1477 672 1518 fere
694 1478 921 1528 ordinem,
945 1489 1084 1530 quem
1105 1477 1308 1518 Romani
1331 1479 1527 1530 Collegii
1548 1486 1711 1520 nostra
1726 1481 1804 1520 ha-

160 1549 270 1589 bent
292 1555 482 1600 statuta,
508 1550 783 1600 observant;
809 1549 932 1601 quod
952 1550 1172 1589 nimirum
1204 1562 1288 1590 sua
1310 1551 1517 1590 maxima
1544 1563 1651 1591 cum
1672 1551 1803 1591 satis-

163 1619 368 1660 factione
397 1626 442 1660 et
475 1621 636 1672 populi
669 1620 995 1660 aedificatione
1030 1619 1373 1672 [exequuntur]
1406 1622 1561 1661 Taceo
1590 1623 1803 1673 privatas

161 1703 322 1731 eorum
340 1691 693 1732 exhortationes
709 1692 769 1732 ad
786 1692 977 1732 ciendos
995 1704 1204 1744 quosque
1222 1705 1305 1744 per
1323 1693 1623 1733 occasionem
1639 1694 1803 1733 obvios

159 1762 220 1802 ad
258 1774 423 1803 sacrae
463 1762 772 1803 confessionis
812 1770 1176 1813 sacramentum,
1215 1775 1332 1815 quas
1368 1770 1493 1805 certe
1528 1776 1623 1805 non
1658 1765 1801 1805 fuisse

158 1834 322 1874 inanes
363 1833 544 1874 fructus
586 1835 692 1875 inde
733 1835 869 1875 relati
909 1835 1251 1876 demonstravit
1292 1837 1597 1887 experientia.
1643 1837 1798 1877 Taceo

159 1905 366 1945 omnium
387 1905 447 1946 ad
468 1906 677 1946 iniuncta
708 1917 902 1946 munera
923 1906 1198 1958 exequenda
1227 1907 1642 1958 promptitudinem
1668 1919 1798 1959 erga-

157 1987 245 2027 que
267 1987 316 2016 se
350 1982 512 2016 mutuo
547 1976 813 2017 mirandam
847 1977 1142 2017 charitatem.
1179 1977 1281 2018 Hoc
1318 1984 1475 2018 tamen
1511 1990 1605 2018 non
1633 1979 1798 2018 tacebo

156 2046 279 2098 quod
294 2047 492 2087 fratrum
516 2048 724 2088 omnium
747 2054 901 2088 aetate
926 2049 1167 2099 minimus,
1200 2049 1248 2089 in
1278 2049 1362 2089 X.0
1393 2049 1700 2090 charissimus
1731 2048 1796 2090 Si-

155 2129 264 2158 mon
284 2117 312 2168 2,
337 2118 693 2159 mortificandae
710 2120 868 2159 carnis
881 2119 1170 2171 juvandique
1189 2120 1392 2172 proximi
1408 2121 1561 2161 studio
1583 2120 1797 2161 efferves-

158 2200 291 2239 cenS,
312 2190 468 2230 multis
489 2202 539 2230 re
560 2190 748 2230 insolita
769 2191 1084 2242 stupentibus,
1107 2191 1235 2231 hisce
1252 2192 1612 2243 Bachanalibus‚
1632 2192 1679 2232 in
1695 2192 1796 2233 foro

154 2260 420 2301 hominibus
455 2262 605 2301 omnis
638 2262 826 2313 generis
855 2262 1256 2314 frequentissimo,
1289 2263 1614 2304 concionando
1640 2264 1797 2315 palam

155 2331 415 2372 declaravit
435 2332 482 2372 in
503 2345 582 2372 ore
604 2332 851 2374 infantium
872 2341 916 2374 et
938 2335 1211 2374 lactentium
1233 2346 1497 2375 sermonem
1518 2335 1797 2386 laudemque

155 2402 244 2442 Dei
260 2414 362 2442 esse
383 2403 654 2454 perfectum.
680 2403 805 2444 Idem
825 2404 922 2445 fere
944 2406 1153 2445 exhibuit
1175 2406 1449 2446 adolescens
1471 2406 1517 2446 in
1539 2418 1630 2446 uno
1654 2406 1796 2457 virgi-

156 2485 267 2518 num
283 2474 482 2526 collegio
499 2475 546 2514 in
563 2475 715 2526 capite
730 2475 886 2515 ieiunii
902 2475 930 2526 ³,
949 2487 1111 2516 earum
1128 2477 1191 2516 ita
1209 2477 1335 2516 votis
1351 2477 1655 2528 respondens,
1671 2483 1720 2516 ut
1737 2477 1797 2517 ad

155 2544 304 2584 simile
326 2556 493 2585 munus
514 2546 864 2597 praestandum,
890 2554 989 2587 tum
1009 2548 1067 2587 ab
1090 2548 1268 2597 iisdem,
1294 2554 1392 2588 tum
1410 2548 1467 2588 ab
1485 2548 1587 2587 aliis
1609 2548 1797 2599 saepius

155 2615 457 2667 invitaretur;
487 2617 724 2668 repulsam
753 2624 911 2658 tamen
931 2619 1193 2670 patiuntur,
1216 2630 1307 2670 quo
1335 2619 1433 2659 eius
1456 2619 1620 2658 studiis
1642 2619 1797 2659 minus

155 2687 314 2727 damni
348 2687 607 2738 ingeratur.
641 2687 757 2739 Alii,
789 2688 912 2729 idem
940 2689 1098 2730 facere
1132 2690 1404 2741 gestientes,
1433 2690 1555 2730 hanc
1584 2690 1795 2730 eamdem

154 2758 211 2797 ob
235 2769 430 2799 causam
450 2765 684 2799 arcentur.
709 2758 800 2800 Sed
821 2759 938 2800 haec
967 2761 1026 2801 ad
1047 2761 1303 2802 secundam
1333 2767 1517 2812 partem
1543 2761 1791 2813 pertinent:

155 2840 261 2869 eam
281 2829 438 2881 itaque
462 2830 813 2881 aggrediamur.

209 2915 218 2935 ¹
261 2915 297 2942 Ρ.
313 2916 371 2943 Dr.
386 2917 553 2945 Albertus
567 2918 814 2946 Ferrariensis.

206 2964 220 2982 ‘2
257 2963 313 2991 Fr.
329 2963 441 2992 Simon
457 2963 589 2993 Bartoli
601 2987 607 2998 ,
623 2966 680 2993 ille
697 2967 736 2993 de
753 2974 816 3000 quo
833 2967 865 2994 in
881 2967 1029 2996 POLANCI
1044 2969 1176 3001 Clzron„
1191 2974 1214 2996 t.
1227 2976 1276 3001 111,
1291 2975 1371 3002 pag.
1388 2968 1431 3003 29,
1449 2973 1564 2996 annot.
1588 2970 1614 3003 1,
1629 2973 1661 2996 et
1678 2977 1795 3003 supra,

151 3018 230 3045 pag.
245 3011 305 3038 193.

207 3058 220 3077 5
259 3060 296 3086 in
312 3061 431 3094 capite
447 3062 588 3095 ieiunii,
603 3062 699 3089 initio
715 3063 1024 3097 quadragesimalis
1037 3064 1167 3099 jejunii.
