2168 3437
827 264 910 300 AN.
942 264 1033 301 1553
1684 265 1752 301 115

118 359 431 400 sacrificasset
453 360 515 410 (in
534 372 625 412 quo
642 372 780 401 sacro
797 362 966 401 multos
984 361 1147 402 habuit
1165 362 1566 402 communicantes
1583 362 1750 402 utrius-

116 442 204 482 que
231 442 372 470 sexus
400 431 656 481 homines),
686 431 844 472 statim
872 443 1091 483 egressus
1127 444 1151 472 e
1182 434 1355 485 templo
1392 444 1581 473 currum
1613 445 1751 484 expe-

116 506 320 541 ctantem
340 502 534 553 invenit,
557 510 607 542 ut
628 503 675 542 in
695 513 872 553 pagum
893 503 1141 554 quemdam
1163 510 1208 544 et
1227 504 1320 543 illic
1336 503 1688 544 sacrificaturus
1707 511 1753 544 et

117 573 481 612 concionaturus
502 584 604 612 sese
627 573 874 613 conferret.
907 573 1024 613 Cum
1054 574 1177 614 enim
1204 575 1360 615 multis
1388 575 1558 615 abhinc
1586 575 1751 615 mensi-

116 643 201 683 bus
221 644 398 683 nullum
419 644 511 684 illic
534 643 779 684 Pastorem
800 644 1088 694 habuissent,
1119 645 1253 685 enixe
1281 653 1511 696 rogarunt
1541 653 1592 685 ut
1620 658 1644 686 e
1674 657 1752 686 no-

117 715 225 754 stris
259 715 462 766 aliquem
488 727 571 766 per
597 714 847 755 Nataiitias
875 715 1049 756 Christi
1077 716 1218 755 ferias
1246 718 1349 756 loco
1380 717 1587 757 Pastoris
1615 717 1752 757 habe-

117 792 234 825 rent.
259 785 359 837 Quo
382 787 427 826 in
450 787 554 826 loco
571 787 692 827 laete
714 787 900 838 quidem
934 794 1155 838 acceptus
1185 794 1229 826 et
1257 794 1467 827 retentus
1497 796 1566 828 est
1595 788 1752 839 Pater,

116 868 430 908 magnamque
451 858 537 897 sibi
560 869 762 897 messem
784 858 1025 909 comperit,
1051 865 1148 897 tum
1171 858 1217 897 in
1239 858 1489 898 visitandis
1520 866 1563 898 et
1587 871 1752 899 conso·

116 928 267 968 landis
295 928 488 969 infirmis
519 931 736 980 (quorum
764 929 907 969 etiam
934 928 1253 969 confessiones
1283 929 1468 979 audire,
1500 936 1543 969 et
1573 930 1756 970 animas

116 1000 365 1040 Dominico
389 1011 587 1052 corpore
608 1000 898 1040 communire
920 1000 1136 1049 curavit),
1166 1000 1338 1051 partim
1366 1000 1413 1039 in
1441 1000 1653 1040 docenda
1684 1001 1748 1041 iu-

115 1077 320 1121 ventute,
346 1082 486 1123 quam
507 1072 553 1111 in
574 1072 747 1123 templo
771 1072 1040 1122 collegerat,
1074 1079 1118 1111 et
1144 1072 1189 1111 in
1221 1072 1528 1112 admonendis
1558 1072 1647 1111 iliis
1681 1084 1753 1112 ru-

117 1143 261 1193 sticis,
287 1154 402 1194 quos
424 1143 650 1182 concione
672 1142 947 1194 quotidiana
969 1143 1028 1183 ad
1058 1144 1280 1194 pietatem
1307 1143 1661 1183 exhortabatur.
1686 1143 1756 1183 In—

115 1225 309 1265 gressus
331 1214 520 1254 domum
540 1214 807 1266 quamdam,
831 1215 1003 1266 reperit
1026 1215 1087 1254 ibi
1108 1226 1281 1263 senem,
1307 1227 1362 1254 ac
1384 1226 1579 1265 prorsus
1600 1215 1754 1254 decre-

116 1286 265 1337 pitum
285 1285 681 1336 nonagenarium,
713 1285 791 1336 qui
819 1292 863 1325 et
893 1284 1150 1337 lachrymis
1175 1292 1218 1325 et
1247 1286 1458 1337 gestibus
1484 1286 1756 1325 declarabat

118 1357 233 1396 satis
259 1368 400 1408 quam
427 1363 566 1407 grata
598 1356 685 1396 sibi
715 1363 838 1396 esset
866 1356 1019 1396 Patris
1045 1357 1333 1407 praesentia,
1366 1357 1422 1396 de
1452 1357 1584 1396 cuius
1615 1369 1756 1397 manu

117 1433 276 1479 posset
297 1439 483 1467 sacram
504 1427 724 1479 synaxim
751 1429 1005 1479 suscipere.
1040 1427 1227 1468 Diutius
1256 1428 1442 1480 quidem
1470 1428 1581 1478 illic,
1615 1440 1756 1479 quam

118 1510 309 1538 manere
331 1503 582 1549 statuerat,
607 1498 820 1538 detentus
841 1505 924 1539 est.
949 1498 1126 1539 Abiens
1156 1505 1332 1547 autem,
1357 1499 1438 1538 vix
1467 1510 1547 1539 eos
1575 1511 1755 1551 compe-

117 1581 249 1610 scere
270 1570 440 1622 potuit,
473 1575 523 1610 ut
549 1582 767 1618 munera,
799 1582 917 1622 quae
945 1570 1220 1620 offerebant,
1251 1570 1338 1610 sibi
1369 1571 1457 1621 ipsi
1484 1571 1755 1611 retinerent:

117 1641 404 1693 multumque
424 1641 489 1681 1111
509 1641 824 1693 promiserunt
846 1642 1173 1693 pecuniarum,
1207 1642 1245 1681 si
1273 1642 1453 1681 festivis
1484 1642 1637 1681 redire
1665 1642 1754 1682 die-

117 1713 204 1753 bus
227 1714 368 1753 vellet
390 1712 448 1752 ad
471 1713 860 1753 concionandum.

196 1783 411 1824 Viennae
433 1784 491 1824 ab
513 1783 698 1824 afflictis
719 1790 763 1824 et
785 1784 1046 1836 desperatis
1077 1784 1199 1824 idem
1227 1783 1365 1824 Pater
1393 1784 1608 1824 Canisius
1638 1784 1757 1824 adiri

117 1855 212 1896 iam
235 1855 386 1906 coepit
416 1860 461 1895 et
489 1856 712 1895 accersiri
743 1855 769 1904 ¹,
799 1856 923 1907 quod
951 1867 1143 1907 sparsus
1171 1855 1226 1895 de
1253 1868 1307 1895 eo
1334 1867 1493 1895 rumor
1522 1856 1752 1906 videatur,

116 1937 207 1977 quo
228 1932 368 1978 pacto
391 1926 669 1978 quibusdam
689 1927 984 1977 miserrimis,
1010 1926 1195 1967 Christo
1227 1926 1437 1972 favente,
1467 1927 1753 1967 subvenerit.

115 1998 187 2038 Ex
217 1997 383 2049 quibus
411 2009 526 2048 una,
560 1999 704 2038 multo
736 1999 828 2038 iam
858 2004 1067 2049 tempore
1096 1998 1400 2047 decumbenS,
1431 2010 1615 2038 omnem
1642 2009 1755 2038 suae

117 2069 282 2109 salutis
303 2080 434 2120 spem
455 2069 698 2119 amiserat,
723 2076 768 2109 et
789 2081 937 2121 neque
960 2082 986 2109 a
1010 2069 1203 2109 medicis
1225 2070 1404 2119 curari,
1429 2081 1579 2121 neque
1600 2082 1627 2109 a
1649 2082 1753 2110 con-

118 2139 329 2180 fessariis
351 2141 723 2180 consolationem
745 2141 959 2192 accipere
980 2141 1148 2192 potuit,
1174 2141 1281 2192 quia
1303 2153 1351 2180 se
1373 2153 1399 2180 a
1422 2140 1522 2180 Deo
1544 2141 1756 2181 relictam

119 2211 296 2262 aiebat,
319 2212 599 2263 magnisque
622 2212 769 2263 signis
791 2213 1128 2263 comprobabat
1155 2225 1205 2252 se
1233 2219 1499 2264 correptam
1526 2218 1571 2252 et
1603 2212 1755 2252 obses-

119 2293 220 2322 sam
242 2294 268 2322 a
290 2282 532 2332 daemone,
557 2289 605 2322 ut
627 2290 785 2323 noster
802 2283 943 2323 etiam
965 2283 1174 2324 medicus
1196 2284 1251 2324 de
1272 2284 1350 2323 illa
1372 2284 1612 2323 iudicavit.
1635 2283 1755 2322 Hinc

120 2353 167 2392 in
192 2359 366 2393 terram
387 2364 528 2405 saepe
555 2354 810 2405 prosterni,
841 2360 885 2394 et
912 2355 1003 2394 huc
1035 2355 1142 2394 illuc
1169 2355 1398 2394 violenter
1428 2362 1565 2394 nocte
1592 2354 1761 2405 dieque

119 2423 325 2474 detrudi,
365 2424 608 2475 abripique
640 2425 915 2476 videbatur;
957 2425 1235 2476 propalabat
1273 2432 1434 2477 aperte
1471 2426 1755 2477 gravissima

119 2495 290 2546 prioris
312 2495 438 2534 vitae
461 2501 677 2546 peccata.
700 2502 891 2547 propter
918 2508 1038 2548 quae
1068 2497 1186 2536 iuste
1217 2508 1266 2536 se
1296 2497 1585 2546 damnatam,
1618 2507 1763 2547 seque

120 2565 339 2606 daemoni
360 2565 582 2605 traditam
605 2567 925 2606 asseverabat.
955 2567 1111 2618 Quare
1141 2579 1248 2607 cum
1279 2574 1413 2619 pater
1446 2567 1504 2607 ad
1530 2567 1656 2606 illam
1684 2578 1757 2606 ve-

119 2636 264 2676 nisset
291 2637 461 2687 (nullus
492 2637 615 2676 enim
647 2637 969 2677 confessorum
995 2637 1008 2656 ²
1039 2649 1201 2678 curam
1228 2639 1350 2678 illius
1376 2638 1550 2677 habere
1577 2638 1724 2677 voluit
1745 2637 1762 2655 ⁵

119 2707 356 2759 amplius),
382 2720 435 2748 eo
457 2707 690 2758 permovit
710 2708 913 2759 primum
932 2709 1268 2760 miserrimam,
1293 2715 1339 2749 ut
1362 2709 1544 2759 integre
1564 2714 1759 2760 peccata

118 2779 261 2818 totius
282 2780 408 2819 vitae
430 2779 753 2830 confiteretur3
778 2779 966 2830 deinde,
991 2786 1089 2820 tum
1111 2780 1420 2826 orationibus,
1452 2787 1549 2819 tum
1579 2779 1763 2820 adiura-

228 2986 394 3015 Martinus
410 2989 608 3022 scripserat:
626 2989 723 3015 idem
740 2988 847 3015 Pater
863 2990 936 3015 iam
953 2991 1065 3023 coepit
1079 2988 1226 3015 visitari
1241 2989 1273 3014 et
1288 2989 1469 3015 accersiri.

175 3034 189 3053 ²
226 3033 280 3061 Sic
296 3034 473 3066 Martinus:
494 3035 664 3062 Polaticus
678 3035 993 3070 confessariorum.

178 3081 192 3100 5
230 3081 397 3109 Polaneus
411 3083 565 3110 volebat.
