2168 3437
852 194 891 230 A
898 205 936 230 N.
967 194 1059 231 1552
1288 206 1294 213 ·
1729 194 1775 231 45

135 301 253 342 erga
286 302 372 330 nos
405 289 615 330 nascitur
650 296 789 342 atque
824 290 1048 330 adolescit
1083 280 1303 330 charitas,
1346 289 1536 330 Domini
1579 290 1774 342 Joannis

138 361 307 402 medici
349 361 359 380 ¹
393 366 532 413 atque
571 360 668 412 ejus
706 361 866 401 uxoris
903 361 1199 402 indeffessam
1234 361 1559 401 liberalitatem
1600 360 1774 402 Christi

138 432 324 472 nomine
342 431 602 483 appellabo,
627 432 703 483 qui
725 432 885 472 sedulo
907 437 1119 483 pugnant
1135 437 1185 471 ut
1215 432 1493 483 quicumque
1525 431 1773 472 Societatis

136 502 247 555 Jesu
270 502 359 542 hac
387 503 475 542 iter
502 502 673 542 habent
702 503 826 554 apud
855 514 904 542 se
939 501 1189 542 divertant.
1224 502 1318 542 Alii
1349 513 1534 554 quoque
1560 503 1773 554 plurimis

133 584 196 613 ex
217 573 331 613 locis
352 573 500 624 nobis,
524 585 642 624 quae
665 573 724 614 ad
754 573 1059 613 necessitates
1086 571 1221 624 hujus
1243 574 1368 613 vitae
1391 573 1687 614 inevitabiles
1707 573 1768 613 fa⁴

132 644 278 695 ciunt,
303 644 644 685 administrant.
668 644 772 697 Jam
792 655 907 684 vero
929 643 1212 684 desiderium
1232 644 1361 684 urbis
1390 656 1446 684 ac
1477 656 1772 684 communem

136 715 183 754 in
203 726 288 754 nos
308 716 599 755 voluntatem
621 715 889 766 proniorem
906 715 1351 766 propensioremque
1368 715 1520 755 effecit
1540 715 1771 755 adventus

135 785 189 825 R.
229 785 278 825 Ρ.
315 785 565 837 Alphonsi,
604 785 735 838 cujus
769 786 1028 837 praeclaris
1063 786 1366 826 concionibus
1402 797 1457 826 ac
1492 787 1771 827 lectionibus

134 857 305 897 mirum
325 857 371 897 in
391 857 580 898 modum
601 857 907 908 capiebantur
929 857 1136 897 omnium
1158 857 1300 896 animi
1322 869 1377 897 ac
1401 857 1768 898 delectabantur.

134 926 307 968 Probat
326 928 428 979 ipsa
448 928 709 979 frequentia
731 928 777 968 in
797 928 941 968 tantis
964 928 1220 978 caloribUS‚
1251 928 1446 967 attentio
1471 929 1517 968 in
1539 928 1771 969 audiendo

130 999 402 1050 singularis.
425 998 545 1039 Nam
573 999 679 1039 licet
710 999 799 1039 illis
828 999 1064 1039 mensibus
1096 1005 1253 1039 aestas
1282 999 1468 1050 magnis
1498 999 1772 1040 exardesce-

134 1075 205 1110 ret
235 1070 486 1120 caloribus,
521 1076 651 1110 tanta
679 1076 836 1110 tamen
863 1070 1109 1110 multitudo
1141 1070 1199 1110 ad
1222 1069 1506 1110 audiendum
1528 1071 1771 1111 convenie-

134 1141 235 1190 bat,
258 1147 308 1181 ut
327 1141 574 1192 pauciores
604 1142 651 1181 in
678 1142 768 1181 hac
800 1141 1187 1193 quadragesima,
1219 1141 1327 1181 huic
1354 1142 1546 1193 negotio
1583 1143 1771 1182 attribu-

133 1217 201 1263 ta,
227 1212 352 1252 coire
374 1212 606 1253 dicantur.
626 1212 781 1264 Atque
804 1213 924 1252 inter
951 1224 1056 1252 eam
1083 1212 1427 1253 multitudinem
1455 1213 1598 1264 aliqui
1627 1219 1723 1253 tam
1745 1226 1770 1253 a

134 1283 306 1334 pietate
340 1283 479 1323 alieni
507 1291 556 1323 ut
587 1295 666 1323 eos
697 1283 856 1323 dicant
889 1295 1143 1335 numquam
1179 1284 1524 1335 quodammodo
1560 1290 1698 1324 antea
1725 1284 1771 1324 in

129 1355 305 1406 templo
326 1355 455 1394 visos
476 1353 634 1395 fuisse.
659 1354 870 1395 Attentio
890 1366 1032 1406 porro
1050 1361 1181 1395 tanta
1205 1360 1379 1406 quanta
1402 1355 1448 1395 in
1471 1362 1675 1395 mentem
1696 1367 1770 1395 ve-

133 1425 233 1465 nire
261 1431 427 1476 potest.
460 1425 625 1466 Nullus
654 1426 877 1477 strepitus
907 1426 992 1466 sub
1028 1426 1205 1477 ingenti
1236 1426 1559 1477 magnitudine
1590 1426 1767 1477 templi,

133 1497 288 1536 nullus
326 1502 596 1545 excreatus,
639 1498 765 1537 nulla
799 1497 941 1537 tussis
980 1498 1374 1538 circumsonabat.
1411 1497 1551 1548 Tum,
1589 1498 1771 1538 sublato

133 1567 289 1618 vultu,
330 1567 435 1608 fixis
474 1568 726 1608 luminibus
766 1568 1105 1609 intentissimos
1144 1569 1331 1608 videres
1372 1569 1432 1608 ad
1471 1568 1768 1609 audiendum.

131 1638 392 1679 Intererant
419 1651 559 1691 saepe
583 1639 772 1691 quidam
798 1640 1038 1691 Episcopi,
1077 1639 1318 1691 Canonici,
1356 1639 1513 1680 Aulici
1543 1639 1704 1690 Ducis,
1746 1653 1772 1681 a

129 1710 297 1761 quibus
317 1710 538 1762 profluxit
558 1711 901 1762 pulcherrimus
929 1710 1179 1751 Societatis
1209 1723 1384 1751 rumor.
1417 1712 1618 1762 Quidam
1641 1724 1667 1751 a
1689 1711 1771 1751 Pa-

128 1786 199 1821 tre
220 1782 486 1833 petiverunt
506 1788 555 1822 ut
577 1782 805 1834 quasdam
827 1782 1052 1822 lectiones
1074 1794 1156 1834 per
1178 1788 1318 1834 typos
1346 1784 1615 1834 evulgaret,
1650 1795 1771 1823 com-

130 1863 386 1904 munesque
414 1854 571 1893 multis
598 1853 799 1905 faceret3
831 1854 870 1893 is
890 1859 1047 1893 tamen
1072 1854 1163 1893 illis
1192 1866 1447 1906 numquam
1471 1854 1665 1906 obsequi
1695 1866 1772 1894 vo-

128 1923 226 1964 luit.
252 1924 431 1964 Verum
448 1935 537 1975 quo
552 1925 732 1975 gratior
753 1924 838 1964 fuit
861 1937 916 1965 ac
932 1925 1068 1964 nobis
1086 1925 1386 1975 fructuosior,
1406 1926 1564 1976 plures
1584 1926 1770 1976 gravio-

125 2006 296 2046 resque
317 2007 486 2036 causas
506 1996 772 2047 reliquisset
794 2003 838 2036 et
860 1995 1078 2036 desiderii
1102 2003 1145 2036 et
1167 1997 1362 2047 doloris,
1394 1997 1484 2037 nisi
1505 1996 1558 2036 R.
1590 1997 1639 2037 P.
1663 1996 1770 2036 Pro-

128 2065 380 2107 vincialem
400 2066 414 2085 ‘²
435 2067 868 2118 expectatissimum
895 2068 1332 2119 optatissimumque
1360 2068 1659 2108 reddidisses.
1685 2067 1770 2109 Cu-

125 2136 201 2187 jus
241 2137 471 2178 adventus
504 2138 647 2186 Duci,
690 2139 847 2188 nobis,
884 2139 1009 2189 urbi,
1047 2138 1282 2178 maximae
1317 2138 1402 2178 fuit
1443 2140 1689 2191 voluptati.
1729 2139 1772 2179 Is

130 2209 376 2248 lectionem
411 2221 437 2249 a
464 2209 514 2249 P.
547 2208 790 2261 Alphonso
823 2210 1085 2249 institutam
1114 2210 1410 2261 prosequitur
1442 2216 1572 2250 tanto
1604 2211 1770 2262 spiritu

129 2279 317 2319 divinae
338 2280 595 2331 sapientiae
617 2291 672 2320 ac
694 2280 925 2331 efficacia,
949 2286 998 2320 ut
1018 2281 1184 2321 merito
1208 2280 1386 2330 dicant,
1412 2281 1536 2321 intra
1554 2280 1605 2320 40
1623 2293 1771 2321 annos

129 2350 272 2390 fuisse
306 2351 685 2391 concionatorem
719 2352 916 2402 nullum,
950 2353 1029 2403 qui
1063 2352 1235 2392 nostris
1268 2352 1478 2403 patribus
1509 2364 1602 2392 non
1630 2352 1770 2393 facile

131 2421 280 2461 cedat.
305 2421 432 2461 Bone
455 2421 602 2473 Deus,
628 2434 745 2474 quos
765 2423 967 2474 fructus,
992 2435 1107 2475 quos
1130 2430 1410 2475 proventus,
1435 2435 1554 2474 quae
1576 2424 1770 2474 egregia

130 2493 422 2532 incrementa
443 2493 702 2544 pollicetur.

207 2562 429 2614 Superest
449 2570 498 2604 ut
520 2575 670 2615 pauca
693 2565 847 2605 dicam
876 2565 931 2605 de
958 2566 1133 2605 nostris
1167 2565 1348 2605 studiis.
1381 2564 1629 2604 Lectiones
1661 2576 1764 2605 eae-

123 2634 234 2674 -dem
252 2634 641 2686 interpretantur,
665 2647 783 2687 quas
803 2636 1060 2676 instituisse
1082 2648 1168 2676 nos
1190 2636 1249 2676 ad
1266 2642 1309 2675 te
1332 2636 1520 2687 scripsit
1540 2635 1590 2676 P.
1614 2635 1769 2676 Ludo-

128 2705 287 2756 vicus‚
324 2705 461 2757 idque
495 2705 544 2746 fit
576 2718 670 2746 non
704 2707 804 2747 sine
839 2706 998 2747 fructu
1034 2707 1400 2747 domesticorum
1439 2718 1494 2746 ac
1525 2713 1768 2747 extraneo-

126 2787 253 2825 rum,
292 2788 407 2828 quos
437 2777 510 2817 his
544 2777 724 2818 artibus
754 2789 980 2819 conamur
1015 2778 1268 2828 instruere,
1307 2778 1768 2829 quibus‘eruditione

183 2959 192 2979 ¹
234 2960 380 2993 Joannes
395 2961 435 2988 de
450 2961 560 2989 Rosis.

182 3007 198 3025 ⁴²
234 3007 270 3034 P.
286 3007 431 3041 Jacobus
446 3009 594 3045 Laynez.
