2168 3437
927 270 1010 306 AN.
1042 269 1132 307 1554
1795 267 1865 305 629

229 370 278 404 ta
314 371 384 404 est
419 365 607 405 tandem
642 366 778 405 lectio
817 378 844 405 a
885 365 1088 418 quodam
1123 366 1268 406 fratre
1302 366 1635 416 Dominicano‚
1674 365 1752 417 qui
1789 364 1863 404 hic

227 434 273 476 S.
329 435 558 475 Thomam
603 436 901 477 foelicissime
945 448 1118 488 magna
1161 437 1335 487 ingenii
1380 436 1658 477 dexteritate
1696 447 1863 487 aequa—

234 506 356 556 lique
390 506 541 557 gloria
569 507 902 558 interpretatur
946 506 971 547 ¹.
1004 506 1262 559 Statimque
1295 513 1400 559 post
1434 507 1678 547 exordium
1708 507 1863 547 lectio-

231 576 324 626 nis,
357 577 589 616 convertit
621 578 881 618 orationem
910 578 968 618 ad
995 578 1044 618 Ρ.
1068 578 1400 629 Franciscum,
1424 579 1661 629 multaque
1689 577 1746 617 de
1767 578 1860 628 illo,

236 647 382 686 multa
417 647 473 686 de
513 647 634 687 illius
671 649 921 689 virtutibus
957 649 1190 700 integram
1230 649 1396 689 horam
1435 649 1675 700 eleganter
1709 660 1764 688 ac
1794 660 1861 688 or-

229 722 338 756 nate
359 717 476 757 dixit
496 729 670 769 magna
692 730 799 759 cum
821 720 1110 760 audientium
1131 720 1402 770 attentione,
1426 732 1545 771 quae
1566 720 1673 760 huic
1691 720 1864 760 dicenti

229 799 412 838 semper
433 789 667 839 praestari
687 790 818 840 solet,
842 796 939 830 tum
960 791 1238 841 praesertim
1259 791 1446 842 quando
1469 804 1523 831 ea
1547 792 1723 839 diceret
1744 802 1862 842 quae

226 859 354 898 illum
377 859 551 899 dixisse
573 872 734 900 omnes
752 866 795 901 et
816 862 988 901 vellent
1015 868 1059 901 et
1087 867 1403 913 expectarent.
1433 863 1547 902 Erat
1575 863 1698 902 enim
1725 873 1862 913 argu-

224 936 432 970 mentum
453 931 595 970 totius
618 931 843 972 orationis
865 938 914 972 ut
939 932 995 972 de
1022 933 1112 972 illis
1140 939 1322 983 ageret,
1353 945 1472 984 quae
1494 933 1615 973 illius
1644 940 1740 973 tam
1769 939 1861 973 stu-

221 1000 402 1052 pendae
432 1003 723 1053 mutationis,
761 1015 902 1055 quam
938 1004 985 1043 in
1019 1002 1068 1043 P.
1106 1003 1362 1044 Francisco
1397 1004 1640 1044 dexteram
1674 1004 1862 1044 Excelsi

222 1078 468 1122 operatam
490 1084 650 1113 omnes
672 1074 987 1125 intuebantur,
1011 1074 1143 1114 initia
1169 1086 1271 1114 esse
1294 1075 1521 1115 crederet.
1547 1074 1717 1126 Quare,
1741 1086 1860 1115 sum-

172 1149 181 1161 ”
221 1149 302 1194 pta
324 1143 433 1184 hinc
455 1145 725 1195 occasione,
752 1145 978 1186 latissime
1010 1145 1066 1186 de
1095 1146 1329 1197 oratione,
1362 1147 1664 1186 meditatione
1686 1147 1860 1186 exerci-

220 1213 388 1265 tiisque
422 1215 762 1266 spiritualibus,
801 1217 968 1267 quibus
1007 1217 1192 1257 interna
1233 1217 1420 1257 devotio
1462 1217 1710 1268 excitatur,
1749 1218 1859 1269 egit,

220 1291 537 1337 quantumque
558 1287 826 1338 proficiant,
852 1288 930 1339 qui
957 1288 1017 1328 ad
1046 1288 1163 1328 haec
1192 1288 1382 1340 pietatis
1409 1288 1563 1328 studia
1593 1289 1744 1328 solent
1770 1288 1860 1328 affi-

222 1356 288 1406 ci;
325 1357 491 1407 quibus
527 1358 742 1398 omnibus
771 1369 943 1409 magno
973 1359 1244 1399 testimonio
1273 1365 1374 1399 erat
1412 1359 1566 1399 Patris
1600 1362 1863 1411 exemplum

222 1426 435 1478 illiusque
471 1428 710 1469 humilitas
745 1429 845 1480 ipso
875 1429 1015 1469 etiam
1044 1430 1275 1470 audientis
1308 1437 1445 1480 gestu
1476 1430 1710 1481 relucens,
1744 1442 1863 1482 quae

220 1508 313 1537 una
340 1499 546 1539 omnium
574 1501 735 1540 oculos
761 1500 808 1540 in
835 1511 884 1540 se
913 1507 1227 1541 converterat.
1260 1500 1355 1541 Nec
1391 1501 1548 1541 dubito
1577 1502 1617 1541 si
1645 1501 1774 1541 illum
1806 1500 1863 1541 de

221 1568 294 1608 his
314 1567 486 1609 diutius
508 1581 650 1621 agere
671 1571 963 1622 contigisset,
987 1571 1253 1612 uberrimos
1274 1571 1460 1612 Christo
1482 1572 1662 1612 fructus
1695 1584 1754 1612 ex
1774 1573 1863 1612 hac

222 1638 481 1680 Academia
517 1642 837 1682 collecturum.
876 1642 1013 1683 Nulla
1041 1650 1111 1683 est
1146 1643 1312 1683 messis
1342 1644 1509 1694 aptior,
1542 1644 1582 1683 si
1613 1644 1730 1683 tales
1758 1655 1862 1695 ope-

222 1710 336 1750 rarii
357 1711 646 1763 contingant.
673 1713 813 1765 ldque
841 1725 965 1753 nunc
986 1712 1085 1753 fore
1106 1725 1192 1753 nos
1213 1725 1456 1766 speramus
1478 1713 1506 1751 ².
1537 1713 1678 1754 Dedit
1705 1714 1828 1754 enim
1848 1712 1861 1732 ⁵

223 1780 362 1822 fidem
381 1781 430 1822 P.
454 1781 643 1824 Rectori
665 1784 975 1836 caeterisque,
1000 1785 1076 1836 qui
1099 1784 1188 1824 hoc
1210 1785 1267 1824 ab
1296 1785 1374 1824 illo
1405 1785 1679 1836 exigebant,
1711 1796 1760 1824 se
1789 1785 1864 1825 hic

223 1864 372 1893 verno
399 1860 610 1905 tempore
632 1856 808 1907 aliquot
839 1855 938 1896 dies
964 1856 1171 1896 futurum
1199 1863 1242 1896 et
1269 1868 1394 1896 nunc
1420 1857 1550 1896 illum
1575 1855 1673 1907 jam
1702 1856 1862 1896 affutu-

222 1935 327 1964 rum
361 1930 406 1964 et
434 1926 668 1966 credimus
696 1933 740 1967 et
768 1934 1061 1979 exoptamus.
1094 1926 1185 1968 Sed
1209 1926 1307 1979 jam
1333 1928 1448 1967 satis
1477 1928 1555 1967 diu
1582 1928 1639 1968 de
1666 1927 1754 1967 his.
1787 1927 1863 1968 Ad

223 1995 480 2036 domestica
502 1997 705 2038 veniam.

303 2065 598 2118 Quamquam
620 2068 751 2108 multi
773 2075 880 2109 sunt
902 2069 1106 2120 ingeniO,
1131 2075 1305 2120 aetate,
1330 2070 1483 2110 indole
1503 2070 1755 2121 praeclari,
1781 2070 1862 2121 qui

224 2135 508 2178 Societatem
529 2146 741 2180 nostram
762 2140 957 2190 eligant,
983 2147 1225 2191 exoptent,
1250 2146 1701 2192 perseveranterque
1722 2152 1864 2181 unam

223 2207 346 2248 hanc
375 2220 402 2248 a
434 2205 637 2250 Dor'nino
665 2216 846 2262 petant,
878 2218 1060 2262 tamen,
1100 2223 1218 2263 quae
1247 2211 1295 2251 P.
1325 2212 1579 2252 Villanova
1610 2217 1679 2252 est
1709 2212 1755 2252 in
1787 2211 1861 2252 eli-

222 2277 376 2329 gendo
397 2280 670 2332 prudentia,
693 2281 817 2321 hunc
838 2282 886 2322 in
907 2281 1108 2322 fratrum
1130 2294 1375 2322 numerum
1395 2283 1580 2333 recipit,
1599 2283 1740 2323 -illum
1766 2283 1862 2323 diu-

225 2349 318 2389 tius
339 2349 608 2392 desiderare
628 2353 869 2403 permittit.
894 2353 1075 2393 Novem
1096 2365 1209 2403 ergo
1239 2353 1328 2393 hoc
1355 2354 1572 2405 proximo
1601 2354 1862 2405 quadrime-

222 2420 309 2460 stri
335 2432 393 2460 ex
420 2427 552 2462 tanta
581 2424 844 2474 optantium
871 2424 1166 2464 multitudine
1194 2435 1445 2464 accrevere
1476 2425 1558 2464 tibi
1589 2424 1688 2475 filii,
1726 2425 1862 2466 nobis

221 2490 407 2531 fratres.
431 2492 555 2532 Inter
574 2492 660 2533 hos
681 2494 872 2544 quidam
894 2501 964 2535 est
986 2495 1219 2535 Antonius
1241 2494 1477 2545 SancheZ,
1507 2494 1685 2536 Doctor
1715 2495 1860 2535 Theo-

221 2562 358 2612 logus
379 2574 439 2602 ex
460 2563 537 2603 illo
561 2563 768 2615 Collegio
787 2564 1063 2616 Seguntino,
1087 2566 1211 2618 quod
1231 2566 1365 2605 nobis
1386 2572 1453 2606 tot
1474 2577 1530 2606 ac
1551 2566 1669 2606 tales
1689 2565 1861 2607 fratres

221 2633 434 2684 proxime
456 2634 635 2685 peperit
661 2635 879 2687 dabitque
906 2636 1079 2677 Christi
1101 2637 1256 2688 gratia
1276 2637 1514 2688 plurimos.
1545 2637 1634 2676 Hic
1655 2648 1738 2688 per
1764 2643 1859 2678 tres

222 2714 371 2744 annos
393 2704 509 2744 adeo
539 2691 891 2746 desideraverat
919 2713 1079 2747 noster
1108 2719 1210 2747 esse
1237 2713 1287 2747 ut
1313 2719 1553 2759 nunquam
1579 2707 1626 2748 id
1652 2707 1861 2749 futurum

221 2786 336 2826 prae
357 2774 589 2816 desiderio
612 2776 840 2817 crederet,
864 2777 993 2818 Deus
1018 2784 1174 2818 tamen
1195 2783 1555 2829 perseverantes
1581 2777 1791 2830 exaudit,
1815 2784 1860 2819 et

280 2886 291 2906 1
330 2885 388 2914 Fr.
401 2887 580 2915 Paschalis
594 2887 736 2922 Mancio,
753 2888 790 2916 Ο.
807 2888 840 2915 S.
855 2889 896 2916 D.

278 2933 292 2952 2
330 2933 422 2967 Quae
438 2935 492 2962 hic
508 2936 547 2962 de
564 2935 600 2962 P.
616 2935 800 2963 Francisco
816 2936 942 2970 Borgia
958 2940 990 2963 et
1006 2936 1195 2964 Academia
1210 2936 1441 2971 Complutensi
1455 2941 1653 2971 narrantur,
1665 2941 1856 2972 congruunt

224 2982 378 3016 apprime
397 2990 472 3010 cum
487 2982 538 3015 iis.
556 2991 641 3017 quae
657 2983 762 3011 habet
777 2983 1000 3018 CIENFUEGOS,
1017 2991 1068 3018 op.
1085 2992 1124 3018 c.,
1143 2985 1199 3012 lib.
1215 2992 1261 3019 IV,
1279 2992 1355 3019 cap.
1373 2992 1417 3018 xx,
1434 2984 1451 3019 ἓ
1463 2984 1496 3018 3;
1513 2985 1569 3019 qui
1582 2988 1699 3013 tamen
1721 2993 1762 3013 ea
1780 2992 1857 3013 con-

223 3029 340 3062 tigisse
357 3029 405 3056 ait
421 3031 481 3057 sub
497 3029 597 3057 finem
610 3030 824 3064 Novembris,
835 3032 855 3058 α’
870 3031 921 3058 los
933 3031 1025 3065 sines
1035 3031 1078 3058 de
1089 3031 1314 3065 Noviembre,
1327 3032 1427 3067 huJus
1441 3031 1521 3059 anni
1536 3032 1614 3059 1554.

273 3076 287 3095 ⁵
330 3076 362 3104 Ρ.
379 3077 588 3106 Franciscus
604 3078 743 3113 Borgia.
