2168 3437
362 198 409 235 88
874 197 1102 235 LITTERAE
1129 207 1490 241 QUADRIMESTRES

1108 649 1252 704 CXC

431 879 478 916 Ρ.
499 878 694 926 joannes
714 879 767 916 de
789 878 1127 916 Valderrabano

478 944 602 982 Patri
619 944 792 992 Ignatio
814 945 868 982 de
887 944 1075 992 Loyola.

528 1010 804 1056 Vallisoleto‚
828 1010 844 1046 1
866 1009 1068 1057 Januarii
1090 1010 1182 1047 1553
1201 1010 1227 1047 ¹.
1280 1033 1282 1035 »

1107 1271 1262 1312 lEsUs

437 1515 712 1556 Reverende
734 1515 782 1556 P.
807 1516 854 1556 in
874 1516 977 1556 Iesu
998 1515 1186 1556 Christo
1208 1515 1410 1555 Domino
1433 1521 1610 1555 nostro.

444 1587 611 1628 Gratia
633 1593 677 1627 et
698 1600 793 1639 pax
814 1587 1004 1628 Christi.

437 1660 541 1700 Non
562 1671 713 1711 pauca
735 1660 956 1710 dignatus
986 1665 1056 1699 est
1079 1659 1310 1699 Dominus
1338 1659 1412 1698 his
1440 1664 1641 1709 quatuor
1672 1658 1910 1698 mensibus
1930 1657 2012 1698 hic

357 1742 439 1782 per
456 1731 697 1770 ministros
715 1730 965 1771 Societatis
983 1730 1182 1781 operari,
1198 1742 1256 1770 ex
1274 1730 1441 1781 quibus
1457 1730 1682 1769 nonnulla
1699 1740 1819 1780 quae
1847 1740 2005 1768 occur-

358 1802 503 1842 rerint
525 1802 732 1841 breviter
763 1801 1012 1852 attingam.
1042 1801 1334 1841 Adolescens
1365 1801 1575 1852 quidam,
1600 1800 1677 1852 qui
1708 1806 1847 1840 antea
1868 1799 2008 1840 valde
2059 1826 2075 1837 .-

356 1873 575 1925 profusus
597 1879 699 1913 erat
727 1885 782 1913 ac
810 1873 1100 1912 vanitatibus
1132 1873 1358 1923 irretitus,
1384 1878 1637 1924 postquam
1654 1872 1859 1922 incoepit
1877 1871 2004 1911 domi

359 1949 553 1984 nostrae
576 1943 787 1983 confiteri
809 1944 948 1995 (quod
974 1944 1105 1995 prius
1127 1955 1269 1995 aegre
1292 1944 1436 1983 semel
1457 1944 1503 1983 in
1532 1955 1655 1982 anno
1684 1941 1869 1994 tepidus
1901 1954 2005 1982 exe-

358 2014 609 2066 quebatur)
640 2014 797 2065 gratia
820 2014 1011 2054 Domini
1037 2014 1254 2064 refectus,
1280 2015 1327 2054 in
1348 2015 1563 2054 omnibus
1583 2013 1713 2054 festis
1735 2013 2006 2064 praecipuis

358 2086 723 2137 uniuscuiusque
741 2086 929 2136 mensis,
943 2085 1253 2125 confessionis
1267 2084 1624 2125 Sacramentum
1636 2084 1846 2136 suscipit.
1872 2083 2007 2135 Quod

358 2157 397 2198 si
413 2158 460 2197 in
477 2157 633 2209 aliquo
654 2157 840 2197 illorum
857 2168 939 2208 per
957 2157 1290 2208 occupationes
1306 2156 1621 2207 praepeditur,
1643 2155 1802 2195 statim
1819 2155 2003 2196 accedit

356 2229 630 2279 lacrimans,
655 2233 700 2268 et
727 2228 1044 2279 negligentiae
1073 2227 1357 2278 praeteritae
1391 2227 1579 2266 veniam
1606 2234 1795 2278 petens:
1821 2226 2007 2266 interim

359 2301 405 2340 in
430 2299 641 2340 moribus
661 2304 705 2339 et
729 2299 828 2339 vita
846 2299 1234 2350 circumspectior
1257 2304 1301 2338 et
1322 2298 1486 2338 melior
1508 2297 1716 2338 effectus.

439 2370 573 2411 Multi
593 2370 741 2410 Vitam
764 2381 898 2409 suam
926 2369 973 2409 in
991 2369 1156 2409 melius
1185 2375 1474 2408 commutare
1497 2368 1820 2408 desiderantes
1848 2369 2005 2408 instin-

358 2448 435 2482 ctu
456 2441 646 2482 Domini
673 2441 732 2481 ad
758 2452 844 2480 nos
875 2440 1125 2489 accedunt,
1159 2439 1217 2480 ad
1246 2439 1544 2491 suscipienda
1573 2439 1846 2491 praeparati
1867 2451 2004 2490 quae-

359 2525 558 2564 cumque
586 2512 897 2552 censebuntur
920 2511 1227 2562 iniungenda3
1259 2511 1337 2561 qui
1365 2510 1550 2562 quidem
1584 2512 1631 2551 in
1658 2510 1865 2551 moribus
1901 2517 2009 2551 sunt

360 2584 622 2635 reformati,
652 2595 768 2635 quos
795 2583 925 2635 prius
953 2594 980 2623 a
1007 2594 1057 2622 se
1086 2583 1313 2633 repellere
1346 2594 1439 2622 non
1477 2588 1807 2634 speraverant,
1842 2587 1885 2622 et
1915 2582 2009 2622 iam

360 2655 637 2695 caecitatem
658 2666 806 2704 suam,
831 2666 923 2706 qua
944 2653 1214 2693 ferebantur
1230 2653 1277 2693 in
1297 2664 1541 2705 praeceps,
1564 2659 1814 2705 perspecta
1836 2653 2007 2693 verita—

361 2734 419 2776 te,
439 2726 743 2766 demirantur.
763 2726 813 2765 In
831 2724 987 2765 Natali
1003 2724 1193 2764 Domini
1210 2724 1358 2764 nostri
1374 2723 1453 2764 300
1469 2725 1680 2765 homines
1699 2725 1886 2764 circiter
1903 2735 2007 2763 con-

361 2797 474 2837 fessi
496 2803 618 2847 sunt,
646 2797 1059 2847 deprehensusque
1081 2801 1150 2834 est
1172 2796 1217 2834 in
1241 2795 1330 2834 illis
1358 2807 1438 2847 per
1459 2795 1664 2847 gratiam
1685 2795 1894 2835 divinam
1914 2806 2009 2834 non

420 2980 430 3000 ¹
473 2980 588 3014 Epist.
606 2979 805 3013 taadrz'711.,
821 2980 982 3012 1553-54,
997 2980 1233 3014 apographum
1249 2980 1347 3006 unico
1363 2980 1441 3007 folio
1456 2982 1516 3007 sub
1532 2988 1563 3007 n.
1574 2980 1636 3007 381.
1650 2980 1713 3008 Est
1729 2980 1833 3007 etiam
1844 2980 1877 3007 in
1890 2980 2008 3007 eodem

361 3029 431 3056 vol.
448 3028 567 3055 italica
582 3027 707 3060 versio,
727 3035 827 3061 quam
844 3035 936 3054 more
953 3031 1070 3055 nostro
1083 3027 1137 3054 hic
1153 3035 1390 3061 supponemus.
