2168 3437
416 297 487 335 596
929 298 1157 335 LITTERAE
1183 309 1546 342 QUADRIMESTRES

496 394 720 434 Visitavit
745 394 794 433 P.
832 393 1072 434 Adrianus
1105 394 1222 434 Rev.
1271 394 1570 435 Cardinalem
1603 395 1791 445 Polum,
1827 397 2058 448 Legatum

416 466 742 517 Apostolicum
764 464 775 484 ¹
798 466 1009 505 similiter
1026 465 1450 517 Archiepiscopum
1466 465 1494 517 ²,
1515 466 1738 507 Nuntium
1756 479 1783 507 a
1800 466 1919 508 Sede
1936 468 2059 520 Apo-

417 536 585 576 stolica
618 522 780 576 ultimo
814 537 1010 577 missum
1045 535 1072 577 ³.
1111 537 1397 588 Episcopum
1433 548 1618 589 quoque
1654 537 1992 591 Bressens[em]
2028 538 2057 590 4,

419 619 525 648 cum
554 607 720 647 Fratre
740 607 879 647 Petro
901 607 957 647 de
979 607 1104 658 Soto,
1130 608 1262 648 Caes.
1293 607 1456 660 Majes.
1489 608 1794 659 confessario,
1826 621 1933 649 cum
1964 611 2059 662 qui-

417 678 504 718 bus
525 679 621 729 egit
641 679 780 718 valde
800 678 1108 729 familiariter,
1142 679 1219 730 qui
1241 691 1332 719 uno
1361 690 1441 718 ore
1471 691 1656 719 omnem
1687 691 1822 720 suam
1850 692 2057 733 operam,

416 749 695 801 ubicumque
717 750 911 800 possint,
935 750 1070 790 nobis
1093 749 1294 790 offerunt
1315 756 1360 790 et
1380 750 1677 800 pollicentur.

497 820 739 871 Quaedam
774 821 1004 861 ditissima
1038 821 1181 861 vidua
1209 821 1528 873 Antuerpiae,
1558 822 1730 873 Viginti
1758 822 1849 862 duo
1879 828 1958 863 aut
1994 824 2057 863 vi-

415 892 533 943 ginti
570 892 710 931 trium
750 903 1000 940 annorum,
1044 892 1160 932 duas
1196 892 1373 932 habens
1408 893 1595 944 proles,
1634 893 1858 933 mundum
1894 894 2059 934 statuit

415 963 690 1014 relinquere,
716 964 907 1014 cupiens
928 964 1105 1003 intrare
1127 964 1405 1003 coenobium
1433 962 1636 1004 Sanctae
1666 963 1850 1004 Clarae.
1879 964 2059 1005 Verum

413 1035 689 1086 priusquam
722 1035 821 1074 voti
855 1040 1038 1086 poterat
1070 1034 1170 1074 fieri
1200 1046 1416 1086 compos,
1453 1040 1611 1074 tantas
1646 1046 1790 1086 passa
1824 1036 2055 1076 contradi-

415 1106 592 1146 ctiones
620 1118 646 1145 a
676 1107 969 1158 parentibus,
1008 1107 1171 1146 amicis
1206 1112 1397 1158 totaque
1433 1118 1518 1146 sua
1550 1107 1806 1158 progenie,
1841 1118 1961 1158 quae
1996 1108 2060 1148 ibi

413 1178 551 1217 valde
573 1184 642 1217 est
663 1177 868 1228 famosa,
893 1177 1015 1228 quod
1038 1178 1172 1229 quasi
1193 1178 1240 1217 in
1261 1184 1522 1218 extremam
1542 1177 1736 1218 reducta
1769 1178 2054 1229 angustiam,

413 1248 522 1300 quid
543 1248 811 1288 faciendum
831 1248 1004 1300 quidve
1033 1249 1341 1288 omittendum
1368 1248 1623 1298 dubitaret,
1658 1248 1747 1288 hoc
1776 1249 1928 1289 solum
1957 1250 2060 1290 reli-

412 1332 553 1372 quum
574 1320 773 1368 habens,
797 1320 845 1359 in
866 1332 956 1371 quo
987 1332 1172 1360 omnem
1205 1332 1336 1371 spem
1364 1326 1408 1360 et
1438 1319 1658 1360 fiduciam
1690 1320 1901 1371 tenebat,
1936 1321 2059 1372 quic-

412 1391 521 1443 quid
544 1391 681 1431 Pater
703 1391 942 1431 Adrianus
972 1392 1255 1439 consuleret,
1288 1391 1489 1431 caeteris
1521 1391 1704 1432 cunctis
1733 1392 1930 1442 spretis,
1963 1392 2058 1432 uni-

411 1474 516 1502 cum
538 1464 627 1502 hoc
649 1474 697 1502 se
718 1462 967 1513 facturam,
992 1468 1042 1502 ut
1063 1461 1193 1512 feeit,
1218 1474 1341 1513 nam,
1366 1461 1506 1502 Patre
1528 1462 1785 1513 mediante,
1811 1474 1917 1502 cum
1953 1475 2057 1503 con-

410 1545 550 1573 sensu
572 1540 834 1584 parentum,
858 1535 935 1586 qui
958 1534 1098 1574 etiam
1118 1534 1300 1585 prolum
1322 1534 1370 1573 in
1392 1545 1441 1573 se
1460 1545 1628 1574 curam
1645 1539 1970 1585 susceperunt,
1998 1535 2058 1575 ad

410 1606 675 1656 exemplum
709 1606 964 1645 multarum
997 1605 1236 1655 virginum
1275 1605 1322 1644 in
1361 1605 1527 1645 eodem
1566 1605 1782 1656 proxime
1826 1605 2052 1646 coenobio

411 1677 656 1717 vestietur.

489 1747 669 1788 Verum
700 1760 757 1787 ne
783 1748 871 1787 sim
902 1747 1144 1798 prolixior,
1178 1747 1365 1787 tertiam
1393 1747 1530 1787 huius
1566 1748 1794 1799 epistolae
1830 1748 2056 1798 arripiam

408 1825 606 1871 partem,
631 1819 677 1858 in
701 1830 789 1870 qua
811 1819 973 1869 tribus,
999 1819 1122 1870 quod
1144 1818 1235 1858 dici
1256 1819 1387 1867 solet,
1414 1818 1569 1858 Verbis
1590 1830 1748 1858 rerum
1775 1819 2054 1860 domestica-

408 1903 512 1931 rum
547 1889 758 1942 [statum]
801 1890 1063 1942 exprimere
1104 1890 1322 1930 conabor.
1361 1889 1524 1930 Studia
1562 1890 1750 1942 quidem
1788 1890 2052 1942 singularia

408 1963 535 2002 nulla
570 1963 816 2011 habemus,
847 1968 1178 2013 praeterquam
1204 1961 1399 2001 visitare
1428 1961 1661 2011 infirmos,
1694 1961 1944 2001 consolare
1971 1973 2052 2013 pu-

409 2034 678 2083 sillanimes,
704 2033 972 2073 confortare
988 2033 1242 2073 morientes
1264 2039 1307 2072 et
1329 2032 1541 2081 afflictos,
1566 2032 1733 2084 quibus
1752 2033 1873 2073 adeo
1897 2033 2050 2073 obrui-

408 2117 527 2156 mur,
551 2112 600 2145 ut
621 2105 703 2145 vix
734 2105 996 2145 litterarum
1024 2104 1188 2144 studiis
1216 2105 1336 2144 ullus
1363 2104 1655 2155 relinquatur
1687 2105 1842 2155 locus;
1876 2104 1914 2144 si
1945 2104 2055 2156 quid

407 2177 710 2228 concedatur,
735 2177 825 2216 hoc
846 2176 1033 2227 privato
1056 2175 1338 2226 impenditur
1361 2174 1532 2215 studio.

487 2248 604 2288 Tres
630 2248 898 2297 habuimus,
923 2247 1000 2299 qui
1022 2258 1071 2286 se
1092 2247 1138 2286 in
1159 2247 1480 2298 spiritualibus
1505 2253 1822 2287 exercuerunt
1848 2254 2052 2288 contem-

406 2319 704 2372 plationibus,
729 2330 926 2370 quorum
947 2319 1038 2358 duo
1057 2318 1117 2358 ad
1133 2324 1346 2358 nostram
1361 2318 1574 2369 aspirant
1590 2317 1894 2359 Societatem.
1915 2318 2049 2359 Unus

414 2391 657 2441 sacerdos,
683 2390 999 2441 singularibus
1020 2389 1299 2441 quibusdam
1329 2394 1526 2429 naturae
1547 2389 1764 2440 insigniis
1786 2390 1904 2430 bene
1926 2390 2054 2430 dota-

464 2601 473 2621 ¹
515 2600 723 2634 Reginaldus
740 2599 850 2632 Polus,
868 2598 1070 2632 Cardinalis,
1086 2598 1307 2632 Apostolicae
1324 2597 1420 2624 Sedis
1436 2599 1509 2625 “vel
1532 2598 1573 2625 ad
1591 2597 1786 2632 Caesarem,
1804 2600 1860 2625 vel
1877 2599 1920 2626 ad
1936 2599 2054 2626 Gallo-

408 2656 481 2675 rum
498 2648 637 2681 Regem,
653 2648 708 2674 vel
724 2647 766 2674 ad
782 2650 988 2680 utrumquem
1005 2650 1041 2672 ut
1053 2646 1102 2672 ait
1117 2645 1336 2679 Ravmmus,
1352 2645 1593 2679 Annal.,1553,
1611 2653 1640 2672 n.
1652 2652 1704 2679 111,
1719 2645 1883 2680 Legatus.

466 2696 480 2715 2
517 2695 635 2722 Verba
651 2695 735 2722 haec
751 2694 922 2721 similiter
936 2693 1263 2727 Archiepiscopum,
1278 2693 1357 2720 licet
1373 2695 1468 2721 nullo
1483 2693 1579 2727 signo
1595 2700 1614 2720 a
1628 2693 1915 2727 praecedentibus
1936 2694 2053 2721 verbis

407 2743 439 2770 in
455 2743 671 2776 autographo
686 2745 899 2776 separentur,
916 2741 1050 2768 minime
1073 2749 1148 2768 cum
1162 2741 1203 2768 iis
1217 2741 1378 2769 videntur
1394 2741 1641 2776 conjungenda.
1666 2740 1841 2768 Cardinali
1863 2742 1952 2768 enim
1968 2741 2049 2768 Polo

409 2791 541 2818 nonnisi
564 2790 719 2824 sequenti
742 2797 840 2823 ann0,
866 2789 918 2816 die
945 2796 980 2816 Χῖ
1006 2788 1222 2821 Decembris,
1248 2788 1506 2816 Cantuariensis
1531 2788 1850 2823 Archiepiscopalis
1874 2787 2053 2815 Ecclesiae

410 2838 663 2865 administratio
679 2838 807 2864 collata
823 2837 897 2864 fuit.

461 2886 475 2906 ὅ
513 2885 741 2920 Hieronymus
757 2884 916 2918 Dandini,
933 2883 1324 2914 Cardinalis.1molensis
1339 2884 1461 2918 dictus,
1478 2884 1557 2919 quia
1568 2883 1699 2911 Imolae
1719 2883 1910 2918 Episcopus
1927 2885 2041 2911 fuerat

462 2935 475 2954 4
513 2933 691 2960 Bressens
713 2932 891 2966 perspicue
913 2931 1039 2965 legitur
1055 2931 1087 2958 in
1109 2931 1342 2966 autog1·apho;
1367 2939 1421 2958 em
1442 2939 1537 2965 vero,
1563 2932 1649 2966 quod
1673 2932 1842 2965 addimus,
1869 2931 1902 2959 in
1928 2933 2053 2960 attrita

408 2982 529 3009 charta
546 2981 753 3008 subobscure
768 2978 967 3013 percipitur.
984 2978 1076 3011 Quod
1094 2979 1121 3006 si
1136 2986 1196 3013 pro
1212 2978 1456 3013 Brixiensem,
1472 2983 1509 3006 ut
1523 2986 1625 3013 saepe
1642 2983 1721 3006 tunc
1738 2982 1770 3005 et
1785 2983 1907 3013 postea
1922 2980 2051 3007 factum

405 3034 467 3063 est,
492 3028 639 3062 positum
660 3027 903 3060 existimemus,
926 3033 1037 3053 sermo
1061 3030 1111 3053 est
1133 3027 1172 3053 de
1188 3026 1341 3054 Durante
1368 3027 1407 3054 de
1429 3027 1651 3061 Durantibus,
1675 3027 1844 3054 Brixiensi
1870 3026 2048 3062 Episcopo.

405 3076 515 3110 Hujus
531 3081 658 3109 tamen,
674 3080 710 3103 ut
727 3079 761 3102 et
777 3074 1099 3108 Archiepiscopi,de
1122 3082 1185 3108 quo
1207 3082 1321 3108 supra,
1344 3078 1459 3102 annot.
1482 3074 1517 3109 2,
1543 3075 1681 3108 nullam,
1704 3075 1781 3102 dum
1805 3075 1889 3102 haec
1912 3079 2049 3108 narrat,

402 3124 603 3152 mentionem
618 3124 721 3151 habet
737 3122 910 3150 PoxlAncus
926 3126 959 3149 et
973 3126 1051 3156 post
1065 3129 1139 3149 eum
1155 3122 1384 3149 ORLANDINus.
