2168 3437
903 268 987 306 AN.
1018 268 1110 306 1553
1755 272 1826 309 483

187 378 264 407 res
284 377 387 406 esse
408 365 676 406 dialectices
696 371 897 417 nostros,
920 366 998 417 qui
1018 377 1162 406 unum
1182 372 1363 406 tantum
1384 378 1558 407 annum
1578 367 1625 407 in
1647 378 1701 407 ea
1722 378 1822 407 ver-

189 437 279 477 sati
298 436 498 487 fuerunt,
524 448 665 488 quam
685 447 756 487 se,
780 436 860 488 qui
882 435 980 487 jam
1000 436 1117 477 duos
1144 437 1533 488 consumpserint.
1557 437 1655 479 Nec
1675 437 1827 478 minor

189 513 260 548 est
281 508 478 548 aliorum
504 507 704 548 fratrum
725 507 772 547 in
792 507 938 548 literis
958 506 1218 559 profectus,
1246 509 1343 560 qui,
1368 509 1530 549 ordine
1551 520 1578 548 a
1598 508 1647 549 P.
1671 508 1827 550 Natali

190 578 460 629 constituto,
485 578 580 618 suis
601 578 775 629 singuli
796 578 961 618 studiis
982 579 1191 619 sedulam
1210 590 1404 630 operam
1420 585 1611 620 navant.

270 650 541 690 Domestica
563 650 906 690 administratio
929 650 993 689 ita
1015 661 1064 689 se
1086 649 1225 690 habet
1245 657 1295 690 ut
1316 650 1466 691 eidem
1486 650 1616 691 Patri
1636 651 1826 703 placuit.

191 720 347 761 Tonos
378 721 756 761 concionatorios
789 719 800 739 ¹
828 721 1030 771 primum
1065 720 1262 771 singulis
1295 721 1456 761 diebus
1494 722 1540 762 in
1575 722 1829 762 coenaculo

190 791 361 832 fratres
390 793 604 832 recitant.
642 792 903 832 Dominicis
933 803 1048 831 vero
1071 792 1238 832 concio
1259 792 1382 843 apud
1403 792 1574 833 fratres
1595 793 1652 833 ab
1676 793 1829 845 aliquo

192 874 369 913 eorum,
394 863 471 914 qui
493 864 540 903 in
561 862 698 903 domo
720 863 1010 915 probationis
1032 869 1153 914 sunt,
1179 863 1343 903 haberi
1369 864 1500 904 solet.
1529 863 1635 916 Jam
1662 876 1829 904 censor

194 939 265 974 est
285 934 581 984 constitutus,
602 934 675 974 cui
693 934 958 974 defectuum
976 933 1191 973 omnibus
1208 934 1256 973 in
1272 934 1411 974 rebus
1429 935 1830 976 observandorum

193 1016 307 1045 cura
327 1004 535 1056 injuncta
557 1010 641 1045 est.
666 1004 842 1045 Diebus
863 1004 1125 1045 Dominicis
1146 1005 1194 1044 in
1214 1012 1378 1045 nostra
1401 1006 1515 1046 aede
1537 1017 1675 1046 sacra
1695 1006 1832 1047 Pater

194 1076 510 1116 Maximianus
530 1075 543 1094 '²
566 1082 673 1116 ante
695 1076 944 1127 prandium
970 1075 1197 1116 mediocri
1217 1075 1231 1094 ⁵
1254 1088 1360 1116 cum
1382 1076 1668 1117 audientium
1690 1083 1735 1117 et
1754 1089 1832 1117 nu-

196 1158 324 1187 mero
347 1153 391 1187 et
414 1147 739 1188 aedificatione
761 1148 1081 1198 concionatur,
1106 1147 1427 1198 pomeridiano
1446 1159 1561 1188 vero
1578 1155 1787 1200 tempore
1809 1161 1835 1188 a

195 1218 245 1258 P.
277 1218 454 1259 Correa
481 1217 497 1236 ‘⁴
526 1217 600 1258 X.i
636 1218 850 1259 doctrina
885 1218 1186 1269 praelegitur,
1215 1218 1293 1269 qui
1328 1225 1372 1258 et
1407 1219 1529 1258 idem
1566 1219 1728 1273 diesbus
1757 1220 1834 1259 ali-

195 1290 383 1341 quando
405 1289 586 1329 festivis
608 1301 701 1329 non
722 1290 892 1330 minori
912 1301 1019 1330 cum
1041 1289 1366 1329 aedificatione
1383 1290 1658 1330 concionem
1680 1290 1833 1330 habet.

274 1360 381 1401 Alia
402 1366 647 1412 praeterea
670 1372 696 1400 a
718 1360 766 1400 P.
790 1360 947 1402 Natali
967 1360 1220 1400 constituta
1245 1366 1366 1411 sunt,
1390 1372 1509 1412 quae
1529 1373 1652 1401 nunc
1675 1373 1831 1401 recen-

196 1443 299 1472 sere
320 1432 640 1472 necessarium
661 1443 755 1471 non
776 1431 901 1472 duxi.
935 1432 1091 1472 Ebura
1113 1430 1126 1450 ⁵
1147 1432 1442 1483 praesbyteri
1464 1432 1554 1472 duo
1583 1431 1736 1473 Patris
1756 1432 1836 1472 Mi-

196 1503 325 1543 ronis
341 1502 472 1555 jussu
493 1504 583 1543 huc
605 1509 854 1553 Venerunt,
884 1509 1047 1543 nostro
1075 1503 1286 1543 instituto
1316 1503 1429 1543 satis
1457 1504 1575 1555 apti,
1608 1504 1687 1555 qui
1707 1509 1751 1544 et
1771 1515 1836 1544 re-

199 1575 321 1626 cepti
342 1580 467 1625 sunt,
494 1585 760 1626 magnaque
787 1586 892 1615 cum
911 1574 1110 1614 fratrum
1133 1573 1455 1614 aedificatione
1484 1586 1662 1627 suoque
1689 1575 1838 1626 profe-

200 1652 279 1686 ctu
300 1646 346 1685 in
367 1646 608 1697 proposito
637 1651 958 1696 perseverant.
989 1645 1184 1685 Necnon
1213 1651 1257 1685 et
1286 1646 1404 1685 alius
1432 1646 1573 1686 etiam
1601 1645 1836 1696 sacerdos,

200 1717 279 1768 qui
299 1715 586 1757 Salmantica
609 1727 756 1768 nuper
779 1716 1049 1766 adveniens,
1073 1722 1292 1768 receptus
1313 1723 1397 1757 est.

279 1788 496 1828 Excessit
513 1793 669 1828 autem
690 1799 714 1827 e
734 1788 856 1836 vita,
881 1788 1052 1839 elapsis
1074 1799 1220 1839 prope
1242 1788 1428 1839 diebus,
1461 1788 1605 1828 frater
1633 1789 1836 1841 quidam,

201 1859 276 1898 cui
305 1858 548 1910 Alphonso
569 1857 583 1877 ‘⁵
604 1870 774 1899 nomen
802 1864 916 1899 erat.
948 1858 1097 1910 Hujus
1131 1859 1284 1899 exitus
1318 1860 1444 1900 Vitae
1472 1866 1665 1901 sanctae
1701 1866 1839 1912 atque

201 1930 424 1970 honestae
444 1935 715 1970 transactae
735 1941 962 1981 perquam
982 1930 1146 1970 similis
1162 1930 1261 1970 fuit.
1283 1930 1401 1970 Cum
1417 1929 1516 1981 jam
1538 1931 1594 1971 de
1622 1930 1720 1982 ejus
1742 1932 1838 1972 vita

201 2000 365 2041 medici
389 2001 734 2052 desperassent,
754 2006 892 2053 atque
909 2000 1334 2041 vehementissimis
1350 2001 1555 2042 febribus
1576 2008 1837 2053 urgeretur,

200 2072 501 2112 nihilominus
527 2078 685 2112 tamen
718 2071 899 2112 duabus
932 2072 1126 2123 integris
1155 2073 1284 2112 horis
1312 2073 1508 2124 singulis
1537 2073 1698 2114 diebus
1732 2085 1836 2114 con-

201 2143 491 2195 templationi
511 2144 735 2194 vacabat3
761 2143 837 2195 qui
858 2143 1048 2183 tandem
1068 2144 1256 2195 placida
1286 2150 1330 2184 et
1357 2144 1449 2184 leni
1476 2150 1625 2185 morte
1646 2145 1746 2185 vita
1767 2144 1840 2185 de-

205 2214 393 2254 functus
415 2221 498 2254 est.

283 2285 334 2325 In
351 2285 440 2325 hac
454 2297 567 2325 vero
584 2291 746 2326 nostra
763 2285 1076 2337 Conimbrica,
1096 2297 1188 2337 qua
1209 2292 1362 2326 mente
1383 2298 1566 2338 quaque
1582 2287 1754 2338 pietate
1774 2298 1841 2327 re-

202 2356 423 2407 ligionem
444 2356 575 2396 multi
597 2357 768 2407 colant,
792 2362 1109 2408 quantumque
1126 2357 1259 2396 nobis
1279 2357 1500 2408 tribuant,
1525 2358 1694 2398 mirum
1717 2364 1843 2398 certe

205 2428 332 2467 dictu
354 2426 508 2477 fuerit;
532 2427 655 2478 quod
676 2439 734 2467 ex
754 2428 932 2467 crebris
948 2428 1226 2479 praesertim
1248 2427 1619 2468 confessionibus
1640 2429 1844 2481 perspici

205 2499 327 2538 licet.
352 2497 421 2538 Ita
443 2498 567 2538 enim
589 2499 876 2539 consuetudo
897 2499 1015 2539 haec
1036 2500 1264 2550 paulatim
1285 2500 1456 2551 serpsit
1479 2512 1533 2540 ac
1554 2500 1742 2552 prodiit,
1767 2500 1843 2541 ad-

206 2569 502 2611 hortantibus
523 2569 582 2609 ad
603 2569 649 2609 id
669 2570 857 2618 nostris,
881 2576 931 2610 ut
952 2570 1147 2621 singulis
1165 2571 1328 2610 diebus
1345 2571 1477 2611 multi
1494 2571 1600 2622 sint,
1625 2571 1702 2623 qui
1722 2571 1845 2624 apud

206 2653 291 2681 nos
322 2646 365 2680 et
393 2647 589 2692 peccata
626 2640 863 2681 fateantur
898 2646 943 2681 et
976 2641 1304 2681 Eucharistiae
1339 2641 1698 2683 Sacramentum
1732 2643 1845 2683 reci-

263 2802 272 2822 ¹
314 2802 608 2835 Concionatorz'os,
623 2801 879 2836 perspicuitatis
890 2801 1006 2836 gratia
1021 2802 1175 2829 additum
1192 2802 1225 2829 in
1241 2802 1451 2836 apographo.

263 2850 277 2869 2
313 2849 401 2877 Vide
418 2849 584 2883 PoLANco,
604 2849 807 2882 Clzronicorz,
822 2854 846 2876 t.
862 2856 909 2883 111,
925 2857 1005 2884 pag.
1019 2849 1081 2876 419.

266 2898 280 2918 5
319 2905 386 2924 non
403 2899 538 2931 exiguo.
555 2898 685 2932 Apogr.

267 2945 283 2965 4
320 2945 356 2972 Ρ.
372 2944 542 2972 Antonius
559 2944 700 2972 Coi-rea.

270 2992 284 3012 ⁵
322 2992 386 3026 Sic;
404 2992 521 3019 Evora
538 2993 593 3019 vel
609 2992 737 3019 Ebora.

264 3039 278 3059 ὃ
318 3041 510 3075 Alphonsus
522 3040 679 3067 Vasaeus
695 3039 809 3073 (Vas).
830 3039 918 3066 Vide
934 3039 1084 3074 FRAxco,
1102 3040 1271 3075 synopsis
1287 3041 1475 3068 annalium
1489 3041 1562 3069 Soc.
1583 3041 1671 3076 Jesu
1688 3043 1724 3069 in
1741 3042 1849 3069 Lusi-

214 3089 328 3120 tanta,
345 3089 429 3116 Ann.
444 3089 527 3121 1553,
544 3096 574 3115 n.
589 3087 818 3122 8.—-Alphonsi
836 3088 994 3115 decessus
1009 3088 1072 3115 fuit
1086 3088 1103 3114 9
1118 3088 1331 3115 Novembris.
