2168 3437
381 268 429 304 44
896 268 1126 306 LITTERAE
1153 278 1511 310 QUADRIMESTRES

463 365 598 416 Quod
619 372 776 407 autem
797 366 855 406 ad
877 365 1222 406 confessionem
1244 365 1429 415 attinet,
1460 365 1594 405 multi
1621 365 1860 417 utriusque
1881 377 2025 405 sexus

383 435 595 476 confiteri
616 437 764 477 solent
782 449 789 488 3
807 443 949 488 utque
966 437 1122 488 plures
1139 435 1495 485 confiterentur,
1515 435 1787 476 facultatem
1805 436 2024 476 audiendi

367 507 705 553 ,confessiones
726 520 906 548 summo
929 508 976 548 in
997 508 1168 559 templo
1185 507 1522 547 canonicorum
1537 506 1762 558 suffragio
1781 507 2019 547 consecuti

382 588 556 618 sumus.
589 578 750 630 ltaque
781 579 871 619 loci
898 578 1206 618 commoditas
1240 583 1448 629 praestat
1484 583 1534 617 ut
1571 577 1721 617 isthuc
1755 577 2027 629 frequentes

383 648 643 689 confessuri
662 650 868 690 veniant.
892 650 963 690 Ex
986 649 1278 690 confessione
1306 660 1446 700 porro
1478 648 1568 688 duo
1596 648 1716 688 inter
1744 655 1930 689 caetera
1951 648 2029 689 his.

380 719 548 760 litteris
569 720 866 761 inscribenda
889 727 1158 761 occurrunt.
1188 720 1345 760 Primo
1378 719 1596 759 mulieres
1625 719 1876 771 pleraeque
1897 719 2022 759 nobi-

380 790 448 830 les
469 791 829 842 conscientiam,
853 792 1047 832 maculis
1075 791 1356 843 praeteritae
1386 791 1512 830 vitae
1544 790 1863 841 denigratam,
1887 801 2023 841 gene-

380 862 493 901 ralis
514 862 823 902 confessionis
843 863 966 903 nitro
989 862 1242 902 candidare
1263 863 1526 902 voluerunt.
1548 862 1662 901 Item
1679 861 1798 901 aliae
1815 861 2024 901 crebrius

381 943 551 973 suasae
591 933 651 974 ad
688 934 852 974 altaris
891 933 1248 974 Sacramentum
1290 933 1534 974 accedunt.
1578 932 1747 972 Mirum
1786 944 1898 972 sane
1938 938 2021 983 est,

381 1015 522 1055 quam
543 1015 742 1055 magnas
764 1005 811 1045 in
833 1005 932 1045 dies
954 1004 1041 1045 hae
1063 1005 1450 1056 religiosissimae
1478 1004 1712 1043 foeminae
1734 1003 1882 1043 divini
1901 1015 2026 1043 arno-

380 1075 446 1115 ris
465 1075 678 1116 flammas
700 1076 946 1128 concipere
968 1077 1218 1116 enitantur.

461 1146 675 1187 Secundo
695 1148 800 1188 loco
818 1148 1112 1188 admirantur
1135 1148 1213 1188 alii
1235 1148 1359 1199 quod
1380 1146 1518 1198 hujus
1540 1146 1789 1188 Societatis
1811 1145 2025 1186 sacerdo-

380 1224 451 1258 tes
471 1218 696 1269 pecunias
717 1224 953 1270 recusent,
979 1219 1018 1258 si
1040 1230 1158 1270 quae
1189 1219 1236 1259 in
1264 1219 1527 1258 mercedem
1560 1218 1826 1258 auditarum
1848 1216 2025 1257 confes-

381 1290 565 1329 sionum
600 1289 880 1341 offeruntur,
914 1297 993 1330 aut
1029 1302 1114 1342 pro
1149 1302 1200 1330 re
1235 1290 1395 1330 divina
1430 1288 1647 1329 facienda
1681 1290 1859 1329 nullum
1893 1300 2025 1340 prae-

381 1361 525 1400 mium
546 1361 594 1400 in
616 1361 831 1401 laborum
852 1361 1283 1413 compensationem
1306 1361 1423 1401 adeo
1454 1373 1547 1400 non
1576 1366 1847 1412 expectent,
1871 1366 1920 1400 ut
1940 1370 2026 1399 nec

386 1431 650 1471 admittant.

461 1502 583 1542 Reus
604 1502 662 1544 D.
686 1503 929 1554 Vicarius,
954 1504 1032 1555 qui
1059 1514 1304 1543 sacrarum
1336 1503 1438 1543 Deo
1472 1503 1782 1542 foeminarum
1803 1502 1943 1542 saluti
1964 1506 2026 1542 in-

383 1573 737 1625 columitatique
773 1574 1038 1614 animarum
1071 1575 1335 1614 consultum
1370 1574 1543 1623 voluit,
1586 1585 1691 1613 cum
1728 1572 1832 1612 R.dO
1861 1572 1912 1612 P.
1952 1573 2029 1613 Al-

382 1644 565 1695 phonso
594 1643 603 1661 ¹
638 1644 789 1684 effecit
823 1650 872 1685 ut
907 1645 1050 1696 aliqui
1083 1651 1296 1685 nostrum
1331 1645 1420 1684 illis
1452 1644 1738 1696 praedicent.
1777 1643 2030 1695 Speramus

383 1727 488 1755 eam
512 1727 612 1756 rem
646 1727 845 1767 magnos
871 1716 1061 1767 pietatis
1090 1716 1270 1756 fructus
1302 1727 1461 1756 secum
1493 1716 1755 1755 allaturam.
1780 1715 1921 1756 Urbis
1951 1727 2029 1755 vo-

389 1787 543 1827 luntas
564 1788 610 1827 in
632 1794 791 1828 nostra
815 1787 1060 1827 commoda
1087 1788 1202 1827 satis
1225 1799 1458 1838 propensa
1479 1787 1582 1826 visa
1611 1793 1701 1837 est,
1727 1787 1786 1826 ad
1814 1788 2028 1826 volunta-

384 1864 478 1898 tem
500 1858 611 1898 illud
633 1858 833 1898 accessit
854 1865 903 1898 ut
924 1858 1156 1910 quaedam
1176 1858 1353 1898 nobiles
1376 1858 1496 1897 inter
1518 1869 1567 1897 se
1589 1863 1849 1897 statuerent
1866 1857 2028 1897 Excel-

386 1930 695 1969 lentissimam
728 1929 908 1970 Ducem
944 1929 958 1947 ‘²
994 1930 1267 1980 convenire,
1310 1929 1443 1969 nobis
1479 1935 1657 1969 certam
1690 1929 2031 1969 habitationem

386 2006 680 2052 precaturae.
705 2000 950 2052 Templum
971 2000 1203 2051 quoddam
1231 2001 1278 2040 in
1299 1999 1434 2051 hujus
1464 2000 1800 2051 propemodum
1823 2000 2030 2039 civitatis

387 2072 604 2112 umbilico
633 2072 767 2112 nobis
798 2072 1033 2112 communi
1061 2083 1180 2111 voce
1210 2072 1553 2117 destinabatur,
1578 2071 1953 2122 destinatumque
1979 2076 2029 2110 ut

387 2154 782 2195 consequeremur
811 2154 925 2183 cura
946 2143 1278 2194 diligentiaque
1300 2142 1445 2182 Ducis
1468 2148 1594 2182 certe
1615 2142 1801 2193 quidem
1830 2154 1924 2181 non
1956 2141 2030 2181 de-

386 2215 485 2255 fuit.
509 2213 601 2254 Sed
623 2214 757 2254 novis
790 2214 1018 2254 bellorum
1049 2214 1251 2254 motibus
1283 2226 1388 2254 cum
1419 2214 1515 2253 divi
1541 2213 1781 2253 Benedicti
1809 2212 2030 2252 Monachi

386 2285 672 2326 monasterio
694 2286 998 2336 pellerentur,
1032 2285 1122 2324 huc
1154 2285 1541 2335 commigrarunt.
1566 2284 1668 2334 Quo
1691 2290 1860 2324 eventu
1883 2284 2026 2334 cives,

387 2368 585 2408 quorum
607 2357 770 2397 domus
802 2367 856 2396 eo
891 2356 937 2396 in
974 2357 1079 2395 loco
1113 2356 1229 2395 sitae
1260 2362 1388 2405 sunt,
1422 2356 1616 2394 moleste
1646 2355 1807 2395 tulisse
1836 2355 1947 2394 illud
1972 2355 2032 2395 sit

386 2434 664 2479 argumento
700 2427 824 2479 quod
852 2426 1136 2466 affirmarent
1158 2427 1217 2466 ad
1239 2426 1419 2466 Ducem
1440 2432 1601 2465 nostra
1630 2437 1773 2465 causa
1805 2438 1854 2466 se
1881 2426 2030 2466 ituros

385 2500 529 2540 fuisse
561 2499 599 2539 si
627 2511 726 2539 rem
761 2499 995 2550 integram
1030 2499 1169 2548 paulo
1205 2504 1312 2537 ante
1350 2498 1699 2548 cognovissent.
1737 2497 1859 2548 Quin
1888 2497 2030 2537 etiam
2090 2503 2091 2506 ’

386 2571 524 2611 audio
544 2582 646 2619 eos,
667 2570 726 2610 ad
743 2581 859 2622 quos
876 2569 988 2609 illud
1005 2569 1227 2620 templum
1243 2569 1525 2620 pertinebat,
1548 2568 1764 2619 indignos
1783 2569 1956 2608 dixisse
1977 2579 2027 2608 se

386 2642 464 2693 qui
484 2654 511 2682 a
534 2641 634 2682 Deo
660 2642 742 2681 tali
762 2652 954 2681 munere
976 2639 1278 2680 donarentur.
1311 2640 1552 2690 Quaedam
1582 2640 1750 2679 nobilis
1778 2646 1995 2679 matrona
2015 2637 2029 2656 ⁵

387 2713 446 2752 ab
487 2713 588 2764 ipso
623 2712 853 2764 principio
888 2717 1019 2752 tanto
1056 2723 1214 2751 amore
1250 2723 1335 2750 nos
1372 2723 1534 2751 omnes
1569 2713 1814 2763 complexa
1849 2717 1941 2760 est,
1979 2716 2029 2750 ut

385 2790 577 2823 nostrae
617 2783 884 2834 paupertati
920 2794 1055 2833 opem
1096 2782 1279 2822 tulerit:
1319 2789 1457 2833 atque
1495 2783 1540 2822 in
1576 2783 1675 2822 dies
1708 2783 1858 2822 maior
1894 2782 1940 2821 in
1974 2793 2029 2821 ea

441 2941 450 2960 ¹
494 2940 528 2967 P.
547 2941 744 2975 Alphonsus
761 2941 951 2968 Salmeron.

438 2988 452 3007 2
491 2988 662 3015 Eleonora
679 2989 717 3015 de
735 2989 875 3021 Toledo‚
890 2988 1087 3015 Florentiae
1103 2987 1246 3016 Ducissa
1258 2997 1263 3022 ;
1277 2989 1348 3023 cjus
1363 2989 1518 3021 maritus,
1535 2989 1575 3015 de
1591 2996 1654 3023 quo
1667 2989 1739 3023 jam
1753 2989 1950 3023 saepissime
1967 2987 2027 3014 fuit

384 3043 507 3067 sermo,
524 3042 598 3063 erat
616 3036 755 3063 Cosmus
771 3036 784 3062 I
800 3036 839 3062 de
855 3035 1003 3063 Medicis.

438 3083 452 3103 5
491 3083 635 3111 Domina
650 3083 759 3111 Maria
775 3084 813 3110 de
833 3083 951 3110 Condi.
966 3083 1133 3116 POLANCO,
1151 3084 1170 3110 l.
1187 3091 1226 3116 c„
1242 3091 1273 3111 n.
1289 3084 1350 3110 246.
