2168 3437
307 257 378 295 402
818 254 1045 291 LITTERAE
1072 263 1431 297 QUADRIMESTRES

988 716 1275 771 GGLXIV

380 952 426 989 P.
449 952 706 999 Alphonsus
727 949 964 999 Cypriano‚

424 1017 494 1054 Ex
512 1016 835 1054 commissione
855 1017 998 1053 Patris
1018 1016 1174 1062 Jacobi
1193 1016 1355 1063 Miron,

474 1082 596 1120 Patri
613 1082 784 1129 Ignatio
804 1081 857 1118 de
876 1081 1063 1129 Loyola.

519 1147 799 1194 Ulyssipone‚
819 1146 863 1184 31
885 1146 1145 1184 Decembris
1165 1146 1258 1183 1553
1277 1147 1301 1183 ¹.

1087 1426 1184 1467 IHS

386 1641 486 1682 Pax
512 1641 701 1681 Domini
728 1641 814 1681 nri.
847 1641 959 1694 Jesu
996 1641 1122 1682 Chri.
1163 1641 1221 1681 sit
1259 1653 1443 1692 semper
1471 1641 1519 1681 in
1555 1641 1722 1680 animis
1756 1639 1944 1680 nostris.

306 1712 474 1753 Amen.

385 1783 619 1824 Calendae
648 1783 859 1836 Januarii
885 1784 1157 1833 hortantur,
1189 1782 1242 1823 R.
1273 1782 1346 1834 P.,
1380 1789 1429 1823 ut
1461 1783 1516 1823 de
1546 1788 1645 1823 toto
1675 1787 1947 1822 nostrarum

304 1867 461 1895 rerum
478 1861 603 1895 statu
624 1855 830 1895 breviter
846 1855 1064 1895 scribam.
1085 1854 1262 1905 Quibus
1287 1855 1410 1894 enim
1433 1854 1579 1894 literis
1602 1859 1699 1894 tam
1725 1858 1947 1893 accurate

303 1926 490 1978 scriptis
513 1926 699 1978 assequi
726 1937 914 1977 possem
942 1926 1131 1966 omnino
1160 1931 1209 1965 ut
1238 1926 1468 1977 explicem
1491 1925 1647 1965 omnia
1675 1924 1763 1965 Dei
1786 1923 1949 1976 optimi

302 1997 497 2038 maximi
516 1997 741 2037 beneficia
764 1997 810 2037 in
832 2008 918 2036 nos
939 1996 1054 2036 nihil
1075 1997 1168 2036 tale
1188 1996 1490 2047 promeritos?

384 2069 437 2108 R.
474 2068 523 2109 P.
557 2069 876 2119 Hieronymus
919 2067 1098 2108 Natalis
1137 2073 1268 2108 recta
1304 2067 1394 2107 huc
1431 2067 1560 2107 venit
1595 2067 1889 2107 Barchinone
1917 2064 1948 2116 ²3

304 2139 436 2191 cujus
457 2139 702 2188 adventus,
727 2139 920 2191 perinde
942 2150 997 2179 ac
1019 2138 1190 2190 debuit,
1215 2137 1301 2178 fuit
1329 2138 1543 2178 omnibus
1566 2137 1946 2189 jucundissimus.

304 2211 543 2262 Exceptus
578 2216 647 2251 est
683 2222 709 2250 a
745 2221 857 2261 rege
894 2216 1034 2261 atque
1068 2209 1166 2261 ejus
1201 2209 1425 2249 fratribus
1456 2208 1469 2227 ⁵
1499 2210 1604 2260 pari
1638 2209 1945 2249 humanitate.

303 2282 535 2323 Videntur
558 2282 681 2322 enim
703 2281 749 2321 hi
771 2281 919 2321 nostri
948 2280 1185 2332 principes
1207 2280 1263 2320 de
1294 2280 1512 2331 augenda
1535 2280 1840 2331 ornandaque
1863 2278 1944 2319 So·

307 2353 490 2404 cietate,
516 2365 623 2393 cum
643 2363 817 2403 magna
839 2351 986 2392 divini
1007 2351 1207 2391 nominis
1228 2352 1395 2403 gloria,
1420 2352 1541 2391 inter
1563 2363 1612 2391 se
1635 2357 1830 2390 certare.

386 2424 499 2465 Post
534 2425 710 2475 aliquot
745 2423 844 2463 dies
878 2422 1129 2463 Societatis
1169 2422 1542 2473 constitutiones,
1586 2433 1705 2473 quae
1739 2428 1836 2461 tam
1871 2421 1948 2461 diu

306 2502 495 2547 tamque
522 2495 825 2535 vehementer
855 2494 912 2534 ab
941 2494 1155 2534 omnibus
1180 2494 1570 2546 expectabantur,
1601 2493 1826 2533 fratribus
1847 2503 1947 2532 coe-

306 2568 372 2619 pit
393 2566 516 2607 idem
543 2575 799 2618 exponere3
824 2566 872 2606 in
899 2577 990 2617 qua
1016 2577 1067 2605 re
1095 2564 1287 2617 duplex,
1318 2571 1457 2616 atque
1487 2570 1680 2616 uterque
1706 2576 1824 2616 pene
1845 2574 1946 2615 par,

306 2639 458 2678 inerat
477 2638 680 2688 fructus,
705 2643 803 2677 tum
824 2637 949 2689 quod
974 2636 1146 2676 fratres
1174 2647 1350 2687 omnes,
1381 2636 1504 2687 quod
1536 2636 1722 2687 quidem
1755 2646 1948 2675 cernere

305 2709 442 2750 facile
464 2715 586 2760 erat,
611 2721 669 2749 ex
691 2720 854 2748 eorum
875 2708 1116 2759 diligentia
1139 2713 1276 2760 atque
1297 2707 1485 2748 fervore
1506 2719 1677 2757 novos,
1705 2705 1950 2746 audiendis

362 2845 371 2864 ¹
412 2844 641 2879 Autographa
657 2845 812 2879 exempla
828 2844 909 2871 bina
924 2847 1002 2871 sunt
1017 2843 1140 2871 harum
1156 2843 1362 2877 litterarum;
1378 2850 1480 2869 unum
1496 2842 1528 2869 in
1543 2842 1622 2869 folio
1637 2841 1761 2876 duplici
1777 2841 1878 2868 nullis
1890 2848 1948 2867 nu-

309 2892 411 2918 meris
426 2892 597 2924 distincto,
619 2891 678 2919 sed
702 2891 751 2918 ita
777 2891 934 2918 attritum
957 2895 994 2918 ut
1015 2898 1140 2925 magna
1165 2894 1264 2924 parte
1288 2890 1501 2917 desideretur
1522 2889 1645 2917 charta
1669 2894 1702 2916 et
1724 2896 1809 2923 quae
1831 2888 1863 2916 in
1879 2888 1951 2923 eJ'us

308 2940 472 2966 extremis
487 2940 555 2966 oris
571 2939 702 2973 scripta
719 2943 828 2973 e1·ant;
845 2939 993 2966 alterum
1008 2939 1179 2973 integrum
1194 2938 1227 2965 in
1243 2938 1323 2965 folio
1337 2937 1419 2965 item
1434 2937 1570 2971 duplici,
1585 2945 1639 2964 nn.
1655 2937 1708 2964 583
1722 2940 1755 2964 et
1769 2936 1830 2963 539.

366 2986 380 3005 2
418 2986 505 3013 Vide
524 2991 637 3014 tamen
653 2994 738 3021 quae
755 2987 794 3013 de
811 2987 883 3021 ejus
908 2987 1029 3014 itinere
1053 2986 1301 3020 Portugalliam
1322 2992 1444 3012 versus
1464 2988 1585 3012 narrat
1607 2985 1783 3011 POLANcus
1798 2983 1831 3011 in
1850 2983 1951 3010 Clzro-

311 3034 399 3065 nico,
414 3037 436 3060 t.
453 3040 502 3062 111.

363 3081 376 3100 ³
414 3080 561 3113 Joannes
575 3081 622 3108 III
639 3085 672 3108 et
688 3081 760 3116 ejus
775 3081 903 3108 fratres
918 3080 1086 3108 Henricus
1101 3084 1135 3108 et
1149 3080 1354 3108 Ludovicus.
