2168 3437
350 258 418 295 180
863 258 1091 295 LITTERAE
1118 270 1485 301 QUADRIMESTRES

348 356 566 396 Patribus
587 355 778 395 tradidit
800 361 843 395 et
866 356 1251 407 quotiescumque
1272 357 1408 396 nobis
1429 357 1475 396 in
1498 356 1575 397 via
1597 357 1645 397 fit
1668 358 1871 408 obviam,
1897 359 1987 398 sin>

347 429 561 477 gularem
582 427 790 466 animum
811 432 855 467 et
875 426 1080 467 studium
1101 427 1236 467 nobis
1258 427 1475 468 ostendit.
1500 428 1552 468 In
1573 429 1662 468 hac
1684 429 1798 469 urbe
1831 430 1991 481 opinio

349 498 597 538 Societatis
618 497 888 538 diffunditur
910 504 955 538 et
978 498 1023 538 in
1045 498 1143 538 dies
1166 499 1408 547 accrescit,
1434 504 1478 538 et
1496 498 1772 550 adversarii,
1797 500 1876 551 qui
1897 502 1993 552 qui-

348 570 453 609 dem
473 570 659 621 plurimi
681 569 920 619 extabant,
944 570 991 609 in
1012 570 1139 610 viam
1161 569 1355 610 redeunt
1378 576 1422 610 et
1444 571 1578 610 nobis
1599 571 1863 622 placantur.

428 641 615 691 Scripsi
631 641 834 680 breviter
855 641 910 680 cie
921 641 1171 691 fratribus
1194 641 1376 681 nostris
1397 644 1440 680 et
1461 641 1678 681 literario
1707 642 1836 682 Indo.
1869 642 1988 682 Reli-

347 724 489 764 quum
511 719 580 752 est
601 719 649 751 ut
666 712 829 763 paucis
846 712 999 751 dicam
1017 712 1233 761 fructum,
1254 712 1333 764 qui
1355 712 1402 752 in
1418 712 1588 752 animis
1607 712 1888 753 adiuvandis
1906 725 1989 764 per

347 783 510 823 Patres
533 789 601 823 est
622 790 886 834 perceptus,
910 784 988 835 qui
1009 783 1198 834 quidem
1219 789 1360 832 certe,
1384 790 1434 823 ut
1455 783 1501 823 in
1519 784 1641 824 hanc
1658 790 1764 824 sunt
1781 784 1983 836 ingressi

346 855 523 904 urbem,
548 866 596 894 se
618 861 741 894 totos
763 856 1084 904 contulerunt,
1109 861 1153 894 et
1175 855 1234 894 ad
1262 854 1585 895 confessiones
1615 855 1897 904 audiendas,
1930 857 1993 895 ad

345 926 527 966 animos
549 926 740 966 coelesti
761 937 881 977 pane
909 925 1203 976 reficiendos,
1234 932 1332 965 tum
1364 926 1424 966 ad
1451 926 1703 966 conciones
1732 927 1988 975 habendas,

343 1009 461 1049 quas
484 997 699 1049 equidem
719 1004 762 1037 et
784 997 831 1036 in
852 1004 1013 1037 nostro
1035 999 1222 1049 templo,
1247 1005 1291 1037 et
1311 998 1357 1037 in
1376 997 1688 1046 xenodochio,
1710 1004 1753 1038 et
1771 998 1818 1038 in
1836 1002 1990 1038 custo-

344 1068 442 1119 dia,
465 1069 589 1120 apud
610 1070 754 1120 vulgo
777 1075 972 1108 vocatas
1004 1080 1284 1117 conversas,
1319 1080 1493 1119 magno
1522 1069 1674 1109 studio
1703 1081 1991 1121 prosequun-

344 1148 434 1180 tur.
455 1139 774 1191 Quorumdam
792 1139 1111 1180 confessiones
1129 1141 1375 1190 generales
1393 1141 1581 1181 auditae
1599 1147 1722 1192 sunt,
1739 1140 1862 1192 quod
1879 1153 1992 1181 sane

344 1211 520 1251 factum
554 1218 624 1251 est
652 1211 859 1251 maxima
894 1211 1230 1262 poenitentium
1259 1212 1458 1252 utilitate
1492 1220 1537 1252 et
1566 1213 1903 1252 consolatione.
1940 1212 1989 1252 In

342 1288 504 1322 nostro
525 1282 697 1334 templo
719 1282 917 1322 habetur
939 1283 1104 1322 concio
1137 1283 1363 1322 mediocri
1390 1291 1623 1323 conventu
1652 1290 1696 1323 et
1723 1283 1988 1334 frequentia

342 1366 398 1394 ac
419 1354 697 1405 praesertim
726 1360 1074 1405 matronarum,
1104 1355 1151 1394 in
1177 1355 1344 1406 quibus
1374 1361 1481 1395 sunt
1515 1367 1634 1406 quae
1665 1356 1830 1407 procul
1861 1355 1989 1395 habi—

341 1432 457 1475 tant,
484 1437 539 1465 ac
562 1425 735 1465 omissa
758 1426 1005 1475 concione,
1037 1437 1157 1477 quae
1186 1426 1232 1465 in
1260 1438 1442 1466 summo
1472 1427 1669 1467 habetur
1701 1427 1897 1477 templo,
1932 1426 1991 1466 ad

341 1508 426 1537 nos
448 1497 711 1547 confluunt.
737 1497 787 1536 In
810 1497 937 1536 omni
959 1496 1103 1548 qnasi
1121 1497 1346 1537 concione
1368 1498 1624 1538 incitantur
1646 1497 1894 1537 christiani
1929 1497 1990 1537 ad

341 1574 747 1608 sacramentorum
770 1580 918 1608 usum.
938 1567 1123 1608 Etenim
1140 1568 1186 1608 in
1206 1569 1295 1608 hac
1313 1569 1426 1608 urbe
1443 1569 1597 1620 potius
1614 1569 1739 1609 soliti
1754 1573 1870 1608 sunt
1887 1580 1990 1609 sese

339 1640 507 1679 dedere
528 1640 630 1679 aliis
652 1639 838 1691 pietatis
860 1639 1035 1690 officiis,
1060 1639 1281 1679 nimirum
1302 1640 1616 1692 eleemosynis
1647 1647 1691 1680 et
1721 1640 1988 1681 huiusmodi

340 1711 646 1751 humanitatis
667 1711 859 1759 meritis,
885 1722 1026 1761 qnam
1058 1710 1245 1750 animos
1273 1711 1653 1761 confessionibus
1679 1723 1733 1751 ac
1762 1723 1874 1751 vero
1907 1723 1988 1751 au-

339 1782 562 1832 gelommz
578 1787 704 1833 pane
725 1782 914 1831 reficere
937 1782 1167 1832 alereqlte.
1192 1781 1384 1822 Plurimi
1405 1794 1561 1822 rerum
1589 1783 1859 1823 divinarum
1887 1794 1987 1834 per-

340 1854 556 1902 studiosi,
588 1860 685 1892 tam
715 1853 807 1892 viri
836 1864 977 1904 quam
1004 1852 1259 1903 foeminae,
1292 1860 1465 1894 octavo
1494 1865 1677 1906 quoque
1710 1854 1783 1894 die
1812 1853 1988 1894 Christi

338 1925 441 1965 Iesu
464 1936 693 1974 mensam,
719 1924 1012 1965 confessione
1034 1932 1311 1976 praeeunte,
1337 1926 1523 1976 adeunt,
1548 1937 1604 1966 ac
1625 1926 1672 1966 in
1692 1925 1820 1966 feriis
1841 1925 1983 1966 Nata·

339 1997 398 2036 lis
418 1996 652 2036 Dominici
673 1996 813 2036 valde
834 2008 1058 2036 numerus
1090 2009 1266 2047 eornm,
1301 1998 1380 2049 qui
1410 1998 1573 2037 sordes
1604 2003 1907 2049 peccatorum
1937 1997 1986 2036 sm

339 2067 441 2107 vita
463 2071 735 2107 contractas
757 2067 1052 2107 confessione
1080 2074 1124 2107 et
1152 2069 1279 2108 luctu
1307 2069 1488 2119 eluunt,
1518 2068 1636 2108 adeo
1667 2068 1904 2119 adcrevit,
1938 2075 1988 2108 ut

339 2139 529 2191 plurimi
550 2152 576 2178 a
597 2139 731 2178 nobis
752 2139 1026 2179 recederent
1047 2139 1163 2189 alio,
1189 2151 1295 2179 cum
1324 2145 1390 2179 tot
1423 2140 1563 2179 rebus
1593 2139 1813 2190 gerendis
1841 2140 1988 2191 impli-

341 2211 435 2250 cati
457 2243 464 2261 ,
504 2221 665 2250 eorum
702 2210 868 2249 studiis
905 2210 1100 2261 obsequi
1135 2222 1228 2250 non
1262 2222 1521 2262 possemus.
1559 2210 1736 2251 Diebus
1769 2210 1990 2263 profestis

341 2294 525 2333 semper
548 2282 731 2333 aliquae
753 2280 910 2320 divini
926 2281 1084 2321 cultus
1105 2285 1149 2321 et
1170 2293 1287 2321 suae
1308 2281 1485 2322 salutis
1507 2283 1797 2334 percupidae
1818 2289 1986 2323 matro-

341 2366 430 2394 nae
460 2354 506 2393 in
533 2353 704 2404 templo
733 2358 893 2392 nostro
926 2353 993 2392 rei
1020 2352 1209 2393 divinae
1243 2353 1475 2393 intersunt
1504 2366 1559 2394 ac
1588 2354 1762 2394 Christi
1793 2365 1989 2406 corpore

340 2425 628 2475 reficiuntur,
654 2430 698 2464 et
720 2425 809 2463 hae
832 2424 1018 2475 quidem
1040 2424 1085 2463 in
1109 2424 1207 2464 dies
1229 2430 1475 2475 augentur.
1499 2425 1682 2465 Etenim
1710 2425 1798 2465 hae
1820 2431 1989 2466 matro-

340 2508 445 2546 nae,
468 2508 584 2547 puro
608 2495 849 2546 religionis
871 2506 1031 2534 amore
1054 2495 1290 2543 incensae,
1315 2496 1557 2547 piscantur
1580 2496 1698 2536 alias
1728 2501 1772 2536 et
1794 2496 1988 2547 capiunt

342 2568 488 2608 divini
509 2567 641 2607 verbi
662 2567 854 2616 retibus,
879 2570 923 2606 et
945 2566 1031 2605 lme
1052 2570 1155 2606 arte
1179 2574 1346 2618 captae
1368 2579 1623 2619 numquam
1654 2568 1840 2618 quidem
1863 2579 1986 2607 rece-

342 2641 470 2679 dunt.
494 2638 633 2690 Apud
656 2649 913 2678 conversas
930 2638 1442 2688 uberrimusfimdl'tnr
1456 2639 1649 2689 fructus,
1669 2651 1763 2679 non
1780 2639 1920 2679 modo
1939 2639 1986 2678 in

344 2712 416 2751 his
439 2711 670 2760 foeminis,
696 2721 814 2760 quae
835 2710 882 2748 in
904 2710 982 2749 illo
1014 2710 1301 2749 monasterio
1323 2711 1471 2750 vitam
1498 2709 1696 2761 degunt,
1727 2722 1845 2761 quae
1871 2721 1987 2750 sane

341 2784 390 2821 in
417 2781 676 2821 virtutibus
704 2780 876 2831 optime
910 2792 1011 2819 sese
1038 2781 1236 2824 habent:
1258 2782 1340 2821 sed
1362 2788 1405 2821 et
1433 2782 1479 2821 in
1510 2782 1740 2832 externis,
1774 2781 1851 2833 qui
1873 2781 1986 2821 illud

343 2854 569 2904 templum
590 2863 644 2891 ac
665 2853 856 2891 domum
877 2851 1190 2902 frequentant.
1215 2851 1445 2902 Quoniam
1462 2852 1508 2892 in
1526 2852 1844 2903 concionibus,
1865 2863 1985 2903 qua-e

342 2924 434 2964 illic
469 2934 807 2975 saepenumero
846 2923 1090 2971 habentur,
1130 2930 1320 2974 propter
1356 2923 1445 2963 loci
1480 2923 1874 2972 commoditatem,
1916 2928 1986 2963 est

344 3006 519 3045 magna
541 2994 783 3034 hominum
804 2993 1081 3044 frequentia,
1115 2999 1160 3033 et
1189 2993 1471 3033 confitentur
1498 2994 1640 3034 etiarn
1673 3000 1716 3033 et
1745 2993 1985 3044 excipiunt

343 3066 571 3106 Sanctum
593 3064 767 3105 Christi
788 3075 960 3115 corpus
980 3070 1047 3104 tot
1070 3071 1149 3104 aut
1172 3065 1342 3116 plures,
1367 3076 1508 3116 quam
1530 3065 1576 3104 in
1603 3072 1765 3105 nostro
1794 3065 1982 3116 templo.
