2168 3437
885 257 968 294 AN.
999 255 1092 294 1553
1731 252 1799 290 ⁴221

168 357 394 409 plurimos
433 355 531 395 eius
562 365 704 405 opera
740 353 909 393 civitas
944 353 1062 392 haec
1095 351 1265 391 habeat
1300 349 1503 401 opifices,
1545 349 1801 400 permultos

174 429 314 468 etiam
334 426 528 476 nobiles,
553 425 632 477 qui
653 424 855 465 orationi
873 429 917 463 et
938 423 1099 475 pietati
1119 427 1163 462 et
1185 421 1355 461 divinis
1376 421 1513 461 rebus
1536 431 1584 459 se
1610 419 1707 459 fere
1738 425 1805 459 to-

168 505 241 538 tos
270 497 546 538 dedicarint.
583 496 651 536 Eo
682 496 770 546 die,
800 506 891 547 quo
912 500 1012 534 erat
1043 492 1350 542 discessurus,
1375 502 1573 541 magnus
1596 490 1801 530 omnium

169 579 425 609 concursus
446 567 597 607 factus
625 572 708 616 est,
739 571 989 615 tantusque
1017 564 1064 603 in
1095 568 1256 602 nostro
1285 563 1457 613 templo
1485 561 1570 601 fuit
1597 561 1730 600 fletus
1749 568 1800 600 ut

170 652 243 680 me
266 645 390 679 certe
413 650 468 678 ea
490 650 564 678 res
581 637 884 677 vehementer
906 633 1127 674 affecerit.
1152 633 1325 673 Omnes
1348 633 1594 672 abeuntem
1616 632 1673 671 ab
1697 642 1799 683 por-

169 717 281 761 tum,
305 711 352 750 in
374 721 464 760 quo
487 714 621 748 erant
640 718 803 756 naves,
828 706 887 746 ad
909 705 1097 745 tertium
1119 704 1178 743 ab
1204 703 1318 743 urbe
1343 702 1542 754 lapidem
1572 709 1679 742 sunt
1699 713 1802 753 pro·

170 780 332 831 secuti,
357 787 401 820 et
423 779 470 819 in
490 791 545 819 eo
561 789 685 830 pago
707 782 979 829 sequentem
1000 775 1136 825 diem,
1161 785 1250 825 quo
1272 785 1418 813 naves
1440 774 1700 823 solvebant,
1724 784 1802 812 ex-

171 856 433 904 pectarunt.
471 850 597 890 Inter
631 849 722 888 alia
748 859 843 888 non
872 846 1089 887 existimo
1121 844 1234 884 illud
1264 856 1366 884 6556
1396 844 1577 884 silentio
1600 849 1804 895 praeter·

173 922 398 972 eundum,
428 921 553 972 quod
580 919 756 967 omnia,
787 929 907 970 quae
934 918 991 957 ab
1019 916 1091 956 his
1119 915 1501 963 obtrudebantur,
1537 927 1629 954 non
1656 916 1806 955 solum

173 994 312 1034 Pater
333 992 617 1033 Franciscus
637 990 918 1042 repudiavit,
943 988 1025 1028 sed
1052 987 1193 1027 etiam
1219 987 1275 1026 de
1297 986 1436 1026 rebus
1458 986 1561 1025 aliis
1589 991 1685 1025 tam
1711 987 1806 1026 lon-

172 1075 261 1115 gae
288 1062 582 1114 navigationi
601 1060 881 1101 necessariis
908 1059 1151 1099 minimum
1178 1057 1263 1097 fuit
1284 1056 1524 1097 sollicitus.
1557 1057 1710 1096 Audio
1741 1063 1806 1097 ta-

172 1146 293 1185 men,
318 1146 372 1174 eo
400 1134 643 1183 insciente,
677 1132 819 1172 fuisse
847 1129 1078 1182 quaedam
1105 1140 1188 1180 per
1214 1128 1341 1179 piam
1371 1127 1585 1167 fraudem
1611 1127 1740 1168 illata
1761 1128 1805 1168 in

174 1205 349 1246 navim.
373 1204 664 1245 Adolescens
686 1202 875 1254 quidam
896 1201 1023 1241 nulla
1044 1200 1226 1240 ratione
1246 1199 1393 1250 potuit
1411 1211 1436 1238 a
1455 1199 1550 1238 suis
1571 1198 1808 1249 prohiberi

175 1277 422 1328 quominus
449 1276 535 1315 iret
557 1286 663 1315 cum
684 1285 760 1314 eo:
794 1278 992 1325 quatuor
1020 1271 1097 1311 alii
1125 1271 1172 1311 in
1199 1270 1469 1322 sequentem
1505 1281 1677 1309 annum
1704 1281 1808 1322 pro-

173 1348 422 1388 fectionem
457 1347 708 1386 adornant:
745 1355 864 1396 quae
898 1355 975 1383 res
1001 1354 1096 1382 non
1123 1342 1261 1382 modo
1294 1342 1341 1381 in
1369 1352 1591 1391 magnam
1619 1341 1809 1381 Domini

173 1419 320 1459 nostri
342 1418 453 1470 jesu
485 1416 659 1457 Christi
686 1415 872 1455 laudem
902 1413 1154 1463 redundat,
1186 1413 1264 1464 qui
1291 1413 1363 1452 sui
1385 1412 1558 1452 amoris
1579 1412 1688 1462 igne
1713 1418 1809 1452 tam

173 1490 382 1530 suaviter
403 1489 644 1529 hominum
664 1499 751 1527 nec
772 1486 1101 1536 religiosorum
1117 1496 1204 1524 nec
1224 1484 1517 1523 literatorum
1545 1483 1725 1523 animos
1745 1483 1810 1523 in-

172 1561 394 1609 flammat,
424 1565 490 1610 ut,
520 1558 792 1611 postpositis
821 1556 1035 1597 omnibus
1065 1555 1328 1607 praesentis
1362 1555 1488 1594 vitae
1515 1554 1807 1602 utilitatibus,

172 1632 323 1672 solum
350 1631 509 1684 Jesum
532 1629 770 1670 Christum
792 1633 1020 1680 quaerant
1043 1632 1087 1666 et
1114 1626 1237 1666 hunc
1268 1625 1564 1675 crucifixum3
1597 1625 1678 1665 sed
1698 1626 1811 1665 mul-

171 1704 232 1743 tis
253 1703 393 1743 etiam
414 1701 666 1752 relligiosis
691 1699 698 1718 ¹
724 1700 936 1740 stimulos
958 1698 1129 1739 addere
1157 1702 1311 1748 potest
1333 1702 1382 1736 ut
1403 1697 1628 1748 incipiant
1645 1696 1700 1736 de
1717 1696 1811 1736 infi-

173 1775 341 1814 dorum
362 1773 601 1813 hominum
623 1772 771 1811 salute
790 1770 1016 1821 cogitare,
1037 1780 1144 1809 cum
1160 1767 1351 1807 videant
1367 1767 1594 1817 homines,
1615 1767 1691 1818 qui
1717 1767 1814 1807 suis

173 1845 388 1885 manibus
415 1844 592 1884 victum
620 1848 811 1894 parant,
843 1841 1006 1881 eadem
1037 1840 1194 1880 animo
1223 1839 1419 1890 agitare.
1450 1839 1499 1878 P.
1529 1838 1812 1878 Franciscus

174 1917 353 1957 socium
374 1915 534 1955 habuit
555 1913 815 1954 Antonium
831 1912 1051 1961 Alvarez,
1072 1917 1211 1962 atque
1229 1911 1293 1950 ita
1315 1921 1476 1950 omnes
1497 1910 1814 1950 discesserunt

174 1994 308 2028 sexto
330 1986 550 2028 calendas
572 1985 763 2037 Aprilis.

254 2059 330 2099 Ad
345 2058 595 2098 Brasiliam
621 2056 752 2096 missi
780 2060 887 2095 sunt
913 2053 967 2094 R.
1001 2053 1166 2093 Patres
1193 2051 1473 2092 Ambrosius
1506 2051 1652 2102 Pires,
1685 2053 1813 2092 Tuae

175 2129 452 2169 Paternitati
473 2128 529 2168 de
546 2127 665 2167 facie
685 2132 823 2166 notus
845 2124 874 2174 ²,
900 2131 944 2164 et
966 2124 1239 2164 Ludovicus
1260 2123 1315 2162 de
1334 2122 1508 2173 Grana,
1534 2123 1624 2174 qui,
1645 2122 1717 2163 die
1734 2122 1812 2163 Sa-

175 2206 426 2241 crosantae
457 2198 645 2249 Virgini
672 2197 807 2247 festo,
847 2195 1124 2236 concionem
1157 2194 1319 2234 habuit
1353 2194 1399 2233 in
1427 2200 1588 2233 nostro
1623 2195 1810 2245 templo,

178 2283 298 2323 quae
320 2282 414 2310 non
435 2269 588 2320 magis
606 2268 743 2308 nobis
765 2278 905 2319 quam
923 2266 1139 2306 omnibus
1156 2264 1445 2304 auditoribus
1463 2264 1637 2314 (habuit
1660 2270 1815 2304 autem

177 2341 460 2394 frequentes)
483 2339 677 2381 mirifice
698 2338 887 2390 placuit.
911 2337 1096 2377 Tertius
1118 2342 1187 2376 est
1209 2336 1391 2376 Blasius
1408 2336 1688 2376 Laurentius
1710 2347 1815 2375 cum

178 2419 376 2464 quatuor
399 2411 636 2451 fratribus.

259 2483 392 2524 Nunc
409 2488 621 2533 superest
636 2487 685 2521 ut
702 2480 758 2520 de
774 2479 917 2531 Regis
933 2478 1081 2519 nostri
1098 2478 1459 2518 clementissima
1477 2478 1523 2517 in
1545 2489 1630 2517 nos
1651 2478 1814 2517 libera-

178 2556 307 2596 litate
328 2554 498 2603 dicam,
522 2553 599 2605 qui
619 2563 715 2592 non
733 2550 873 2591 modo
894 2551 1070 2590 viatico
1090 2556 1278 2589 nostros
1298 2549 1610 2601 prosequitur,
1634 2549 1715 2589 sed
1736 2549 1816 2589 dat

178 2627 369 2677 insuper
389 2623 714 2664 liberalissime
741 2621 1006 2673 pecuniam,
1034 2632 1124 2670 qua
1151 2619 1458 2660 bibliothecae
1486 2620 1728 2660 mittantur
1756 2620 1815 2660 ad

179 2703 367 2738 nostros
390 2696 589 2746 aliaque,
619 2693 785 2745 quibus
806 2692 1023 2743 regiones
1048 2691 1154 2731 illae
1176 2691 1328 2730 minus
1349 2690 1575 2730 hactenus
1604 2690 1816 2742 frequen-

178 2775 305 2809 tatae
321 2771 498 2807 carent.
520 2765 621 2805 Hoc
644 2765 746 2815 ipso
766 2775 887 2803 anno
912 2775 1007 2802 non
1028 2762 1179 2802 minus
1197 2773 1337 2813 quam
1359 2762 1640 2812 octingentis
1660 2763 1815 2803 aureis

179 2845 446 2880 nostrorum
469 2836 510 2876 ei
526 2834 769 2885 navigatio
787 2833 993 2874 constitit
1011 2839 1069 2882 et,
1096 2843 1202 2872 cum
1223 2831 1383 2871 decem
1401 2831 1493 2871 iam
1511 2843 1661 2872 annos
1678 2833 1816 2873 simili

239 2973 249 2992 1
290 2972 483 3006 relligiosis
498 2971 640 2998 inseruit
657 2969 834 2996 Polancus.

236 3021 249 3040 2
287 3020 488 3047 Ambrosius
513 3018 609 3045 Pires
629 3023 833 3052 procurator
854 3015 981 3042 Romae
1003 3015 1117 3042 fuerat
1138 3021 1213 3041 cum
1234 3013 1335 3040 Petro
1358 3012 1442 3040 Diaz
1458 3015 1638 3043 ann01551.
1653 3015 1740 3043 Vide
1757 3015 1819 3043 Po-

182 3075 301 3101 LANco,
319 3067 522 3097 Cln'om‘com
536 3071 560 3094 t.
576 3073 610 3096 11,
626 3072 704 3099 pag.
722 3064 781 3097 194,
799 3071 830 3090 n.
845 3063 889 3090 66.
