2168 3437
340 299 413 336 604
856 298 1083 335 LITTERAE
1111 307 1472 340 QUADRIMESTRES

343 394 413 445 R,
440 396 635 434 obsecro
660 406 779 445 quae
801 394 907 433 inde
931 393 1022 433 sint
1043 399 1311 433 consecuta.
1338 392 1454 433 Cum
1474 392 1560 432 iste
1593 393 1734 433 homo
1768 393 1979 434 nefarius

342 471 616 506 renuentem
636 465 839 516 puellam
868 465 949 504 vix
969 469 1129 515 posset
1151 464 1390 504 continere
1412 464 1523 514 quin
1544 463 1633 503 hoc
1655 470 1751 503 tarn
1774 464 1975 505 immane

340 536 592 587 flagitium,
617 536 934 576 conscientiae
956 535 1156 575 stimulis
1183 546 1521 586 saepenumero
1549 535 1726 586 agitata
1756 535 1979 586 initioque

338 608 485 659 ipsius
507 607 573 647 rei
594 606 952 658 perterrefacta,
977 618 1060 658 per
1082 606 1427 646 confessionem
1448 605 1588 646 alicui
1608 606 1712 645 viro
1734 606 1881 657 probo
1903 618 1980 658 pa-

338 678 584 728 tefaceret,
627 677 861 729 scriptura
900 688 1039 717 sacra
1079 688 1184 717 eam
1224 688 1447 728 superare
1487 677 1760 717 conabatur.
1801 677 1976 729 Itaque,

339 760 445 789 cum
467 749 610 788 semel
630 748 819 788 cuidam
847 760 906 788 ex
935 748 1151 788 Patribus
1178 748 1342 788 fuisset
1372 747 1588 788 confessa
1615 748 1796 799 hocque
1830 749 1980 800 ipsum

336 821 411 860 ille
446 820 849 871 deprehendisset,
888 819 947 860 ad
976 819 1296 860 revocandam
1324 819 1668 859 confessionem
1697 831 1878 859 omnem
1913 821 1981 860 ire

337 892 576 943 compulit,
599 898 882 943 praetexens
903 892 994 931 hoc
1011 891 1200 931 nomine
1225 891 1426 943 culpam,
1451 890 1575 942 quod
1590 891 1814 930 nonnulla
1837 891 1981 931 animi

334 963 688 1014 perturbatione
727 964 774 1002 in
814 963 942 1002 illum
978 962 1171 1002 incensa
1206 961 1472 1002 huiusmodi
1507 961 1685 1012 flagitia
1724 962 1974 1013 retulisset,

340 1033 579 1074 affirmans
607 1034 786 1074 interea
822 1034 946 1085 quod
981 1033 1314 1073 commercium
1345 1044 1450 1073 cum
1484 1032 1562 1072 illa
1597 1032 1770 1072 habere
1804 1034 1982 1073 nullum

340 1110 463 1145 esset
489 1111 757 1156 peccatum,
787 1105 869 1145 sed
896 1105 955 1144 ad
976 1104 1098 1144 Loth
1126 1105 1366 1155 exemplar
1387 1103 1733 1143 sanctissimam
1756 1103 1975 1143 maxime-

338 1187 425 1227 que
447 1176 706 1227 spiritalem
727 1187 830 1216 esse
853 1175 1253 1215 consuetudinem.
1284 1175 1465 1215 Verum
1496 1174 1573 1226 qui
1605 1174 1722 1214 dixit
1753 1185 1843 1224 ego
1874 1186 1982 1214 sum

330 1250 506 1298 pastor
528 1247 699 1293 bonus,
725 1247 1070 1287 semilaniatam
1098 1258 1234 1287 ovem
1262 1258 1357 1288 non
1384 1246 1573 1286 omnino
1600 1257 1769 1297 passus
1797 1246 1977 1297 confici;

338 1318 451 1370 quin
488 1318 643 1370 potius
677 1330 781 1358 eam
817 1330 902 1358 sua
937 1318 1084 1369 ipsius
1119 1317 1353 1357 dementia
1388 1316 1777 1368 comprehensam
1811 1316 1981 1368 diuque

336 1395 574 1440 raptatam
596 1390 715 1430 eruit
737 1401 795 1429 ex
816 1401 895 1429 ore
924 1389 1020 1440 lupi
1048 1388 1107 1428 ad
1129 1389 1344 1440 ovileque
1366 1388 1564 1438 remisit,
1589 1398 1697 1439 un
1727 1399 1810 1438 per
1838 1387 1980 1427 eccle-

343 1461 442 1500 siae
461 1461 770 1500 saluberrima
787 1460 1130 1500 medicamenta
1152 1460 1199 1499 in
1218 1459 1466 1511 pristinam
1482 1458 1699 1498 restituta
1717 1458 1982 1508 sanitatem,

348 1532 395 1571 in
416 1543 611 1571 numero
634 1532 885 1571 haberetur
907 1536 1215 1571 caeterarum.

418 1602 696 1643 Haereticus
725 1602 938 1654 quidam,
973 1602 1051 1654 qui
1081 1602 1175 1642 iam
1203 1602 1282 1641 diu
1310 1613 1447 1641 sacra
1475 1601 1648 1641 ieiunia
1680 1606 1986 1652 comtempse-

338 1679 437 1724 rat,
479 1680 670 1714 sanctos
703 1685 800 1713 non
835 1674 1039 1714 orandos
1075 1678 1314 1723 tenuerat,
1353 1673 1579 1723 templum
1612 1671 1879 1711 adeundum
1915 1682 1982 1710 sa-

341 1756 565 1796 crumque
600 1744 885 1785 audiendum
915 1750 1199 1795 negaverat,
1232 1743 1577 1784 confessionem
1604 1748 1762 1794 utpote
1790 1754 1884 1782 non
1909 1753 1985 1782 ne-

343 1816 600 1855 cessariam
619 1815 872 1866 reiecerat,
902 1827 996 1855 non
1030 1827 1132 1855 esse
1163 1815 1209 1854 in
1238 1815 1393 1855 hostia
1422 1825 1593 1866 corpus
1619 1825 1770 1865 neque
1798 1813 1982 1864 sangui-

340 1898 448 1926 nem
469 1886 644 1926 Christi
673 1886 958 1926 crediderat:
990 1898 1099 1926 ecce
1127 1886 1217 1926 Dei
1246 1886 1402 1937 gratia
1431 1890 1718 1937 praeventus
1744 1884 1982 1935 poeniten-

341 1957 498 2009 tiaque
537 1958 805 1998 admirabili
853 1964 1035 2007 tactus,
1082 1956 1246 1997 Patres
1286 1963 1473 1997 nostros
1513 1956 1688 2006 adivit,
1733 1955 1789 1995 ab
1837 1955 1985 2007 iisque

339 2029 578 2080 perversis
609 2029 905 2081 opinionibus
942 2029 1140 2079 destitit,
1181 2040 1237 2068 ac
1263 2039 1488 2068 romanae
1525 2027 1765 2067 Ecclesiae
1799 2026 1986 2078 penitus

341 2100 568 2140 adhaesit.
593 2099 684 2140 Sed
705 2100 794 2140 hoc
816 2100 872 2140 de
894 2111 1067 2151 genere
1090 2099 1219 2140 satis.
1250 2098 1568 2150 Progrederer
1595 2109 1796 2149 namque
1825 2098 1873 2138 in
1903 2098 1983 2138 irn-

340 2183 579 2222 mensum‚
603 2171 642 2211 si
666 2172 834 2211 vellem
856 2171 1013 2211 omnia
1033 2182 1295 2211 recensere.

422 2242 493 2282 De
529 2242 850 2282 confitentium
876 2248 1031 2282 autem
1058 2254 1253 2282 numero
1280 2254 1374 2282 non
1406 2247 1475 2281 est
1505 2241 1630 2293 quod
1656 2251 1781 2280 nunc
1814 2240 1983 2290 dicam3

343 2313 442 2364 qui,
479 2313 667 2353 tametsi
695 2323 897 2364 magnus
927 2324 1111 2365 semper
1140 2313 1291 2353 videri
1317 2312 1486 2364 potuit,
1518 2311 1591 2352 die
1619 2317 1777 2351 tamen
1811 2311 1985 2351 natalis

342 2383 535 2424 Domini
551 2390 709 2424 tantus
726 2384 881 2425 extitit
901 2390 965 2435 ut,
990 2396 1017 2423 a
1038 2383 1191 2424 media
1211 2389 1349 2424 nocte
1367 2383 1647 2435 incipiendo,
1672 2382 1732 2422 ad
1752 2381 1982 2422 decimam

340 2455 437 2495 fere
469 2467 643 2495 nonam
670 2467 818 2507 usque
845 2455 1016 2495 fuerint
1050 2455 1339 2496 confitentes,
1372 2455 1552 2495 Verum
1580 2454 1704 2505 quod
1736 2454 1895 2505 plures
1925 2453 1984 2493 ad

344 2526 688 2566 confessionem
705 2527 1177 2578 communionemque
1194 2526 1383 2578 pellexit
1405 2526 1708 2577 attraxitque,
1732 2524 1818 2564 fuit
1840 2523 1979 2576 quod-

345 2597 453 2637 dam
474 2609 501 2637 a
523 2597 741 2638 Patribus
762 2597 1080 2638 introductum
1101 2598 1378 2647 institutum,
1403 2608 1583 2648 nempe,
1603 2602 1654 2636 ut
1671 2596 1749 2647 qui
1771 2596 1981 2636 crebrius

343 2668 542 2720 nollent,
567 2669 765 2720 singulis
787 2670 954 2710 saltem
973 2669 1211 2709 mensibus
1242 2669 1417 2708 domini
1446 2679 1657 2708 mensam
1688 2667 1981 2717 accederent,

344 2751 435 2790 quo
457 2739 530 2779 die
551 2740 716 2780 concio
738 2739 794 2780 de
821 2740 1053 2780 charitate
1083 2740 1357 2790 haberetur;
1391 2738 1529 2790 idque
1559 2750 1653 2778 non
1679 2738 1779 2777 sine
1810 2748 1983 2788 magno

343 2810 521 2850 factum
544 2816 614 2850 est
636 2811 900 2851 animarum
921 2810 1151 2862 profectu.

422 2879 539 2920 Sunt
560 2887 604 2921 et
626 2881 906 2932 quibusdam
927 2882 1153 2921 exercitia
1189 2880 1452 2932 spiritualia
1481 2879 1710 2929 exhibita,
1742 2889 1858 2930 quos
1889 2890 1983 2918 non

342 2951 626 2992 mediocrem
648 2952 913 2993 animarum
935 2963 1127 2992 suarum
1147 2952 1353 2992 fructum
1379 2951 1595 2991 retulisse
1623 2950 1820 2997 dixeris;
1847 2949 1984 3000 siqui-

345 3021 449 3061 dem
471 3023 563 3072 alii,
589 3034 749 3063 amore
778 3023 1018 3074 religionis
1040 3023 1242 3072 accensi,
1275 3022 1488 3062 eamdem
1517 3027 1625 3061 sunt
1652 3020 1873 3072 professi;
1907 3020 1986 3059 alii

339 3104 454 3132 vero
478 3093 537 3133 ad
559 3099 687 3133 caste
708 3094 874 3145 pieque
905 3094 1162 3134 vivendum
1183 3093 1390 3141 deducti3
1416 3093 1535 3132 inter
1558 3092 1676 3132 alios
1705 3097 1884 3141 autem,
1910 3091 1987 3142 qui
