2168 3437
857 258 940 295 AN.
972 258 1063 296 1553
1711 258 1783 295 275>

149 355 347 397 conatus
385 362 469 396 est.
498 353 633 397 Idem
666 355 751 396 fuit
784 352 952 396 author
986 362 1035 395 ut
1074 355 1184 395 Dux
1219 354 1468 395 Ferrariae
1500 355 1782 406 elargiretur

150 427 489 479 quinquaginta
512 425 680 467 anreos
702 427 953 478 quotannis
980 427 1086 466 huic
1109 426 1328 478 collegio,
1358 433 1403 466 et
1429 426 1537 466 licet
1569 426 1615 466 id
1643 426 1783 477 impe-

150 505 275 539 tratu
310 498 446 538 facile
480 504 623 548 esset,
658 498 827 549 quippe
858 497 980 548 quod
1015 496 1126 537 Dux
1156 497 1404 537 Ferrariae
1438 497 1555 537 bene
1591 496 1786 537 affectus

151 575 274 610 esset
295 580 409 620 erga
430 567 733 618 Societatem,
756 574 912 607 tamen
934 568 980 607 in
1002 568 1090 607 hac
1118 579 1169 607 re
1196 568 1402 607 cernitur
1426 579 1566 608 verus
1587 579 1718 608 amor
1740 574 1784 608 et

152 639 382 680 industria
407 639 542 679 huius
571 639 680 689 viri,
707 639 782 678 cui
803 649 981 678 summe
1010 649 1172 678 sumus
1199 638 1418 678 devincti.
1449 638 1577 679 Deus
1605 651 1689 690 pro
1717 632 1784 679 tot

152 711 386 762 tantisque
407 710 454 750 in
475 721 559 750 nos
580 709 759 749 meritis
779 709 984 760 gratiam
1007 708 1194 748 referat.
1603 709 1608 713 ’

232 782 496 822 Cernuntur
526 785 570 820 et
597 779 821 820 beneficia
849 779 994 819 divini
1024 779 1216 830 spiritus
1245 780 1291 819 in
1321 780 1613 820 multitudine
1635 781 1785 820 cuius-

151 864 239 904 que
273 858 443 902 status,
480 851 558 902 qui
594 851 732 891 modo
765 850 1005 890 salutifera
1038 850 1347 890 confessionis
1381 857 1425 890 et
1460 851 1785 891 Eucharistiae

150 930 448 963 sacramenta
477 922 736 972 celebrant,
766 921 888 973 quod
916 922 1103 972 quidem
1132 921 1340 972 incipere
1371 922 1428 961 ob
1454 922 1614 961 mundi
1644 922 1786 973 pudo-

151 1006 250 1034 rem
269 994 407 1034 Valde
427 994 513 1034 fuit
535 993 732 1033 arduum
752 998 796 1033 et
817 992 1015 1033 difficile.
1041 991 1104 1032 At
1135 992 1354 1043 quicquid
1384 988 1570 1032 divinus
1598 993 1788 1044 spiritus

151 1064 298 1115 afflat,
320 1065 427 1105 inde
457 1070 648 1115 repente
675 1064 803 1115 pellit
830 1075 1016 1103 omnem
1046 1064 1263 1103 timorem
1292 1064 1495 1103 inanem.
1519 1063 1787 1104 Concursus

151 1137 307 1187 itaque
327 1135 587 1183 hominum,
612 1135 778 1186 quibus
799 1134 1026 1186 quotidie,
1050 1135 1219 1174 nedum
1250 1134 1411 1174 diebus
1440 1134 1592 1184 festis,
1622 1142 1786 1175 sancta

150 1205 475 1247 ministrantur
510 1211 827 1255 sacramenta,
865 1211 1023 1245 tantus
1064 1211 1154 1255 est,
1200 1211 1248 1244 ut
1283 1205 1340 1245 iis
1380 1205 1656 1245 satisfacere
1694 1218 1787 1246 non

152 1278 398 1329 possimus.
436 1277 591 1329 Atque
626 1277 663 1316 si
700 1277 746 1316 in
775 1276 1136 1328 quadragesima
1170 1276 1365 1316 fuissent
1401 1283 1600 1327 quatuor
1635 1288 1786 1316 sacer-

152 1348 304 1398 dotes,
333 1348 411 1400 qui
435 1349 524 1388 hoc
545 1347 891 1388 confessionum
924 1359 1093 1387 munus
1120 1353 1302 1386 tantum
1330 1347 1558 1395 subirent,
1593 1360 1646 1387 eo
1674 1359 1789 1388 sane

152 1419 348 1459 fuissent
369 1418 565 1469 singulis
587 1418 748 1458 diebus
770 1419 884 1458 satis
906 1418 1136 1469 occupati.
1161 1417 1280 1458 Nam
1302 1424 1432 1458 tanta
1454 1426 1555 1458 erat
1576 1418 1785 1470 frequen-

152 1491 216 1530 tia
238 1501 418 1540 eorurn,
442 1490 521 1541 qui
542 1490 601 1529 ad
629 1489 972 1529 confessionem
999 1489 1296 1539 advenirent,
1326 1496 1375 1529 ut
1395 1488 1477 1529 vix
1506 1490 1677 1541 pribus.
1708 1502 1784 1530 va-

153 1567 283 1601 caret
302 1572 485 1601 sumere
506 1561 774 1600 necessaria
797 1561 1006 1611 corpori,
1038 1572 1093 1600 ac
1122 1561 1253 1600 multi
1275 1561 1565 1611 cogebantur
1594 1562 1785 1608 reverti,

153 1644 259 1672 cum
280 1644 306 1671 a
327 1631 538 1684 patribus
560 1631 712 1671 audiri
732 1643 824 1671 non
853 1638 1061 1682 possent.
1094 1630 1249 1682 Atque
1277 1643 1335 1671 ex
1365 1631 1457 1681 his,
1488 1631 1567 1682 qui
1598 1644 1622 1671 a
1655 1632 1788 1671 nobis

154 1709 262 1743 sunt
296 1703 462 1753 auditi,
500 1703 687 1743 fuerunt
720 1702 932 1742 homines
966 1702 1184 1742 honorati
1214 1714 1268 1742 ac
1303 1703 1350 1742 in
1384 1701 1557 1742 mundo
1592 1703 1785 1753 nobiles,

152 1781 396 1826 praeterea
426 1774 611 1826 quidem
636 1774 858 1814 Vicarius
888 1774 1116 1825 episcopi,
1147 1774 1226 1824 qui
1254 1773 1312 1813 ad
1346 1785 1432 1813 nos
1463 1785 1603 1824 saepe
1632 1774 1788 1825 gratia

152 1845 459 1885 confessionis
480 1845 621 1885 venit.
645 1844 849 1894 Plurimi,
873 1856 990 1896 quos
1011 1844 1198 1896 quidem
1215 1845 1532 1884 conscientiae
1548 1845 1789 1885 maleficiis

151 1916 352 1957 refertae
373 1916 668 1966 cruciabant,
697 1928 907 1967 quaeque
934 1915 1082 1955 hostis
1110 1915 1274 1955 fraude
1302 1927 1360 1955 ne
1388 1922 1673 1956 exoneratae
1695 1916 1788 1956 fue-

152 1994 258 2028 rant
279 1999 504 2038 unquam,
535 1986 658 2038 apud
679 1998 764 2026 nos
791 1987 999 2037 generali
1028 1986 1323 2026 confessione
1351 1987 1563 2027 confecta
1593 1999 1647 2027 ac
1677 1989 1787 2027 mul-

152 2058 211 2098 tis
232 2058 406 2098 doloris
427 2064 471 2098 et
492 2059 644 2098 luctus
664 2058 812 2109 signis
844 2057 1197 2108 demonstratis,
1229 2069 1403 2109 magno
1435 2058 1588 2098 affecti
1614 2059 1789 2109 gaudio

153 2136 461 2169 recesserunt.
486 2128 599 2180 Alii,
623 2135 667 2169 et
687 2129 734 2169 hi
761 2141 854 2169 non
881 2129 1039 2180 pauci,
1075 2129 1348 2179 adfuerunt,
1379 2130 1456 2181 qui
1486 2136 1593 2170 ante
1619 2131 1790 2170 multos

154 2212 303 2240 annos
331 2212 570 2252 nunquam
602 2200 856 2241 salutiferis
887 2201 1198 2240 sacramentis
1233 2201 1305 2241 usi
1339 2201 1525 2241 fuerant
1555 2213 1631 2252 ac,
1663 2202 1791 2242 vitiis

153 2272 403 2312 inveterati
436 2284 492 2312 ac
521 2278 746 2321 tanquam
780 2273 989 2312 membra
1027 2272 1206 2312 inutilia
1236 2284 1292 2312 ac
1320 2272 1477 2323 arida,
1507 2273 1655 2313 vitam
1683 2284 1786 2323 age-

153 2343 286 2393 bant,
311 2343 431 2383 inter
451 2355 568 2395 quos
588 2343 866 2394 praesertim
887 2349 1102 2394 repertus
1124 2343 1209 2383 fuit
1231 2355 1371 2394 unus,
1404 2344 1482 2395 qui
1504 2350 1651 2393 certe,
1683 2344 1789 2383 licet

153 2414 323 2454 aetatis
355 2419 587 2463 maturae,
618 2421 725 2454 ante
749 2420 926 2465 septem
948 2420 1027 2453 aut
1049 2419 1154 2453 octo
1177 2425 1324 2454 annos
1347 2426 1584 2465 nunquam
1613 2414 1789 2454 confes-

155 2497 234 2526 sus
256 2491 376 2535 erat,
401 2491 446 2525 et
467 2485 608 2525 semel
636 2485 683 2524 in
710 2485 837 2524 omni
862 2485 961 2524 vita
990 2485 1048 2524 ad
1078 2497 1273 2525 coenam
1300 2485 1475 2525 domini
1507 2491 1789 2525 accesserat.

155 2557 408 2597 Enimvero
429 2556 476 2596 hi
498 2567 658 2596 omnes
685 2561 792 2596 sunt
820 2556 1007 2607 impulsi
1038 2562 1135 2596 tum
1164 2556 1223 2596 ad
1249 2563 1553 2607 peccatorum
1581 2557 1789 2597 dolorem

156 2635 199 2668 et
226 2629 420 2678 luctum,
450 2634 548 2667 tum
580 2627 817 2666 conciliati
843 2626 980 2667 Chro.
1015 2626 1160 2677 Dno.,
1197 2639 1252 2667 ac
1283 2628 1329 2667 in
1360 2627 1482 2667 hanc
1513 2628 1791 2668 sententiam

157 2699 366 2749 adducti,
391 2704 440 2739 ut
461 2698 679 2749 deinceps
700 2698 848 2738 vitam
874 2705 999 2737 recte
1020 2698 1159 2738 factis
1186 2699 1436 2748 redimere,
1468 2711 1523 2738 ac
1553 2699 1790 2750 tenebras,

156 2772 203 2811 in
224 2771 389 2822 quibus
411 2770 573 2821 perdiu
596 2769 763 2809 misere
784 2769 960 2809 versati
981 2769 1188 2819 fuerant,
1212 2770 1375 2819 fugere
1403 2775 1677 2810 statuerent.

236 2841 456 2881 Nonnulli
475 2840 700 2880 haeretici
727 2840 1102 2890 intervenerunt,
1134 2841 1211 2892 qui
1242 2841 1385 2880 nimia
1415 2841 1712 2892 simplicitate
1733 2843 1793 2882 ab

157 2913 379 2964 improbis
400 2912 516 2952 chri.
540 2911 753 2951 hostibus
774 2910 956 2962 decepti
976 2911 1185 2951 fuerant:
1216 2923 1381 2951 verum
1402 2923 1543 2963 quum
1574 2913 1644 2952 rei
1673 2913 1790 2952 veri-

157 2990 253 3024 tate
285 2983 459 3034 (divino
491 2983 658 3034 spiritu
685 2981 988 3031 suffragante)
1026 2989 1180 3022 essent
1215 2982 1430 3022 instructi
1466 2995 1520 3023 ac
1557 2983 1789 3032 illustrati,

159 3055 423 3095 effuderunt
462 3053 756 3094 confessione
795 3065 930 3093 omne
969 3064 1206 3093 Venenum
1244 3065 1458 3094 errorum
1497 3061 1790 3106 conceptum,
