2168 3437
349 251 419 286 676>
865 246 1094 284 LITTERAE
1121 257 1424 290 QUADRmsssTR
1431 258 1481 285 Es

348 347 550 397 gloriam
580 345 812 395 divinam,
845 344 1077 384 Dominus
1108 345 1243 385 nobis
1273 345 1526 396 plurimum
1557 346 1700 387 favet.
1734 346 1874 399 Regi,
1908 348 1992 389 Re-

347 418 486 469 ginae
518 422 562 457 et
597 416 856 456 Infantibus
890 427 1102 456 summae
1129 427 1271 456 curae
1303 422 1373 456 est
1404 417 1686 468 Collegium;
1720 419 1906 459 interim
1935 420 1991 460 de

348 499 543 528 numero
572 487 909 539 discipulorum
939 493 983 527 et
1010 498 1268 538 progressu
1295 494 1540 539 quaerunt.
1571 488 1673 529 Rex
1699 495 1888 541 praeter
1918 502 1993 542 pe-

346 559 549 609 cuniam,
573 558 794 609 triticum,
819 570 939 610 quae
960 559 1003 598 in
1027 558 1264 609 integrum
1285 570 1460 599 annum
1481 559 1639 611 donat,
1663 560 1774 600 item
1803 573 1991 612 aquam,

345 631 488 680 ligna,
513 641 726 682 quaeque
744 630 901 681 aegris
921 636 1028 670 sunt
1050 630 1334 669 necessaria.
1355 629 1471 670 Cum
1493 631 1814 682 superioribus
1832 632 1994 672 diebus

345 703 402 742 de
429 708 593 742 nostro
622 700 833 752 Collegio
861 712 967 741 cum
994 701 1292 741 senatoribus
1320 708 1503 752 ageret,
1534 701 1689 742 effecit
1715 709 1765 743 ut
1795 703 1842 743 in
1870 703 1993 744 hunc

345 784 521 813 annum
548 785 607 812 ex
636 773 821 812 aerario
850 772 984 812 nobis
1013 772 1204 812 daretur
1224 772 1304 812 250
1332 772 1365 817 ,ζΐ
1399 771 1423 812 ¹.
1453 772 1600 825 Spero
1628 774 1827 824 singulis
1857 774 1991 814 annis

345 844 559 885 eamdem
582 855 814 884 summam
841 849 919 883 aut
947 843 1175 883 maiorem
1203 844 1472 895 collaturos,
1496 850 1626 884 tanta
1656 851 1725 885 est
1752 846 1990 893 voluntas

343 928 485 967 quam
502 927 617 967 erga
634 927 720 955 nos
736 926 851 967 prae
868 926 917 955 se
933 914 1104 955 ferunt.
1125 914 1321 955 Missum
1339 921 1409 955 est
1427 914 1486 955 ad
1503 927 1588 956 nos
1605 916 1988 968 chirographum,

344 993 560 1028 sanctum
583 987 714 1038 regio
742 987 878 1038 signo
908 993 1047 1038 atque
1069 992 1355 1037 senatorum,
1385 986 1509 1038 quod
1536 993 1700 1028 nostra
1728 1000 1872 1039 opera
1901 1000 1996 1028 non

344 1064 414 1099 est
445 1058 678 1112 effectum,
712 1064 1053 1109 numerataque
1089 1064 1156 1098 est
1197 1058 1419 1098 continuo
1455 1059 1667 1110 pecunia.
1705 1059 1917 1110 Egerunt
1947 1060 1993 1099 in

344 1136 505 1170 nostro
529 1129 738 1180 Collegio
762 1129 885 1169 intra
907 1135 1086 1180 septem
1107 1130 1183 1169 vel
1204 1135 1311 1169 octo
1333 1141 1519 1169 menses
1541 1129 1802 1181 impensam
1831 1129 1910 1170 600
1936 1132 1988 1173 22⁶.

342 1202 537 1254 Aliquot
557 1202 697 1241 etiam
715 1201 888 1253 privati
904 1213 990 1241 nos
1008 1200 1235 1241 adiuvant
1253 1201 1561 1241 eleemosinis.
1581 1201 1784 1252 Quidam
1797 1203 1992 1243 donavit

342 1272 467 1313 2000
496 1271 549 1324 Π,
569 1273 738 1324 quibus
759 1272 901 1324 empti
928 1278 1034 1312 sunt
1066 1271 1140 1312 125
1168 1270 1203 1318 ,22⁶
1234 1272 1433 1323 singulis
1460 1272 1596 1313 annis
1622 1273 1670 1313 in
1697 1280 1992 1325 perpetuum.

343 1344 478 1385 Alter
500 1346 601 1385 vult
623 1344 887 1396 relinquere
915 1344 1164 1395 pecuniam
1186 1355 1278 1395 qua
1300 1349 1526 1395 perpetuo
1549 1345 1704 1385 alatur
1725 1357 1845 1385 unus
1867 1358 1891 1385 e
1912 1358 1989 1386 no·

344 1417 454 1456 stris
483 1416 800 1466 scholasticis3
825 1415 943 1455 alius
970 1415 1081 1455 dicit
1110 1427 1159 1455 se
1187 1416 1307 1455 velle
1339 1415 1602 1467 relinquere
1632 1416 1754 1456 bona
1785 1428 1869 1457 sua
1892 1416 1995 1457 Col-

343 1488 490 1539 legi03
513 1488 634 1527 alius
654 1488 774 1527 velle
796 1494 974 1527 certam
1002 1498 1235 1527 summam
1264 1493 1506 1539 perpetuo;
1537 1487 1615 1527 alii
1636 1489 1862 1539 pecunias
1885 1500 1994 1529 con-

344 1560 550 1600 tulerunt
586 1559 645 1599 ad
684 1570 917 1610 expensas
953 1565 996 1598 et
1043 1570 1153 1598 usus
1195 1558 1495 1599 domesticos.
1541 1559 1773 1599 Existimo
1818 1561 1988 1600 multos

345 1631 604 1670 donaturos
625 1629 887 1681 Collegium
913 1630 1152 1681 perpetuis
1181 1629 1458 1681 redditibus,
1482 1629 1605 1670 unde
1632 1631 1783 1671 nostri
1814 1631 1994 1671 schola-

344 1702 450 1743 stici
473 1708 808 1742 sustententur.
827 1701 932 1741 Fiat
954 1701 1001 1740 in
1022 1701 1237 1741 omnibus
1255 1700 1379 1752 quod
1401 1700 1502 1741 Deo
1519 1702 1702 1752 gratius
1719 1711 1804 1742 est.
1825 1701 1995 1754 Septus

345 1780 415 1814 est
436 1775 615 1823 hortus,
636 1773 770 1813 cuius
790 1778 973 1824 partem
995 1773 1165 1812 civitas
1186 1773 1395 1824 donavit,
1414 1772 1695 1813 firmissimis
1716 1773 1988 1824 parietibus3

344 1857 487 1897 quam
517 1844 891 1885 aedificationem
926 1844 1135 1884 nonnulli
1169 1850 1309 1884 antea
1344 1844 1704 1896 impediverant.
1736 1845 1819 1885 Est
1854 1846 1990 1895 latus,

344 1917 511 1957 fertilis
533 1916 841 1967 omnibusque
861 1916 1022 1955 usibus
1045 1915 1313 1956 domesticis
1336 1916 1541 1956 maxime
1568 1917 1826 1967 appositus.

422 1987 562 2028 Pater
583 1987 790 2040 Joannes
811 1986 1004 2036 Nonius,
1029 1987 1107 2038 qui
1133 1998 1215 2038 per
1237 1998 1321 2026 sex
1341 1998 1490 2027 annos
1518 1987 1564 2027 in
1591 1986 1755 2027 Africa
1779 1988 1988 2038 captivo-

345 2071 449 2100 rum
471 2059 731 2099 commodis
753 2065 850 2099 tum
879 2059 1063 2098 animae
1085 2065 1183 2098 tum
1204 2058 1416 2110 corporis
1438 2059 1656 2108 servivit,
1681 2060 1945 2111 multosque
1966 2071 1991 2099 a

344 2131 434 2172 fide
456 2131 551 2171 iam
574 2131 752 2171 alienos
775 2130 1131 2181 diligentissime
1152 2130 1413 2181 revocavit,
1438 2130 1555 2170 alios
1576 2142 1634 2170 ne
1656 2142 1705 2170 se
1733 2130 1994 2171 alienarent

345 2202 587 2254 repressit,
612 2202 746 2242 cuius
769 2213 912 2253 opera
934 2207 978 2241 et
999 2200 1249 2251 vigilantia
1269 2201 1401 2241 multi
1430 2200 1661 2253 redempti
1683 2208 1805 2252 sunt,
1836 2206 1881 2242 et
1901 2213 1994 2241 ma-

347 2274 502 2314 ximae
521 2273 832 2314 eleemosinae
851 2273 1064 2323 collatae,
1081 2272 1211 2312 Venit
1228 2272 1446 2324 proxima
1465 2272 1846 2324 quadragesima,
1862 2273 1995 2313 cuius

345 2345 582 2385 adventus
604 2345 722 2385 haec
750 2344 835 2384 fuit
857 2355 1001 2383 causa
1022 2342 1051 2380 ².
1074 2343 1177 2385 Rex
1204 2343 1394 2394 quidam
1415 2343 1516 2384 afer
1547 2344 1745 2384 alterum
1773 2344 1991 2396 profliga-

344 2417 414 2456 vit
436 2428 491 2456 ac
513 2427 661 2467 regno
684 2415 864 2466 expulit
885 2413 914 2465 ³,
938 2415 1016 2454 ubi
1036 2425 1261 2466 magnam
1290 2415 1587 2466 captivorum
1611 2415 1796 2467 copiam
1817 2415 1991 2467 reperit

345 2487 736 2537 christianorum3
775 2487 860 2526 hos
897 2486 1108 2526 decrevit
1135 2486 1363 2535 vendere,
1402 2486 1489 2526 etsi
1517 2497 1688 2538 parvo,
1721 2498 1828 2526 cum
1855 2487 1990 2526 multi

342 2564 499 2599 essent
521 2558 715 2607 nobiles,
740 2557 820 2597 200
847 2562 908 2608 ff,
933 2557 1144 2608 singulos
1170 2556 1245 2596 100
1273 2557 1307 2603 Π
1332 2555 1359 2597 ⁴.
1381 2556 1535 2608 Pater,
1559 2557 1778 2598 incensus
1809 2558 1983 2598 miseri—

343 2630 505 2671 cordia
527 2641 584 2669 ac
606 2629 837 2669 charitate
860 2629 1137 2679 animarum,
1161 2628 1251 2668 huc
1275 2628 1505 2679 excurrit;
1527 2640 1627 2668 rem
1645 2629 1767 2669 intra
1787 2629 1990 2680 quinque

397 2738 406 2758 ¹
449 2737 627 2769 Argentea
644 2738 805 2768 scutata,
820 2735 992 2767 ducatus,·
1011 2735 1187 2768 hispanice
1209 2742 1331 2768 supra,
1354 2742 1432 2769 pag.
1456 2734 1525 2767 587,
1551 2735 1725 2767 ducados,
1745 2735 1800 2762 ubi
1823 2736 1863 2762 de
1887 2735 1986 2762 Patre

340 2786 471 2819 Joanne
487 2784 602 2811 Nufiez
619 2791 658 2811 ea
673 2787 872 2817 narrantur,
889 2790 976 2817 quae
991 2783 1082 2810 infra
1096 2783 1129 2810 in
1143 2783 1208 2810 hac
1234 2783 1308 2816 ipsa
1331 2782 1477 2817 epistola
1497 2783 1683 2816 iterantur;
1705 2783 1886 2810 lusitanice
1910 2791 1987 2810 cru-

341 2833 462 2861 zados.

395 2881 409 2900 2
447 2880 534 2908 Vide
550 2886 654 2914 supra
670 2879 807 2906 litteras
824 2879 858 2906 P.
873 2879 1012 2906 Antonii
1029 2879 1069 2905 de
1086 2878 1252 2912 Quadros‚
1268 2886 1299 2906 n.
1313 2886 1456 2912 cmxxx,
1471 2886 1548 2913 pag.
1566 2878 1628 2905 583.

393 2929 407 2948 ³
445 2933 511 2963 por
525 2927 635 2955 haber
649 2928 790 2954 comaclo
804 2927 921 2961 Argel,
937 2935 997 2954 con
1014 2927 1045 2953 el
1062 2926 1135 2961 Rey
1151 2927 1194 2953 de
1217 2926 1329 2960 Velez,
1344 2927 1379 2954 al
1393 2926 1532 2961 Xarise.
1551 2925 1672 2960 Supra,
1688 2933 1766 2960 pag.
1782 2926 1843 2953 580.

393 2977 407 2997 4
446 2975 677 3010 Interpunctio
692 2975 774 3001 talis
789 2980 839 3001 est
854 2975 886 3001 in
907 2975 1108 3008 apographo
1130 2975 1265 3008 qualem
1286 2982 1345 3001 nos
1368 2974 1600 3001 describimus.
1623 2973 1747 3000 Sensus
1771 2978 1885 3000 tamen
1908 2972 1978 2998 exi-

339 3033 420 3065 gere
436 3025 573 3052 videtur
588 3026 624 3049 ut
639 3022 812 3049 scribatur
833 3023 896 3049 hoc
912 3023 1027 3049 modo:
1052 3022 1114 3048 hos
1137 3022 1289 3049 decrevit
1309 3022 1470 3054 vendere,
1490 3021 1554 3049 etsi
1576 3028 1701 3056 parvo,
1718 3028 1793 3048 eum
1815 3020 1910 3047 multi
1933 3026 1983 3046 es-

339 3077 430 3103 sent;
447 3072 576 3099 nobiles
591 3070 643 3097 ‘200
668 3064 717 3109 ff,
736 3069 890 3104 singulos
904 3069 1066 3103 <reliquos
1075 3069 1100 3102 Ρ)
1116 3068 1167 3096 100
1190 3063 1241 3110 ,2⁶
