2168 3437
838 289 924 326 AN.
953 288 1046 326 1553
1690 289 1761 326 609

126 397 216 437 quo
243 385 315 425 die
346 386 511 425 concio
533 385 589 426 de
619 385 849 426 charitate
875 384 1147 436 haberetur3
1177 384 1316 436 idque
1343 396 1437 425 non
1458 385 1557 425 sine
1587 396 1760 437 magno

125 456 301 496 factum
322 462 391 496 est
412 456 674 496 animarum
694 456 922 508 profectu.

205 525 321 568 Sunt
342 532 386 567 et
407 527 687 579 quibusdam
713 527 939 567 exercitia
970 526 1232 578 spiritualia
1259 526 1488 578 exhibita,
1520 538 1637 578 quos
1668 539 1761 567 non

126 598 410 638 mediocrem
432 599 696 638 animarum
715 609 906 638 suarum
927 597 1132 638 fructum
1152 598 1368 638 retulisse
1391 597 1590 648 dixeris,
1624 597 1761 650 siqui-

125 669 230 709 dem
259 669 336 708 alii
362 681 522 709 amore
551 668 808 720 Religionis
834 669 1023 708 accensi
1050 668 1262 708 eamdem
1290 674 1398 708 sunt
1426 668 1649 720 professi,
1683 669 1762 709 alii

125 752 238 780 vero
261 741 319 780 ad
341 745 469 780 caste
490 740 656 791 pieque
682 740 940 779 vivendum
966 739 1166 779 deducti.
1199 739 1324 779 Inter
1354 739 1470 779 alios
1501 745 1657 780 autem
1684 739 1762 792 qui

127 817 235 851 sunt
262 810 554 861 Religionem
587 810 810 861 ingressi,
844 809 935 850 duo
963 810 1287 850 adolescentes
1316 820 1548 850 annorum
1576 810 1761 851 circiter

124 881 286 921 decem
307 887 351 921 et
374 888 550 932 septem
571 881 619 920 in
638 881 760 921 hanc
780 887 923 931 tuam,
941 881 1004 920 mi
1025 880 1179 930 Pater,
1200 886 1307 920 sunt
1328 880 1537 931 admissi,
1563 893 1761 933 quorum

126 952 280 992 studia
301 958 345 992 et
366 963 520 992 mores
542 963 628 992 nos
650 952 822 1004 optime
843 963 1036 1003 sperare
1058 951 1251 992 faciunt.

205 1022 321 1063 Cum
344 1022 505 1063 diebus
526 1022 762 1063 Natalitiis
784 1022 1020 1062 orationes
1043 1021 1275 1073 quaedam
1304 1023 1606 1074 haberentur,
1629 1036 1760 1076 prae-

124 1099 194 1134 ter
216 1105 404 1133 omnem
425 1093 800 1145 expectationem
820 1093 952 1133 multi
980 1093 1160 1133 nobiles
1190 1105 1485 1146 magnaeque
1513 1096 1760 1136 auctorita-

122 1165 181 1205 tis
203 1164 294 1204 viri
319 1171 456 1216 atque
478 1165 635 1216 plures
656 1165 735 1204 alii
757 1164 816 1204 ad
835 1176 921 1204 nos
943 1163 1148 1215 undique
1170 1164 1511 1205 confluxerunt.

201 1235 305 1275 Huc
327 1236 557 1275 accedunt
579 1235 803 1275 exercitia
824 1235 1039 1284 fratrum,
1062 1246 1180 1285 quae
1197 1247 1291 1275 non
1308 1236 1427 1276 citra
1444 1236 1646 1277 fructum
1665 1249 1760 1277 sus-

123 1312 259 1358 cepta
290 1312 527 1355 constant,
567 1318 673 1346 cum
708 1306 756 1346 in
789 1306 954 1346 studiis
992 1306 1326 1347 humaniorum
1365 1307 1626 1359 literarum,
1664 1314 1761 1349 tum

120 1389 235 1418 vero
257 1378 304 1417 in
324 1378 462 1417 rebus
484 1377 671 1427 divinis,
692 1389 811 1429 quae
829 1377 888 1417 ad
903 1376 1107 1428 proximi
1124 1377 1383 1428 perfectam
1404 1378 1760 1419 instructionem

120 1449 368 1500 pertinent.
392 1448 591 1498 Etenim,
615 1454 947 1500 praeterquam
969 1448 1095 1500 quod
1114 1448 1273 1488 latinis
1295 1454 1339 1488 et
1358 1450 1545 1500 graecis
1567 1462 1757 1502 operam

122 1520 307 1560 assidue
328 1525 507 1559 navant
523 1518 907 1571 juventutemque
924 1518 1061 1570 hujus
1080 1519 1302 1570 civitatis,
1323 1520 1495 1571 alioqui
1511 1521 1675 1562 rudem
1695 1522 1757 1561 in-

123 1591 402 1642 cultamque,
426 1591 572 1630 literis
594 1596 639 1630 et
660 1590 867 1630 moribus
888 1589 1166 1641 informant,
1190 1590 1250 1630 ad
1271 1591 1619 1632 xenodochium
1650 1604 1760 1644 quo-

122 1674 211 1714 que
232 1673 565 1713 carceremque
585 1662 771 1713 saepius
785 1660 881 1712 jam
902 1668 1240 1711 commearunt,
1262 1662 1428 1713 quibus
1450 1663 1498 1702 in
1518 1663 1633 1703 locis
1654 1675 1758 1704 cum

123 1744 296 1785 magno
324 1734 587 1773 animarum
615 1734 746 1773 lucro
778 1733 1132 1783 concionantur,
1165 1740 1385 1784 aegrotos
1407 1740 1662 1787 captosque
1690 1747 1759 1775 so-

121 1806 292 1854 lantur,
313 1805 372 1845 ad
393 1804 735 1844 confessionem
757 1803 1011 1854 attrahunt,
1037 1816 1064 1844 a
1085 1804 1275 1855 flagitiis
1297 1805 1687 1856 perterrefaciunt

202 1875 397 1926 Reliqua
422 1887 546 1925 vero,
572 1886 690 1926 quae
713 1875 759 1914 in
781 1886 862 1926 spe
882 1874 1101 1915 videntur
1123 1886 1225 1915 esse
1246 1876 1415 1927 posita,
1439 1883 1550 1917 tunc
1572 1877 1756 1917 demum

122 1946 435 1998 perficientur,
461 1958 586 1996 cum,
611 1951 662 1986 ut
684 1952 823 1985 antea
851 1957 1049 1997 semper,
1082 1946 1146 1986 ita
1176 1947 1223 1986 in
1244 1953 1483 1997 posterum
1518 1948 1659 1988 etiam
1679 1960 1756 2000 pa-

122 2018 322 2058 trocinio
343 2029 431 2057 nos
451 2024 529 2057 tuo
561 2016 685 2068 apud
715 2016 868 2057 Deum
899 2017 1127 2068 optimum
1161 2018 1419 2058 maximum
1447 2017 1698 2069 adjuveris.

201 2088 355 2129 Datae
376 2088 597 2139 Mutinae,
618 2087 701 2128 V.⁰
725 2088 903 2129 calend.
926 2088 1038 2128 Maii
1063 2088 1177 2130 1554.

200 2160 327 2200 Tuus
350 2160 397 2200 in
418 2159 604 2200 Christo
626 2170 793 2200 servus
814 2159 1058 2210 minimus,

1034 2303 1262 2343 ANDREAs
1293 2303 1610 2344 BONINSEGNA.

204 2517 234 2556 I
235 2528 264 2555 n
287 2518 460 2567 quarta
474 2514 681 2566 pagina:
701 2515 767 2554 54.

270 3158 320 3195 T.
342 3170 384 3194 11.
1527 3172 1569 3208 39
