2168 3437
352 277 399 315 12
864 278 1092 316 LITTERAE
1119 287 1478 321 QUADRlMESTRES

350 380 436 415 est.
462 373 663 425 Quidam
684 375 824 414 etiarn
845 375 892 414 in
912 374 1097 426 publico
1119 385 1311 414 carcere
1333 374 1537 413 salutare
1559 373 1671 413 illud
1692 373 1838 414 divini
1858 373 1992 414 verbi

348 457 512 486 semen
545 445 745 497 plurima
778 445 1076 496 captivorum
1105 444 1428 485 consolatione
1459 444 1770 495 seminarunt,
1803 444 1993 495 quidam

352 516 493 556 etiam
532 517 660 556 cives
700 516 930 556 exercitia
969 523 1133 556 nostra
1178 515 1405 555 fecerunt.
1445 514 1676 554 Doctrina
1716 515 1989 564 christiana,

347 598 471 638 quae
491 587 649 638 pueris
670 593 714 627 et
736 587 837 626 aliis
860 586 1138 626 adeuntibus
1154 585 1385 626 declarari
1403 587 1627 625 consueta
1644 591 1727 635 est,
1748 585 1991 625 continua-

349 664 441 698 tur.
465 657 536 697 ΡΑ·
557 657 634 698 NJ
654 657 737 697 M.¹‘
759 658 1000 698 Bobadilla
1028 656 1038 675 ¹
1060 657 1224 697 eadem
1252 655 1531 696 dexteritate
1552 661 1597 695 et
1619 655 1886 696 auditorum
1906 656 1991 695 fre-

346 729 540 780 quentia
561 740 653 780 qua
675 734 894 779 coeperat
917 728 1168 779 epistolam
1185 727 1245 767 ad
1260 727 1496 767 Romanos
1517 725 1689 777 finivit,
1714 738 1878 767 verum
1898 738 1990 767 non

350 800 424 839 ille
455 800 637 840 felicius
668 800 843 839 destitit
878 811 1019 851 quam
1048 799 1119 839 ΡΑ·
1150 797 1367 839 Andreas
1397 799 1686 848 psalmorum
1719 797 1992 849 interpreta-

350 871 475 910 tione
496 870 561 910 illi
582 871 829 921 successit,
862 883 948 910 nec
976 877 1020 910 et
1047 870 1217 910 minori
1245 869 1488 919 concione,
1523 868 1826 920 quantumvis
1852 869 1992 909 etiam

349 941 571 993 temporis
593 942 819 982 hactenus
840 952 1014 992 magna
1033 941 1171 981 fuerit
1193 940 1511 991 intemperies;
1536 951 1780 991 speramus
1802 951 1986 991 quoque

350 1012 449 1052 fore
471 1019 519 1052 ut
541 1010 735 1052 multum
756 1012 886 1052 multi
907 1013 1086 1052 Vivent.

431 1083 644 1133 Fratres,
675 1084 760 1123 etsi
790 1084 1032 1134 hucusque
1063 1083 1234 1134 partim
1262 1094 1423 1122 eorum
1453 1083 1772 1132 languidiores
1802 1082 1990 1130 fuerint,

356 1166 480 1194 nunc
509 1166 690 1205 omnes,
721 1155 875 1204 gratia
904 1154 1016 1205 Dei,
1050 1153 1192 1194 validi
1223 1165 1278 1193 ac
1305 1153 1463 1204 vegeti
1490 1159 1597 1193 sunt
1623 1160 1667 1193 et
1698 1152 1819 1204 quod
1846 1153 1990 1192 maxi-

351 1237 479 1265 mum
512 1231 602 1276 est,
631 1226 842 1265 universi
870 1238 954 1265 sua
982 1232 1108 1265 sorte
1139 1225 1502 1275 contentissimi,
1533 1224 1704 1274 singuli
1734 1235 1819 1264 sua
1841 1223 1991 1263 officia

350 1296 607 1336 domestica
636 1296 832 1347 habent,
865 1297 1004 1347 inque
1044 1296 1121 1347 iis,
1155 1296 1444 1347 temporibus
1480 1295 1632 1335 studio
1666 1307 1759 1335 non
1799 1295 1992 1346 perinde

337 1364 344 1368 ’
362 1367 563 1418 idoneis,
588 1378 689 1406 sese
711 1379 817 1407 cum
835 1367 1066 1407 charitate
1088 1372 1132 1406 et
1154 1367 1394 1417 diligentia
1417 1372 1653 1406 exercent.

432 1437 717 1489 Accepimus
761 1436 979 1488 juvenem
1026 1437 1274 1488 quemdam
1319 1436 1546 1486 Siculum,
1584 1436 1826 1487 egregium
1862 1436 1989 1475 illum

345 1509 554 1561 quidem,
579 1509 678 1549 sive
699 1509 899 1559 litteras,
924 1509 1023 1548 sive
1046 1509 1184 1559 alias,
1215 1519 1333 1559 quae
1360 1508 1406 1548 in
1434 1520 1488 1547 eo
1515 1508 1742 1559 plurimae
1765 1507 1988 1557 relucent,

345 1579 563 1631 -corporis
591 1586 635 1619 et
667 1580 808 1619 animi
836 1579 967 1619 dotes
994 1585 1198 1630 spectes,
1229 1585 1273 1619 et
1301 1579 1379 1618 alii
1410 1578 1501 1618 duo
1528 1577 1626 1630 jam
1657 1577 1857 1618 accincti
1884 1584 1991 1617 sunt

350 1651 611 1702 profecturi
632 1650 852 1701 Romam,
879 1650 938 1690 ad
958 1649 1017 1690 V.
1042 1650 1091 1690 P.
1115 1650 1360 1701 gremium.

430 1721 571 1761 Aliud
588 1722 747 1772 magni
761 1721 883 1772 quod
900 1721 1103 1761 scribam
1118 1733 1212 1761 non
1230 1721 1453 1771 occurrit,
1474 1721 1615 1760 immo
1632 1719 1828 1760 maximi
1840 1725 1888 1760 ut
1905 1720 1990 1760 sci-

352 1793 459 1832 licet
480 1804 640 1832 omnes
661 1804 746 1832 nos
768 1792 988 1832 minimos
1020 1798 1125 1832 tuos
1152 1792 1198 1832 in
1227 1791 1412 1832 Christo
1434 1792 1648 1831 servulos
1670 1791 1921 1843 plurimum
1942 1791 1989 1831 in

350 1862 399 1903 Ρ.
423 1862 482 1903 V.
508 1863 798 1903 orationibus
820 1863 1170 1903 commendatos
1193 1863 1383 1903 habeas.
1407 1862 1533 1902 Idem
1554 1863 1612 1902 ab
1634 1862 1737 1902 aliis
1754 1862 1982 1912 omnibus,

351 1940 448 1974 tam
464 1940 735 1986 praesentes
766 1946 905 1985 quam
934 1934 1097 1985 futuri,
1123 1946 1262 1985 quam
1293 1945 1542 1985 possumus
1573 1934 1828 1974 humillime
1865 1933 1986 1973 obte-

349 2011 545 2045 stamus.

430 2076 564 2116 Vale.

434 2146 649 2197 Neapoli,
675 2146 864 2186 Calend.
884 2145 1184 2197 Septembris.

434 2217 737 2257 paternitatis
757 2217 880 2257 Vm
906 2216 1043 2268 Rdae,
1064 2217 1196 2269 jussu
1219 2229 1320 2269 sup.

433 2288 652 2328 Minimus
673 2288 909 2336 servulus,

1195 2431 1479 2471 THEODORUS
1509 2430 1770 2471 PELTANUS.

405 2611 414 2630 ¹
456 2612 487 2638 P.
504 2612 663 2640 Nicolaus
673 2613 850 2640 Bobadilla
866 2614 966 2641 sociis
980 2614 1143 2647 omnibus,
1159 2613 1214 2647 qui
1226 2612 1365 2647 Neapoli
1385 2615 1623 2648 versabantur,
1637 2615 1733 2649 quasi
1750 2615 1985 2647 Provincialis.

348 2663 521 2693 praeerat,
535 2664 566 2685 et
583 2659 723 2694 Collegii
739 2660 955 2695 Neapolitani
972 2660 1254 2695 superintendens
1270 2665 1355 2688 erat.
