2168 3437
911 247 994 283 AN.
1025 245 1117 283 1553
1760 243 1833 279 313

195 345 389 386 vanium
409 344 623 394 veniens,
647 343 835 384 Patrem
858 343 1098 390 convenit,
1124 344 1220 394 qui,
1244 354 1294 382 re
1316 342 1527 393 cognita,
1561 341 1626 381 ita
1653 352 1753 379 eam
1781 340 1829 379 in

201 416 329 456 hisce
352 415 574 455 instruxit
601 414 949 454 curiositatibus
971 413 1140 464 (variis
1162 413 1407 453 declarans
1436 412 1697 452 rationibus
1717 411 1829 449 talia

198 486 386 526 minime
425 485 591 525 decere
631 485 902 536 religiosam
940 496 995 524 ac
1033 484 1134 523 Deo
1174 483 1377 523 deditam
1416 483 1672 534 virginem,
1710 493 1830 533 quae

194 557 418 597 mundum
437 555 689 607 mundique
716 555 872 596 omnia
900 554 1142 606 reliquisse
1170 561 1363 594 externo
1385 554 1585 594 ostendit
1606 553 1732 593 vitae
1753 563 1831 603 ge-

195 639 328 676 nere,
353 627 519 678 quibus
538 627 641 677 ipsa
662 627 728 666 uti
754 626 915 675 vellet,
948 636 1035 665 nec
1065 625 1124 665 ad
1153 625 1350 665 aliorum
1382 624 1646 675 augendam
1672 634 1830 675 super-

195 698 320 737 biam
354 709 409 737 ea
442 697 598 737 facere
633 697 841 748 aliasque
876 697 1044 736 docere
1079 696 1290 745 debere),
1327 703 1377 735 ut
1404 707 1513 735 mox
1539 708 1587 735 se
1615 700 1833 746 paratam

195 769 550 817 demonstraret,
571 768 700 808 iuxta
717 766 928 807 divinum
948 766 1194 817 Patrisque
1215 766 1480 813 consilium,
1506 765 1670 805 eodem
1690 765 1833 805 etiam

196 838 269 878 die
297 839 455 878 omnia
481 839 763 889 relinquere,
802 849 1075 887 omnesque,
1113 848 1229 888 quas
1258 837 1317 876 ad
1343 836 1555 876 eamdem
1591 835 1829 876 addiscen-

197 910 306 950 dam
339 915 487 949 artem
522 909 606 949 sub
641 921 753 948 suae
788 908 893 948 fidei
926 907 1254 948 commissione
1293 907 1517 958 suscepit,
1560 907 1834 957 parentibus

196 981 387 1020 domum
406 980 658 1020 remittere.
682 980 860 1020 Verum
881 980 1016 1026 aliter
1035 979 1191 1018 visum
1211 978 1354 1025 Patri,
1379 989 1436 1017 ne
1458 979 1554 1017 sale
1578 985 1683 1017 acta
1706 989 1832 1017 care-

198 1058 301 1091 rent
333 1051 630 1102 prudentiae,
662 1050 898 1102 superflua
929 1049 1116 1102 quidem
1143 1049 1266 1089 illico
1298 1049 1573 1094 omittenda,
1607 1060 1836 1099 personas

175 1134 311 1180 'vero
331 1134 413 1173 per
434 1122 623 1173 aliquod
644 1122 866 1173 temporis
888 1121 1093 1172 spatium
1108 1121 1156 1160 in
1176 1120 1342 1160 melius
1363 1119 1707 1159 convertendas
1729 1131 1831 1159 cen-

199 1199 290 1242 set,
328 1199 466 1244 atque
497 1193 676 1233 interea
703 1191 932 1243 quaedam
962 1197 1136 1243 puncta
1164 1203 1191 1231 a
1218 1190 1475 1230 venerabili
1501 1190 1835 1230 Bonaventura

198 1265 245 1304 in
280 1264 376 1304 suis
410 1264 786 1304 meditationibus
816 1263 872 1303 de
902 1263 1002 1302 vita
1030 1262 1205 1303 Christi
1235 1262 1504 1312 conscripta
1540 1261 1680 1312 (quae
1710 1260 1757 1299 P.
1788 1261 1836 1300 in

201 1336 504 1375 vernaculam
530 1335 767 1374 transtulit
788 1334 1045 1384 linguam),
1069 1333 1379 1373 exscribenda
1400 1344 1601 1384 suasque
1623 1332 1836 1372 docenda

202 1406 411 1457 tradidit,
435 1412 484 1445 ut
504 1405 770 1445 huiusmodi
790 1405 959 1457 politas
976 1404 1264 1445 ornamentis
1280 1416 1396 1456 quas
1418 1404 1552 1443 docet
1573 1403 1761 1443 tandem
1782 1402 1842 1442 ad

200 1477 417 1531 proprias
447 1478 610 1517 domos
645 1477 922 1525 remitteret,
960 1488 1009 1516 se
1037 1476 1235 1527 amplius
1270 1476 1391 1515 nolle
1418 1475 1588 1515 talibus
1617 1475 1840 1525 occupari

199 1549 447 1590 mundanis
486 1548 851 1588 curiositatibus.
893 1547 976 1595 At,
1024 1547 1227 1587 Domino
1267 1546 1564 1597 disponente,
1609 1545 1841 1595 ablegatis

198 1621 326 1661 hisce
364 1619 636 1671 superfluis,
686 1619 1023 1670 discipularum
1061 1629 1284 1657 numerus
1331 1618 1520 1657 illaesus
1567 1616 1841 1668 permansit,

199 1703 317 1743 quas
339 1690 544 1743 quotidie
574 1690 861 1741 simpliciora
891 1701 946 1729 ac
974 1689 1216 1729 hominum
1243 1689 1348 1728 usui
1374 1688 1642 1728 necessaria
1674 1687 1844 1727 docere

200 1763 369 1814 pergit.

281 1833 542 1884 Quaedam,
567 1840 610 1873 et
631 1833 678 1872 in
699 1833 1002 1873 matrimonio
1024 1831 1299 1881 constituta,
1326 1831 1461 1871 avide
1483 1829 1735 1871 admodum
1765 1830 1842 1869 hu-

200 1905 272 1945 ius
292 1904 452 1944 mundi
472 1915 761 1956 prosequens
782 1903 1158 1953 sensualitatem,
1182 1902 1371 1942 tandem
1399 1908 1503 1953 post
1526 1902 1708 1953 aliquas
1738 1913 1842 1941 con-

200 1976 428 2015 fessiones
448 1975 637 2015 Patrem
657 1986 828 2026 rogare
851 1975 1004 2026 coepit
1035 1975 1146 2026 (non
1168 1974 1290 2014 enim
1313 1974 1552 2024 singulare
1574 1972 1683 2023 quid
1705 1972 1844 2012 confi-

199 2053 350 2087 tentes
372 2046 524 2086 moliri
545 2047 695 2086 solent
725 2046 901 2096 absque
928 2057 1109 2096 eorum,
1142 2045 1308 2097 quibus
1340 2044 1634 2093 confitentur,
1662 2043 1844 2095 praeiu-

201 2118 322 2158 dicio
349 2123 393 2158 et
422 2117 632 2167 consilio)
662 2123 711 2156 ut
732 2122 890 2168 posset
917 2122 1142 2167 argentea
1177 2128 1261 2156 sua
1297 2115 1532 2167 deponere
1569 2120 1844 2154 ornamenta

201 2184 435 2240 pretiosa,
482 2188 835 2240 superfluasque
879 2188 1268 2227 vestimentorum
1315 2187 1590 2227 abscindere
1636 2185 1846 2225 fimbrias

202 2259 415 2310 (quarum
435 2259 510 2298 hic
531 2270 733 2309 magnus
755 2260 929 2298 abusus
951 2263 1041 2307 est,
1073 2258 1154 2298 sed
1177 2271 1202 2298 a
1225 2258 1396 2307 multis,
1422 2258 1581 2297 divino
1604 2262 1844 2296 crescente

203 2341 387 2379 amore,
423 2341 518 2369 non
551 2329 841 2369 fimbriarum
871 2330 1116 2369 dumtaxat
1145 2329 1226 2369 sed
1257 2336 1301 2369 et
1329 2330 1573 2380 peplorum
1602 2334 1646 2367 et
1675 2327 1847 2378 capitis

200 2401 500 2451 velaminum,
532 2401 858 2451 pectoralium,
891 2400 1222 2451 similiumque,
1255 2400 1421 2451 quibus
1449 2399 1696 2439 mulierum
1725 2397 1842 2437 dele-

203 2478 357 2512 ctatur
376 2472 585 2521 vanitas,
611 2472 847 2511 contemni
868 2471 1159 2520 consuevit),
1182 2471 1307 2511 facta
1329 2471 1426 2511 voti
1448 2482 1659 2520 compos,
1684 2469 1845 2509 statim

204 2544 488 2594 incoeptum,
513 2553 746 2582 consensu
766 2542 944 2592 mariti,
970 2542 1222 2594 complevit
1244 2554 1298 2582 ac
1320 2541 1473 2593 pergit
1495 2541 1541 2580 in
1563 2540 1728 2580 melius
1749 2551 1843 2579 mu-

203 2622 306 2654 tare
327 2613 475 2653 vitam
497 2619 635 2663 atque
656 2612 916 2652 ferventius
938 2612 1038 2653 Deo
1060 2613 1193 2653 unire
1214 2613 1435 2652 animum.

282 2684 503 2724 Nonnulli
524 2683 664 2723 etiam
684 2684 926 2735 utriusque
948 2695 1109 2734 sexus,
1144 2684 1222 2735 qui
1244 2696 1271 2723 a
1293 2683 1450 2723 multis
1473 2682 1607 2722 annis
1628 2682 1675 2721 in
1705 2682 1842 2733 pluri-

204 2755 292 2795 mis
319 2766 374 2794 ac
401 2754 698 2806 gravissimis
726 2755 936 2805 peccatis
965 2755 1150 2805 vixere,
1182 2753 1239 2794 de
1267 2754 1434 2805 quibus
1460 2764 1698 2805 nunquam
1731 2764 1846 2793 vere

203 2825 391 2865 fuerunt
421 2824 642 2875 confessi,
675 2836 763 2864 nec
791 2836 998 2876 unquam
1017 2825 1268 2876 tranquilla
1290 2824 1578 2864 conscientia
1605 2823 1845 2864 vivificum

204 2901 499 2947 sumpserant
519 2894 899 2945 Sacramentum,
925 2906 1088 2935 omnes
1109 2895 1155 2935 in
1177 2895 1389 2935 libertate
1411 2894 1727 2934 conscientiae
1748 2905 1844 2933 sar·

204 2966 336 3007 cinas
367 2978 451 3018 per
479 2966 820 3006 confessionem
854 2965 1034 3017 integre
1070 2965 1406 3017 deposuerunt,
1445 2977 1535 3017 quo
1569 2965 1722 3005 medio
1749 2976 1843 3004 non

203 3037 365 3088 pauci,
388 3043 485 3077 tum
505 3037 616 3087 viri,
640 3043 740 3077 tum
760 3036 995 3086 mulieres,
1019 3048 1078 3076 ex
1097 3036 1243 3076 variis
1273 3036 1537 3077 animarum
1566 3035 1842 3076 discrimini·
