2168 3437
878 276 918 312 A
925 286 960 311 N.
993 276 1083 312 1553
1727 274 1799 310 435

163 371 311 422 Deus,
335 371 412 423 qui
428 382 512 423 pro
531 382 616 411 sua
633 371 949 422 investigabili
965 371 1193 422 sapientia
1210 382 1375 411 servos
1392 381 1515 421 suOS,
1537 375 1586 410 ut
1603 370 1691 421 ipsi
1707 371 1800 422 pla-

167 442 312 482 citum
334 448 416 492 est,
441 441 608 493 seligit.

246 512 375 553 Abiit
396 513 585 553 tandem
606 513 872 554 Cordubam
892 513 942 553 P.
964 513 1002 552 F
1007 513 1267 563 ranciscus,
1296 512 1372 552 ubi
1401 512 1582 552 celebre
1612 517 1799 552 nostrae

164 582 414 624 Societatis
431 584 689 635 Collegium
710 584 927 635 erigitur;
952 583 1063 623 illud
1084 584 1223 623 etiam
1246 584 1367 635 quod
1385 583 1564 623 Baezae
1582 590 1664 633 est,
1685 583 1794 622 reci-

161 666 275 705 pere
309 654 627 705 decrevimus,
671 655 827 706 agitur
861 665 975 694 Vero
1011 659 1059 693 ut
1093 652 1340 694 Societatis
1374 653 1583 704 Collegia
1616 653 1796 705 Hispali

165 730 303 776 atque
321 725 562 766 Granatae
584 730 929 765 construantur.

245 795 293 836 P.
327 795 626 847 Hieronymis
652 796 832 836 Natalis
858 807 950 835 una
985 801 1029 835 et
1058 806 1145 846 ego
1176 795 1520 835 Conimbricam
1547 795 1796 846 proficisci-

160 878 280 918 mur,
305 867 396 918 qui,
421 867 617 917 Collegii
636 867 775 907 rebus
791 866 1014 906 institutis
1035 877 1090 905 ac
1113 865 1252 906 domo
1269 866 1573 917 probationis,
1598 878 1715 917 quae
1734 867 1797 907 ibi

162 944 232 978 est
253 937 557 986 conficienda,
583 938 812 989 absoluta,
835 943 879 977 et
899 936 1123 977 Sanctum
1142 936 1369 986 Felicem,
1394 943 1438 976 et
1460 936 1634 977 Divum
1664 937 1795 990 Jaco-

159 1009 271 1049 bum
304 1009 507 1049 invisere
536 1014 665 1060 optat
692 1014 741 1048 ut
766 1009 1007 1059 negotium
1034 1007 1252 1059 expediat
1280 1007 1497 1057 Collegii‚
1527 1007 1649 1059 quod
1673 1009 1719 1048 in
1741 1020 1794 1048 eo

159 1079 293 1119 nobis
315 1085 384 1119 est
414 1079 649 1119 traditum.
683 1079 850 1119 Comes
877 1090 1077 1130 namque
1105 1077 1349 1129 Monterey
1370 1078 1425 1118 iis
1452 1077 1613 1118 diebus
1640 1091 1793 1130 quem-

161 1150 270 1191 dam
291 1163 349 1191 ex
370 1151 464 1191 suis
482 1162 587 1190 cum
608 1151 755 1190 literis
776 1151 835 1190 ad
856 1162 943 1190 nos
964 1149 1221 1190 transmisit
1242 1156 1291 1189 ut
1312 1149 1368 1189 de
1386 1149 1593 1201 Collegio
1616 1157 1793 1191 certum

166 1222 340 1273 aliquid
362 1221 736 1262 constitueretur.

244 1292 293 1332 Ρ.
318 1293 503 1332 interim
523 1291 695 1332 Torres
717 1292 1012 1343 Ulissiponae
1034 1292 1220 1342 mansit,
1253 1298 1323 1342 ut,
1356 1297 1453 1331 tum
1475 1292 1792 1332 aedificiorum

163 1363 576 1414 absolvendorum,
601 1369 698 1402 tum
720 1363 860 1403 etiam
881 1363 1080 1403 aliarum
1100 1374 1257 1402 rerum
1277 1363 1694 1414 expediendarum,
1720 1375 1791 1403 cu-

160 1445 265 1474 ram
285 1433 471 1474 habeat.
1183 1476 1190 1482 ,

239 1505 389 1545 Tanto
412 1511 599 1556 tamque
617 1505 805 1556 copioso
827 1505 1008 1555 gratiae
1030 1516 1142 1544 suae
1164 1505 1336 1544 lumine
1354 1505 1647 1556 omnipotens
1664 1504 1792 1544 Deus

156 1574 441 1616 Societatem
482 1575 756 1625 illustravit,
798 1581 847 1615 ut
892 1575 969 1626 qui
1013 1575 1312 1615 adversitatis
1357 1581 1566 1626 tempore
1608 1575 1792 1615 fuerant

159 1647 432 1698 perturbati,
465 1659 589 1687 nunc
624 1647 825 1687 recreati
855 1647 948 1687 iam
982 1658 1037 1686 ac
1072 1647 1277 1687 maxima
1305 1647 1353 1686 in
1379 1647 1580 1686 Domino
1616 1647 1791 1686 laetitia

156 1717 324 1769 affecti,
345 1719 392 1758 in
408 1717 654 1759 Societatis
676 1718 859 1758 laudem
878 1719 1021 1758 multa
1044 1718 1215 1768 dicant,
1236 1718 1388 1758 Deum
1406 1718 1630 1770 optimum
1648 1718 1790 1758 maxi-

152 1801 282 1829 mum
304 1789 646 1839 collaudantes,
671 1789 793 1840 quod
814 1794 911 1829 tam
932 1789 1161 1840 singulari
1189 1790 1436 1841 vigilantia
1466 1801 1521 1829 ac
1543 1789 1790 1829 dilectione

155 1858 438 1900 Societatem
460 1867 503 1900 et
529 1860 757 1910 gubernet
786 1866 830 1900 et
859 1866 1047 1911 augeat.
1082 1860 1216 1911 Quod
1237 1867 1334 1901 tum
1355 1859 1413 1900 ad
1435 1861 1610 1901 eiectos
1631 1873 1690 1901 ex
1711 1860 1788 1901 So-

155 1931 346 1982 cietate,
371 1937 467 1971 tum
490 1932 549 1971 ad
575 1943 678 1982 eos,
704 1932 782 1983 qui
811 1931 1144 1983 discesserunt,
1168 1932 1389 1983 pertinet,
1422 1944 1518 1972 nec-
1534 1932 1628 1972 lato
1651 1932 1789 1983 (quod

154 2001 298 2050 aiunt)
321 2013 478 2054 ungue
500 2003 558 2042 ab
578 2003 649 2053 iis,
673 2014 792 2054 quae
813 2003 860 2042 in
880 2003 945 2042 25²
962 2003 1350 2043 constitutionum
1369 2009 1503 2054 parte
1524 2003 1786 2050 traduntur,

150 2072 456 2123 discedimus,
487 2073 596 2125 quid
627 2073 813 2113 divinus
841 2074 1015 2124 cultUS,
1046 2074 1156 2125 quid
1182 2074 1324 2114 etiam
1354 2074 1496 2114 totius
1523 2073 1785 2123 Societatis,

151 2155 246 2183 non
262 2144 411 2184 solum
429 2145 704 2194 communis,
724 2156 889 2184 verum
907 2145 1048 2185 etiam
1065 2146 1267 2196 privata,
1286 2145 1460 2185 utilitas
1482 2152 1621 2196 atque
1640 2151 1786 2185 exter-

149 2226 319 2254 norum
340 2215 602 2255 aedificatio
624 2216 804 2267 exigat,
829 2216 1195 2257 considerantes.
1225 2216 1376 2256 Deum
1393 2222 1517 2256 certe
1537 2215 1641 2267 Opt.
1661 2216 1785 2256 Max.

151 2291 339 2325 nostros
370 2286 550 2326 animos
572 2298 624 2327 eo
653 2287 821 2327 robore
850 2293 988 2339 atque
1021 2288 1285 2328 constantia
1314 2287 1605 2327 firmaturum
1633 2299 1787 2338 spera-

150 2367 278 2406 mus,
303 2361 352 2396 ut
379 2356 686 2397 decernamus
707 2369 782 2407 ea,
816 2369 935 2409 quae
963 2358 1008 2398 in
1035 2359 1263 2398 maiorem
1283 2359 1354 2398 sui
1375 2358 1576 2398 nominis
1603 2358 1786 2397 laudem

150 2432 367 2477 vergant.
407 2426 541 2467 Nunc
563 2439 675 2467 vero
704 2428 904 2479 benigne
926 2440 1039 2480 erga
1061 2441 1140 2469 eos
1156 2441 1242 2469 nos
1257 2441 1422 2480 gerere
1444 2429 1781 2478 constituimus,

149 2496 229 2548 qui
249 2502 409 2537 nostro
432 2497 527 2549 apti
555 2497 725 2538 fuerint
746 2499 971 2539 instituto.

233 2567 463 2608 Dominus
484 2568 649 2609 Petrus
674 2568 978 2610 Mascarefias
1004 2571 1170 2611 merito
1201 2571 1410 2623 profecto
1440 2576 1598 2611 noster
1632 2576 1783 2622 potest

148 2639 377 2690 appellari
399 2645 540 2679 tutor.
563 2639 642 2679 Ille
673 2640 796 2680 enim
822 2642 1073 2693 praecipue
1099 2643 1147 2682 in
1176 2654 1320 2682 causa
1340 2643 1424 2682 fuit
1445 2648 1495 2682 ut
1516 2642 1613 2682 divi
1634 2641 1783 2682 Rochi

146 2710 411 2750 confratres
433 2723 487 2751 ac
509 2711 678 2750 civitas
694 2712 829 2751 nobis
849 2713 1042 2765 regique
1063 2720 1107 2753 et
1123 2714 1179 2753 de
1200 2713 1423 2764 erigendo
1441 2713 1636 2764 collegio
1659 2718 1703 2753 et
1724 2713 1780 2753 de

146 2780 377 2821 tradenda
411 2781 507 2821 divi
540 2781 689 2821 Rochi
723 2782 861 2823 domo
896 2784 1215 2824 assentiretur.
1257 2784 1407 2824 Tuam
1444 2783 1778 2824 Paternitatem

146 2849 523 2903 'Societatemque
546 2852 873 2893 ardentissimo
895 2865 1054 2894 amore
1074 2855 1383 2906 prosequitur.
1413 2853 1585 2894 Nostra
1610 2855 1778 2895 maiori

146 2928 191 2961 et
213 2934 355 2973 opera
377 2928 421 2962 et
438 2923 680 2973 diligentia
702 2935 842 2974 quam
863 2935 947 2964 sua
969 2925 1082 2976 agit,
1106 2931 1150 2965 et
1171 2925 1217 2965 id
1238 2931 1368 2965 tanta
1390 2937 1495 2965 cum
1515 2925 1706 2977 laetitia,
1730 2932 1778 2966 ut

146 2992 469 3042 gratissimum
491 2993 531 3033 ei
560 2993 810 3045 faciamus,
834 3006 940 3035 cum
960 3002 1228 3036 nostrarum
1254 3007 1430 3046 rerum,
1454 2996 1540 3036 etsi
1567 2996 1775 3036 minima-

145 3073 264 3112 rum,
298 3075 460 3104 curam
488 3064 577 3115 ipsi
596 3065 896 3115 iniungimus.
927 3064 1132 3117 Singulis
1153 3067 1360 3107 sabbatis
1393 3067 1640 3118 multisque
1674 3067 1776 3107 aliis
