2168 3437
329 275 400 313 484
839 275 1066 312 LITTERAE
1094 285 1455 317 QUADR1MESTRES

332 372 475 423 piant:
513 371 673 410 diebus
709 382 822 410 vero
860 371 1107 410 dominicis
1142 382 1197 410 ac
1232 370 1415 411 festivis
1449 373 1593 411 multo
1623 372 1795 423 plures.
1840 373 1965 414 Inter

327 454 442 494 quos
464 441 594 481 multi
616 446 722 480 sunt
744 441 1017 481 scholastici
1039 446 1084 481 et
1104 441 1151 481 hi
1177 453 1272 481 non
1293 441 1479 481 infimae
1502 443 1666 482 classis
1689 443 1794 483 viri.
1820 444 1964 484 Maxi-

326 523 494 563 maque
521 512 799 563 praesertim
827 512 1148 552 confitentium
1176 512 1438 564 frequentia
1466 512 1540 552 his
1567 513 1728 553 diebus
1753 513 1859 565 fuit,
1889 515 1966 566 qui

325 583 536 623 natalitia
557 582 677 623 festa
697 594 1019 634 praecessere,
1043 590 1175 623 tanta
1196 583 1383 635 quidem
1399 589 1448 623 ut
1475 595 1534 623 ne
1564 595 1592 623 a
1621 584 1886 636 quindecim
1908 598 1966 626 ex

325 654 497 694 nostris
518 665 601 705 per
629 654 807 706 aliquot
835 655 987 694 noctis
1016 654 1179 703 horas,
1215 660 1403 706 praeter
1432 654 1531 695 dies
1557 655 1783 706 integros,
1815 656 1965 696 audiri

322 725 576 777 potuerint,
601 725 678 775 qui
698 725 1008 765 confluebant.

404 796 537 837 Unde
557 795 734 836 factum
754 801 824 835 est
846 802 894 836 ut
914 796 961 836 in
979 796 1094 836 aede
1114 796 1284 836 maiori
1303 795 1312 814 ¹
1334 796 1500 847 ingens
1517 797 1659 837 etiam
1679 797 1819 837 fuerit
1843 809 1964 838 com-

322 867 659 907 municantium
682 879 917 907 numerus.
941 867 992 908 In
1013 873 1175 907 nostra
1196 879 1309 907 Vero
1329 867 1443 908 aede
1464 880 1618 918 sacra,
1642 880 1761 920 quae
1782 869 1964 920 perexi-

321 949 415 990 gua
437 945 528 988 est,
553 938 883 990 quadringenti
904 945 984 979 aut
1005 951 1059 979 eo
1081 940 1238 990 plures
1265 939 1616 980 Eucharistiam
1646 947 1961 991 sumpserunt.

321 1009 416 1049 Alii
435 1016 557 1060 sunt,
582 1010 682 1061 qui,
708 1009 806 1061 jam
827 1010 965 1050 altius
987 1010 1219 1061 provecti,
1254 1016 1585 1062 praeterquam
1615 1011 1738 1063 quod
1765 1017 1962 1063 peccata

319 1081 506 1132 saepius
533 1080 812 1121 confitentur
840 1087 884 1121 et
911 1080 1113 1130 Christo,
1138 1081 1323 1121 animae
1345 1093 1459 1121 vero
1488 1082 1606 1131 cibo,
1638 1083 1864 1123 sumendo
1890 1095 1962 1124 ro-

318 1153 561 1203 borantur,
585 1152 786 1192 orationi
809 1158 948 1204 atque
970 1153 1074 1192 aliis
1095 1153 1184 1204 piis
1205 1152 1425 1204 operibus
1447 1159 1638 1193 vacant.

400 1223 579 1274 Quibus
596 1228 640 1263 et
661 1223 765 1263 aliis
785 1222 1050 1274 hujusmodi
1071 1223 1209 1263 rebus
1231 1222 1449 1264 effectum
1470 1230 1540 1264 est
1561 1230 1611 1264 ut
1632 1236 1806 1276 magna
1829 1225 1888 1265 sit
1906 1225 1963 1266 de

321 1301 485 1335 nostra
516 1294 751 1335 Societate
772 1295 819 1334 in
839 1295 953 1335 urbe
976 1295 1147 1346 opinio.
1173 1294 1407 1346 Quiddam
1428 1307 1556 1347 vero,
1582 1308 1640 1336 ex
1669 1308 1758 1348 quo
1781 1308 1963 1337 summa

319 1366 534 1406 omnibus
555 1366 818 1406 aedificatio
841 1367 1074 1418 provenit,
1099 1367 1283 1406 silentio
1311 1379 1404 1407 non
1433 1368 1820 1418 praetermittam.
1846 1367 1964 1408 Cum

320 1437 444 1477 enim
479 1437 707 1489 Aethiops
743 1438 932 1489 quidam
967 1438 1024 1478 ob
1059 1437 1357 1478 interfectum
1388 1438 1554 1478 herum
1582 1439 1800 1479 candenti
1836 1439 1964 1490 prius

321 1507 499 1560 forcipe
531 1508 813 1559 adurendus,
831 1514 996 1560 postea
1018 1520 1130 1549 vero
1151 1509 1349 1549 abscisis
1371 1509 1586 1549 manibus
1608 1510 1963 1561 suspendendus

321 1585 458 1631 esset,
482 1580 643 1620 vocati
663 1585 771 1620 sunt
793 1592 851 1620 ex
871 1581 1046 1620 nostris
1069 1580 1211 1632 aliqui
1233 1580 1304 1630 (ut
1326 1579 1426 1620 fieri
1454 1581 1593 1631 solet)
1616 1581 1693 1632 qui
1715 1581 1757 1621 ei
1778 1580 1838 1621 ad
1858 1593 1959 1633 per-

315 1651 534 1691 ferendos
557 1651 797 1691 cruciatus
825 1651 1033 1691 animum
1060 1651 1306 1702 adderent;
1330 1652 1395 1691 illi
1417 1663 1531 1692 vero
1552 1651 1565 1670 ²
1587 1652 1634 1692 in
1656 1664 1846 1692 currum
1866 1664 1959 1692 una

317 1734 422 1762 curn
456 1734 509 1762 eo
539 1722 852 1762 ascenderunt
883 1722 1158 1772 (vehebatur
1185 1722 1308 1762 enim
1337 1723 1547 1774 plaustro
1575 1723 1829 1774 Aethiops)
1859 1729 1957 1763 tan-

314 1799 504 1845 tumque
535 1793 633 1844 ejus
661 1794 889 1844 animum,
920 1805 1040 1833 unus
1071 1793 1353 1845 praesertim
1380 1806 1438 1834 ex
1466 1794 1537 1845 iis,
1572 1795 1730 1834 verbis
1757 1795 1868 1845 suiS,
1893 1795 1957 1834 in-

314 1865 442 1916 genti
465 1876 571 1904 cum
594 1865 801 1904 omniurn
824 1864 1163 1914 aedificatione,
1183 1865 1448 1916 roboravit,
1472 1872 1521 1905 ut
1542 1866 1720 1906 nullum
1737 1864 1834 1916 jam
1855 1877 1956 1906 cru-

315 1936 490 1976 ciatum
507 1942 763 1986 recusaret,
782 1935 863 1975 sed
875 1935 1029 1986 potius
1047 1936 1157 1976 dum
1175 1936 1382 1976 candens
1398 1936 1584 1988 forceps
1602 1937 1789 1988 corpori
1804 1937 1959 1977 admo-

314 2014 521 2058 veretur,
545 2007 759 2058 ingentes
782 2007 856 2047 ille
887 2006 989 2047 Deo
1019 2008 1202 2058 gratias
1224 2008 1319 2048 alta
1340 2020 1459 2048 voce
1487 2014 1670 2059 ageret,
1702 2008 1826 2059 quod
1855 2008 1957 2058 sibi,

314 2084 422 2118 ante
450 2083 671 2128 mortem,
706 2083 1012 2129 peccatorum
1041 2089 1183 2129 agere
1216 2078 1554 2129 poenitentiam
1582 2079 1806 2119 licuisset.
1840 2078 1959 2130 Quid

310 2149 408 2201 jam
430 2149 585 2189 dicam
606 2149 662 2189 de
692 2160 916 2188 manuum
944 2149 1233 2189 abscisione?
1260 2149 1329 2189 Ita
1357 2149 1457 2200 ejus
1485 2150 1629 2190 menti
1650 2150 1825 2191 Christi
1852 2149 1960 2190 Pas-

313 2221 492 2261 sionem
512 2220 729 2260 infixerat
749 2219 902 2271 Pater,
926 2226 998 2271 ut,
1024 2231 1130 2260 curn
1151 2220 1211 2260 ad
1241 2221 1394 2260 locum
1416 2228 1611 2261 ventum
1632 2228 1715 2272 est,
1740 2233 1958 2273 porrexe-

312 2292 370 2332 rit
391 2293 505 2343 ipse,
529 2298 577 2331 ut
599 2296 886 2340 secarentur,
910 2302 1091 2331 manus.
1112 2290 1254 2342 Cujus
1272 2298 1367 2332 tam
1384 2292 1652 2342 inusitatae,
1677 2293 1724 2332 in
1741 2298 1953 2332 extremo

308 2363 405 2415 jam
434 2362 717 2414 praesertim
750 2363 875 2402 vitae
911 2368 1135 2413 tempore,
1167 2362 1453 2403 fortitudinis
1485 2370 1705 2415 aspectus
1739 2376 1833 2404 non
1867 2375 1957 2403 me-

312 2435 521 2475 diocrem
541 2433 756 2474 omnibus
779 2433 1140 2473 admirationem
1170 2433 1413 2484 afferebat,
1439 2435 1521 2475 sed
1550 2435 1696 2475 multo
1730 2434 1957 2486 majorem

310 2506 453 2546 Pater
474 2506 549 2546 ille
571 2511 744 2554 noster,
769 2504 848 2556 qui
869 2505 916 2545 id
937 2504 1118 2545 efficere
1138 2505 1384 2556 potuisset.

389 2576 487 2618 Nec
507 2577 659 2617 minus
679 2575 804 2628 quod
821 2574 919 2626 jam
938 2587 1062 2616 nunc
1083 2577 1286 2616 narrabo
1316 2577 1432 2617 alios
1464 2577 1652 2627 terruit,
1678 2577 1793 2617 alios
1815 2577 1956 2617 etiam

312 2648 591 2689 aedificavit.
614 2647 684 2687 Ita
705 2647 827 2687 enim
848 2646 1079 2689 Dominus
1100 2648 1350 2698 quemdam
1368 2648 1521 2698 exiis,
1547 2648 1623 2699 qui
1645 2654 1778 2688 extra
1800 2647 1953 2688 Socie-

310 2726 452 2760 tatem
473 2718 609 2770 ejecti
630 2723 756 2769 sunt,
777 2718 1029 2769 oppressit,
1053 2724 1102 2757 ut
1123 2719 1305 2769 possint
1326 2719 1493 2770 reliqui
1510 2718 1717 2770 ejusdem
1735 2720 1950 2771 exemplo

309 2791 444 2830 facile
472 2790 559 2830 sibi
584 2800 888 2840 praecavere.
917 2788 1006 2828 Hic
1034 2800 1141 2828 cum
1171 2801 1225 2829 eo
1262 2789 1529 2829 devenisset
1558 2796 1606 2830 ut
1643 2802 1729 2830 nec
1765 2801 1954 2830 sacrum

308 2862 463 2902 facere
496 2861 735 2912 (sacerdos
765 2860 888 2900 enim
914 2860 1052 2910 erat),
1088 2871 1238 2912 neque
1275 2861 1429 2911 aliqua
1459 2862 1504 2900 in
1540 2873 1590 2901 re
1622 2861 1954 2913 praecipientis

361 3046 370 3065 1
412 3045 632 3072 Catlzedralt'.
652 3046 782 3079 Apogr.

359 3094 372 3112 2'
412 3093 448 3121 P.
462 3093 532 3120 Leo
549 3093 718 3127 Enriquez
734 3100 810 3120 cum
824 3093 890 3120 alio
906 3093 1094 3120 sacerdote.
1112 3092 1259 3127 FRAxco,
1278 3094 1297 3121 1.
1320 3100 1360 3126 c..
1377 3101 1408 3121 n.
1424 3095 1468 3121 95.
