2168 3437
856 277 939 314 AN.
971 277 1063 315 1553
1701 278 1770 315 497

132 374 275 414 fuisse
296 374 561 415 videantur.
584 373 853 414 Bernardus
875 374 964 414 hac
991 375 1092 425 ipsa
1120 380 1298 414 aestate
1325 375 1542 426 proxima
1562 375 1691 415 venit
1711 387 1770 415 ex

134 445 264 485 India
286 457 393 486 cum
415 445 592 486 duobus
611 444 834 484 fratribus
854 444 879 495 ¹,
901 456 1016 496 quos
1038 457 1145 485 cum
1164 456 1337 496 magno
1358 445 1532 496 gaudio
1552 445 1769 486 vidimus

135 516 208 558 Ex
229 517 296 557 eis
325 517 446 557 enim
467 515 777 567 cognovimus
803 527 943 567 quam
971 517 1093 556 serio
1124 517 1273 556 nostri
1299 517 1469 557 fratres
1495 517 1543 557 in
1572 516 1772 557 diversis

135 589 423 639 multumque
456 587 576 627 inter
607 598 657 626 se
692 586 972 626 distantibus
1001 586 1274 637 regionibus
1311 586 1412 627 Deo
1446 587 1676 640 serviant,
1713 588 1773 629 ad

136 671 253 712 quas
280 670 386 698 cum
406 658 638 698 Dominus
664 656 830 697 Petrus
859 656 904 696 M
910 661 1185 708 ascarefias‚
1222 669 1419 709 prorex,
1443 670 1567 699 nunc
1593 658 1773 710 profici-

135 736 309 780 scatur,
333 729 380 769 in
400 740 622 780 magnam
642 739 773 780 spem
793 728 1008 767 venimus
1030 727 1394 768 christianorum
1414 741 1660 770 numerum
1680 741 1774 770 ma-

133 802 284 854 jorem
315 801 362 840 in
396 799 585 840 modum
618 805 808 839 auctum
841 799 913 838 iri.
957 798 1071 838 Erat
1107 798 1231 838 enim
1267 799 1312 838 in
1341 799 1585 840 Lusitania
1620 801 1774 841 animo

139 884 194 912 ac
224 872 465 911 voluntate
495 876 620 910 totus
650 875 824 918 noster,
858 881 995 921 quem
1029 869 1144 909 satis
1177 869 1441 921 intelligunt
1475 870 1687 911 homines
1718 871 1775 911 ab

138 943 312 995 optimo
334 947 473 992 atque
495 940 885 981 christianissimo
911 951 1023 991 rege
1044 939 1101 979 ob
1124 940 1345 980 eximiam
1366 941 1587 992 pietatem
1606 943 1653 982 in
1673 954 1776 994 pro-

137 1024 299 1064 regem
320 1024 422 1052 esse
448 1013 631 1051 lectum.
656 1011 784 1052 Velit
804 1011 933 1051 Deus
955 1010 1156 1062 optimus
1179 1023 1234 1051 ac
1260 1012 1494 1052 maximus
1522 1018 1571 1052 ut
1597 1012 1777 1053 Indiam

139 1089 332 1124 sanctus
352 1083 427 1123 hic
448 1083 522 1122 vir
544 1082 789 1122 incolumis
811 1082 1026 1132 attingat.

222 1154 322 1206 Quo
361 1159 645 1205 procurante
685 1153 814 1203 (cum
847 1153 962 1192 nihil
994 1158 1093 1192 tum
1127 1152 1182 1192 de
1217 1164 1303 1192 sua
1336 1153 1384 1193 in
1417 1152 1596 1194 Indiam
1630 1155 1778 1206 profe-

141 1226 294 1267 ctione
325 1225 485 1275 sciret)
512 1224 755 1275 negotium
781 1224 913 1274 illud,
943 1223 1121 1264 tamdiu
1151 1235 1178 1263 a
1205 1223 1439 1264 Societate
1466 1231 1691 1276 optatum,
1723 1226 1779 1266 de

143 1296 367 1337 mittendo
387 1295 667 1336 Patriarcha
685 1295 745 1335 ad
764 1295 926 1335 Preste
946 1295 1191 1348 Joannem,
1212 1295 1478 1336 confectum
1494 1295 1591 1348 jam
1610 1297 1776 1338 fuerat.

222 1367 352 1408 Haec
383 1372 506 1418 sunt,
539 1366 593 1406 R.
624 1366 778 1417 Pater,
803 1378 922 1418 quae
950 1366 1030 1406 filii
1055 1366 1121 1406 tui
1141 1378 1224 1418 per
1251 1366 1338 1406 hos
1366 1372 1567 1418 quatuor
1596 1380 1780 1409 menses

142 1444 353 1490 egerunt3
372 1443 479 1478 tuae
494 1443 654 1489 partes
670 1443 777 1477 sunt
793 1437 979 1489 precari
995 1437 1172 1477 fontem
1186 1437 1314 1477 illum
1330 1437 1560 1478 bonorum
1577 1439 1781 1479 omnium

144 1522 230 1550 nos
251 1515 301 1550 ut
321 1509 514 1550 idoneos
536 1508 776 1549 ministros
797 1514 989 1548 sanctae
1010 1508 1176 1548 reddat
1199 1508 1507 1549 obedientiae.

225 1580 549 1632 Olyssiponae,
574 1579 723 1631 pridie
746 1579 844 1620 Cal.
867 1579 1091 1633 Januarii,
1117 1591 1239 1619 anno
1264 1579 1379 1619 1553.

223 1651 417 1703 Recepti
455 1657 563 1691 sunt
600 1651 830 1702 proximis
869 1651 1031 1691 diebus
1071 1650 1161 1690 duo
1201 1650 1397 1700 fratres,
1439 1652 1518 1703 qui
1558 1652 1777 1693 videntur

146 1723 370 1775 optimam
391 1722 451 1763 ad
472 1722 748 1773 religionem
768 1721 971 1762 indolem
991 1721 1179 1762 habere.

225 1794 365 1847 Jussu
386 1793 439 1834 R.
463 1793 512 1834 P.
537 1793 746 1844 Mironis,

1232 1934 1516 1976 CYPRIANUS.

231 2220 583 2271 Superscrzptzo
604 2219 655 2259 in
683 2223 856 2271 quarta
882 2219 1088 2271 pagina.
1119 2193 1232 2260 Isis.
1264 2218 1372 2259 Rd0.
1401 2220 1450 2259 in
1474 2219 1558 2260 Xs⁰
1585 2219 1712 2260 Patri
1738 2231 1783 2271 p.

153 2290 214 2332 M.
237 2291 419 2343 Ignatio
440 2290 715 2342 Praeposito
738 2291 960 2331 Generali
980 2290 1227 2331 Societatis
1247 2290 1372 2344 Jesu,

232 2362 426 2402 Romae.
714 2362 739 2402 2
760 2362 985 2411 (secunda
1006 2361 1123 2412 via).

233 2432 344 2473 Alia
365 2444 527 2472 mmm:
552 2432 666 2484 1553,
691 2432 840 2483 Quad.
863 2433 1083 2483 Lisbona‚
1107 2432 1180 2473 del
1201 2432 1429 2474 Gennaio.

236 2504 290 2556 Q.
315 2510 359 2544 et
380 2504 437 2544 A.
462 2503 522 2544 V.

210 2688 221 2709 ¹
261 2688 379 2715 “Alter
391 2688 548 2715 Andreas
563 2686 756 2720 Carvallus,
771 2687 826 2714 vir
836 2688 958 2715 nobilis
968 2687 1002 2714 in
1013 2687 1110 2715 India
1121 2688 1299 2722 admissus,
1312 2688 1402 2715 alter
1412 2687 1569 2716 Andreas
1579 2686 1788 2722 Fernandez‚

159 2736 213 2770 qui
228 2735 371 2763 Romam
385 2736 480 2763 venit
495 2739 529 2762 et
543 2735 577 2762 in
591 2734 721 2762 Indiam
731 2739 851 2769 postea
866 2735 996 2769 rediit.„
1012 2735 1178 2769 POLANco,
1194 2735 1402 2769 Clzrom'con,
1417 2739 1439 2763 t.
1451 2742 1506 2770 111,
1521 2742 1600 2770 pag.
1611 2735 1674 2770 398,
1683 2743 1715 2764 n.
1726 2735 1789 2763 978.

311 3147 359 3183 Τ.
383 3159 422 3182 n.
1564 3159 1606 3196 32
