2168 3437
811 291 896 328 AN.
926 291 1017 328 1554
1663 292 1735 329 563

101 390 194 430 hoc
215 390 515 430 celeberrimo
533 388 654 429 festo
674 388 854 428 Natalis
875 388 1108 429 Dominici
1128 389 1420 441 poenitentes
1445 390 1575 430 fuere
1605 390 1735 442 quin-

103 461 233 511 genti
254 466 333 500 aut
355 460 567 512 amplius,
592 459 683 510 qui,
706 460 870 499 relicta
892 460 1142 511 impietatis
1164 461 1257 511 via,
1283 460 1341 500 ad
1371 460 1523 501 Deum
1548 472 1597 501 se
1629 473 1735 501 con-

107 537 363 582 verterunt,
401 536 446 572 et
479 530 672 570 totidem
705 530 764 569 ad
791 541 978 570 sacram
1008 531 1382 571 communionem
1415 538 1733 572 accesserunt.

108 603 318 653 Quorum
344 602 475 642 multi
499 601 703 650 fuerant,
738 601 815 651 qui
842 612 868 639 a
898 601 1077 641 duobus
1100 602 1256 652 annis,
1291 603 1501 642 nonnulli
1523 615 1549 642 a
1570 603 1735 654 tribus,

104 674 200 713 imo
222 673 362 713 etiam
383 673 440 712 ab
462 677 580 722 octo,
609 671 670 722 ll,
698 671 758 721 12,
782 682 876 710 non
897 671 1035 722 pauci
1056 671 1112 711 de
1132 672 1229 711 suis
1250 672 1504 712 sceleribus
1534 672 1737 713 confessi

108 756 202 784 non
222 750 370 794 erant;
394 743 622 795 quosdam
642 742 759 781 adeo
781 742 1015 792 malignus
1036 742 1182 782 hostis
1199 749 1244 782 et
1259 750 1564 794 peccatorum
1585 743 1740 784 multi-

108 815 220 855 tudo
243 819 602 863 excaecaverat,
624 818 674 853 ut
695 812 750 852 de
772 824 857 852 sua
877 813 1024 852 salute
1046 813 1351 863 desperarent
1370 826 1377 864 ;
1406 814 1488 854 sed
1514 827 1621 854 cum
1650 815 1740 866 pri-

109 897 235 925 mum
257 884 459 925 confessi
479 890 648 934 essent,
669 894 801 934 spem
817 893 1049 922 summam
1065 890 1379 934 conceperunt
1396 896 1740 937 syncel-amque

109 956 257 996 vitam
277 962 322 996 et
344 955 650 996 christianam
665 954 977 994 instituerunt.
997 954 1119 993 Inter
1138 954 1253 993 alios
1270 954 1474 995 foemina
1492 956 1740 1007 quaedam,

109 1039 230 1079 quae
252 1038 400 1067 annos
421 1025 665 1066 duodecim
686 1025 732 1065 in
752 1035 925 1076 magno
949 1024 1109 1064 dolore
1131 1025 1434 1076 cruciatuque
1462 1027 1612 1066 malae
1636 1038 1741 1066 con—

109 1098 334 1138 scientiae
351 1097 517 1149 suerat,
541 1109 595 1138 eo
616 1108 761 1149 usque
782 1095 982 1136 deducta
1003 1101 1053 1135 ut
1073 1108 1122 1136 se
1155 1095 1212 1135 ab
1235 1096 1360 1136 omni
1382 1097 1554 1136 auxilio
1586 1097 1744 1138 divino

112 1169 335 1209 destituta
355 1175 541 1220 putaret
561 1174 605 1208 et
627 1169 683 1208 ob
704 1167 1096 1219 gravissimorum
1115 1173 1417 1218 peccatorum
1436 1168 1618 1218 pondus
1648 1169 1744 1208 ani-

113 1251 240 1280 mum
260 1239 587 1291 desponderet,
612 1239 689 1279 illa
709 1239 786 1279 ubi
818 1238 1034 1279 confessa
1060 1244 1204 1288 esset,
1235 1240 1452 1278 exultans
1479 1240 1653 1289 gaudio
1682 1240 1744 1280 di-

110 1312 249 1352 cebat
270 1323 319 1352 se
341 1317 448 1352 ante
468 1312 557 1351 hoc
583 1316 768 1362 tempus
795 1308 1021 1361 majorem
1047 1309 1431 1361 tranquillitatem
1460 1311 1603 1350 animi
1633 1323 1748 1351 nun-

115 1394 255 1434 quam
276 1382 479 1422 sensisse
499 1393 585 1422 nec
607 1394 665 1421 ex
687 1380 980 1421 confessione
1002 1385 1182 1420 tantam
1203 1381 1572 1421 consolationem
1589 1393 1744 1433 perce-

117 1453 255 1505 pisse.

196 1524 267 1564 De
288 1523 506 1564 Patribus
528 1536 582 1564 ea
603 1530 672 1563 est
694 1523 995 1573 existimatio,
1019 1523 1066 1562 in
1087 1522 1294 1562 omnium
1315 1523 1484 1563 animis
1505 1524 1753 1564 confirma-

117 1602 180 1646 ta,
203 1601 253 1635 ut
273 1607 409 1635 nemo
431 1595 505 1646 sit,
529 1595 606 1647 qui
626 1607 718 1635 non
740 1594 901 1635 credat
931 1606 980 1633 se
1007 1595 1152 1634 multo
1183 1595 1423 1645 puriorem
1450 1595 1751 1636 sanctiorem-

118 1678 207 1718 que
227 1666 342 1717 fore,
367 1667 405 1706 si
426 1666 514 1706 sibi
539 1666 629 1706 illis
656 1665 867 1706 confiteri
894 1665 1152 1716 contingat.
1182 1665 1240 1705 Et
1268 1666 1333 1705 ita
1362 1666 1492 1705 multi
1523 1677 1637 1717 erga
1667 1679 1753 1707 nos

119 1737 274 1778 affecti
308 1743 428 1788 sunt,
462 1737 539 1789 qui
573 1748 656 1788 per
690 1737 944 1776 salutarem
979 1735 1320 1776 confessionem
1356 1748 1415 1776 ex
1447 1744 1752 1788 peccatorum

116 1809 336 1849 sordibus
359 1809 418 1848 ad
438 1809 679 1848 meliorem
698 1808 845 1847 vitam
866 1815 1176 1858 emerserunt,
1200 1814 1250 1847 ut
1271 1819 1589 1860 quoscumque
1611 1821 1750 1849 nove—

123 1886 230 1921 runt
263 1880 561 1931 gravioribus
596 1880 776 1919 delictis
803 1879 1015 1929 obrutOS,
1045 1890 1127 1918 eos
1161 1879 1220 1919 ad
1254 1891 1339 1919 nos
1375 1880 1632 1932 adducant,
1664 1894 1754 1933 quo

121 1951 301 2003 possint
329 1951 492 1991 eodem
521 1951 835 1991 conscientiae
871 1961 1049 2001 angore
1081 1950 1284 2001 liberari,
1324 1963 1413 2002 quo
1450 1951 1537 2002 ipsi
1571 1952 1755 1993 liberati

123 2029 245 2063 sunt.
270 2021 517 2073 Singulare
539 2028 695 2062 autem
716 2021 826 2061 illud
848 2028 917 2061 est
939 2021 1027 2061 Dei
1048 2033 1178 2072 opus,
1204 2021 1327 2073 quod
1355 2023 1565 2063 nonnulli
1587 2036 1756 2065 concu-

124 2094 258 2133 binas
278 2105 403 2143 suas,
427 2093 703 2145 quibuscum
724 2093 801 2133 diu
821 2093 960 2144 impie
980 2093 1213 2143 vixerant,
1228 2142 1230 2144 ‚
1244 2094 1291 2133 in
1320 2094 1555 2144 legitimas
1583 2106 1757 2136 uxores

126 2165 405 2216 acceperint.
429 2164 786 2204 Laboraverant
809 2164 886 2203 alii
906 2163 1098 2214 capitali
1119 2163 1223 2204 odio
1257 2170 1301 2203 et
1332 2164 1624 2205 inimicitiam
1652 2177 1758 2217 gra-

127 2236 369 2276 vissimam
404 2235 700 2285 exercebant,
739 2235 856 2274 adeo
892 2240 941 2274 ut
970 2235 1096 2274 nulla
1131 2242 1441 2286 cognatorum
1481 2237 1677 2276 consilia
1716 2243 1761 2278 et

128 2307 458 2357 persuasiones
478 2307 691 2346 valerent
711 2305 835 2357 apud
856 2305 957 2345 illos
978 2306 1243 2357 quicquam;
1268 2306 1315 2345 hi
1336 2306 1472 2346 simul
1495 2319 1550 2346 ac
1571 2307 1631 2347 ad
1654 2319 1761 2348 con—

130 2378 379 2418 fessionem
410 2388 551 2428 aegre
580 2377 770 2417 adducti
796 2384 924 2428 sunt,
956 2373 1243 2418 adversariis
1271 2378 1553 2428 ignoverunt
1582 2386 1626 2418 et
1657 2391 1764 2420 cum

128 2449 218 2488 illis
238 2454 493 2500 perpetuae
519 2448 650 2500 pacis
682 2448 846 2488 foedus
874 2449 1180 2500 pepigerunt;
1211 2448 1389 2500 itaque,
1423 2455 1552 2489 tanto
1581 2450 1764 2491 sublato

132 2520 252 2570 odio,
277 2519 417 2559 amici
437 2519 548 2559 facti
569 2525 675 2559 sunt
695 2519 1003 2570 integerrimi.

213 2590 289 2631 Ad
322 2591 440 2630 haec
475 2590 618 2630 multa
647 2589 738 2629 alia
772 2589 1003 2630 Dominus
1038 2596 1258 2642 operatus
1286 2597 1369 2641 est,
1408 2603 1526 2642 quae
1561 2592 1767 2633 scribere

133 2663 325 2713 longum
344 2667 467 2701 esset
488 2661 639 2711 nimis3
665 2659 793 2711 cujus
824 2661 891 2701 rei
918 2661 1121 2712 ejusdem
1151 2668 1484 2713 argumentum
1515 2669 1584 2703 est
1610 2675 1768 2704 nume-

133 2744 214 2772 rus
243 2731 703 2772 communicantium.
740 2731 788 2771 P.
818 2731 984 2772 Petrus
1022 2732 1030 2750 ¹
1059 2733 1292 2772 laboravit
1330 2733 1468 2773 valde
1499 2745 1584 2785 pro
1620 2736 1770 2775 salute

135 2810 231 2843 tam
253 2803 464 2854 corporis
485 2813 625 2854 quam
646 2802 789 2851 animi
810 2814 992 2853 eorum,
1018 2803 1095 2854 qui
1116 2803 1162 2842 in
1193 2803 1410 2844 custodia
1440 2805 1628 2856 publica
1658 2804 1770 2846 deti-

136 2874 382 2914 nebantur.
405 2873 612 2914 Primum
633 2874 938 2914 concionatus
955 2879 1024 2914 est
1041 2874 1164 2925 apud
1182 2886 1261 2914 eos
1278 2875 1589 2927 frequentius,
1608 2883 1657 2917 ut
1676 2878 1770 2917 ani-

138 2957 263 2985 mam
282 2946 412 2997 prius
433 2950 621 2985 curaret
641 2951 685 2984 et
707 2945 765 2985 ad
792 2945 1129 2997 poenitentiam
1158 2953 1375 2997 vocaret,
1407 2958 1499 2998 qua
1525 2947 1573 2987 in
1600 2959 1650 2988 re
1678 2960 1775 2989 non

194 3105 206 3126 ¹
244 3106 280 3134 P.
296 3107 419 3135 Petrus
434 3107 619 3139 Venustus,
636 3107 839 3134 novitiorum
855 3106 1031 3141 magister.
