2168 3437
395 284 466 319 708
909 281 1138 319 LlrrERAE
1167 291 1526 324 QUADRIMESTRES

475 375 836 420 Confessionum
868 383 912 418 et
939 389 1141 429 magnus
1168 384 1237 419 est
1269 390 1492 419 numerus
1526 384 1571 418 et
1608 384 1808 430 augetur
1846 380 1893 419 in
1928 380 2042 420 dies.

390 450 487 491 Nec
514 450 653 502 pauci
683 456 791 490 sunt
820 450 898 502 qui
926 450 1032 490 inde
1060 450 1344 501 colliguntur
1377 450 1582 500 fructus,
1620 461 1820 502 quorum
1857 451 2043 503 aliquos

390 522 636 571 referrem,
660 522 750 561 nisi
776 521 891 561 satis
919 521 1135 571 cognitos
1165 532 1224 561 ex
1254 521 1574 572 superioribus
1604 521 1750 561 literis
1782 533 2037 573 cognosce—

390 605 510 643 rem,
535 599 580 633 et
600 604 792 632 vererer
821 605 878 632 ne
900 592 1123 633 molestus
1141 604 1306 633 essem.
1326 593 1446 633 Nam
1463 598 1508 632 et
1524 593 1811 633 domesticae
1830 593 2037 634 simulta-

387 672 458 705 tes
479 666 600 705 inter
619 665 751 705 viros
772 676 1038 716 uxoresque
1059 676 1341 715 suppressae
1368 672 1494 715 sunt,
1530 670 1574 704 et
1596 664 1703 705 odia
1729 665 2036 705 acerbissima

387 737 633 785 restincta,
658 742 703 776 et
723 736 953 787 dirempta
976 734 1227 786 adulteria,
1261 741 1305 775 et
1333 736 1453 776 inter
1482 736 1585 776 illos
1607 740 1854 776 contracta
1877 737 2038 776 matri-

388 808 566 858 monia,
592 808 669 859 qui
691 813 798 847 ante
820 806 1063 857 illegitimo
1086 806 1225 847 thoro
1243 805 1583 858 jungebantur,
1608 813 1652 847 et
1673 808 1907 858 nonnulli,
1941 813 2040 848 tum

390 880 500 930 viri,
525 885 623 919 tum
651 879 885 929 mulieres,
913 878 972 918 ad
1003 878 1281 929 religionem
1314 878 1522 918 animum
1548 878 1877 930 adjunxerunt,
1918 880 2044 919 votis

387 952 530 991 etiam
546 951 699 990 editis.

465 1021 720 1074 Conjugati
740 1033 923 1074 quoque
946 1022 1089 1074 aliqui
1110 1022 1252 1062 etiam
1274 1034 1299 1061 a
1323 1021 1561 1061 concessis
1588 1022 1910 1072 voluptatibus
1934 1022 2034 1062 abs-

385 1096 547 1135 tinent.
571 1095 705 1135 Unus
726 1094 869 1134 etiam
889 1093 995 1144 fuit,
1020 1093 1098 1145 qui
1119 1104 1225 1133 cum
1247 1093 1395 1133 vitam
1418 1093 1555 1133 simul
1576 1099 1620 1133 et
1641 1093 1848 1134 habitum
1872 1105 2032 1134 mona-

384 1167 460 1206 chi
482 1166 751 1218 abjecisset,
775 1173 1026 1217 utrumque
1047 1165 1225 1216 pariter
1246 1165 1514 1216 resumpsit,
1535 1165 1727 1205 arctiori
1745 1176 1847 1205 sese
1866 1165 2031 1205 astrin-

384 1249 501 1288 gens
522 1239 716 1289 regulae
745 1249 887 1289 quam
921 1237 1066 1288 prius.
1104 1237 1162 1278 Et
1197 1237 1387 1288 quidam
1419 1236 1516 1289 jam
1551 1248 1695 1277 senex
1727 1236 1917 1289 jamque
1957 1236 2036 1277 diu

383 1310 553 1350 nullius
579 1309 875 1350 Sacramenti
902 1309 1162 1360 particeps,
1193 1309 1270 1360 qui
1300 1309 1485 1348 animae
1513 1320 1626 1349 suae
1655 1308 1896 1349 dominum
1930 1309 2034 1348 dae-

382 1392 567 1422 monem
594 1382 824 1431 elegerat,
856 1392 998 1432 seque
1025 1381 1089 1420 illi
1117 1387 1268 1420 totum
1298 1381 1601 1420 commiserat
1629 1379 1941 1432 dederatque,
1977 1380 2037 1420 ad

381 1452 692 1493 confessionis
713 1459 757 1492 et
778 1452 1108 1492 Eucharistiae
1126 1451 1486 1492 Sacramentum
1508 1452 1660 1492 rediit.
1686 1452 1737 1492 In
1758 1452 2033 1492 universum

382 1531 538 1565 autem
573 1535 730 1564 mores
759 1524 1069 1576 plurimorum
1097 1524 1371 1563 emendatos
1407 1535 1510 1563 esse
1541 1529 1749 1574 constat,
1785 1524 2036 1575 palamque

379 1596 490 1636 illud
512 1596 774 1636 dictitatur:
799 1596 844 1635 in
867 1596 957 1636 hac
979 1596 1092 1635 urbe
1113 1595 1306 1635 vivendi
1335 1595 1569 1635 rationem
1601 1597 1741 1646 longe
1771 1595 1957 1635 differre
1979 1595 2036 1635 ab

379 1680 455 1717 ea,
485 1679 606 1719 quae
636 1668 765 1719 prius
798 1667 965 1707 fuerat.
1005 1667 1147 1718 ldque
1184 1679 1290 1706 cum
1325 1667 1556 1718 imprimis
1590 1666 1778 1707 divinae
1813 1666 2033 1710 bonitati,

378 1746 476 1779 tum
497 1738 636 1790 hujus
658 1739 799 1779 etiam
821 1737 1071 1779 Societatis
1093 1738 1351 1778 ministerio
1384 1739 1606 1778 tribuunt.
1643 1738 1787 1788 Nam,
1819 1738 1908 1778 etsi
1942 1749 2036 1778 non

377 1812 534 1851 omnia
555 1811 706 1851 nostri
726 1811 904 1851 faciunt
928 1810 1051 1860 (sunt
1074 1810 1197 1850 enim
1220 1815 1264 1849 et
1282 1810 1374 1857 alii,
1395 1809 1453 1849 ad
1471 1821 1588 1861 quos
1607 1810 1773 1850 concio
1795 1809 2031 1861 frequens,

377 1883 515 1922 sicuti
537 1883 597 1923 ad
618 1883 842 1934 templum
872 1889 1110 1932 nostrum,
1137 1882 1349 1932 confluit,
1383 1887 1478 1921 tum
1516 1882 1575 1921 ad
1605 1882 1802 1922 verbum
1834 1881 1924 1922 Dei
1957 1893 2033 1921 au-

376 1951 617 2005 diendum,
658 1960 756 1994 tum
792 1954 851 1993 ad
887 1953 1188 2005 suscipienda
1227 1952 1575 2004 Sacramenta),
1615 1960 1772 1993 tamen
1809 1952 2030 2005 quoniam

375 2027 440 2066 illi
475 2026 614 2078 hujus
649 2025 847 2076 Collegii
882 2025 1097 2077 exemplo
1132 2025 1318 2076 impulsi
1353 2024 1630 2073 creduntur,
1668 2023 1807 2076 hujus
1843 2036 2031 2077 quoque

376 2098 487 2138 boni
507 2109 593 2138 nos
615 2097 838 2137 authores
859 2108 961 2137 esse
983 2096 1231 2137 affirmant.
1257 2096 1320 2137 Ut
1337 2102 1520 2147 autem,
1544 2095 1670 2147 quod
1693 2096 1820 2146 dico,
1846 2096 2032 2136 facilius

377 2169 564 2219 credas,
588 2169 696 2209 licet
716 2168 981 2208 institutum
1001 2180 1095 2208 non
1123 2168 1181 2208 sit
1215 2167 1262 2207 in
1289 2167 1627 2219 persequendis
1650 2168 1849 2219 singulis
1871 2168 2031 2208 immo-

377 2241 493 2291 rari,
518 2241 723 2292 patietur
744 2247 902 2280 tamen
922 2239 971 2279 Ρ.
997 2239 1051 2279 Τ.
1075 2245 1124 2279 ut
1145 2250 1290 2279 unum
1320 2245 1399 2279 aut
1431 2240 1630 2279 alterum
1652 2238 1856 2279 referam
1876 2250 2030 2279 exem-

376 2315 519 2364 plum,
543 2324 633 2364 quo
654 2312 773 2352 haec
794 2323 977 2351 morum
999 2311 1279 2361 immutatiO,
1300 2322 1441 2362 quam
1456 2311 1757 2362 praedicant,
1783 2316 2026 2362 appareat.

377 2385 465 2425 Vir
487 2384 678 2436 quidam
702 2383 895 2433 nobilis,
922 2394 1029 2423 cum
1051 2383 1108 2422 ab
1132 2383 1410 2427 adversario
1440 2382 1706 2434 periculosa
1735 2383 1934 2422 vulnera
1957 2394 2031 2422 ac-

375 2456 576 2508 cepisset
595 2488 602 2506 ,
625 2466 866 2506 nunquam
886 2453 1070 2494 deferre
1092 2454 1214 2494 illius
1245 2465 1416 2494 nomen
1438 2454 1586 2494 voluit
1607 2454 1654 2494 in
1674 2452 1924 2505 judicium,
1949 2453 2031 2493 sed

376 2528 528 2579 potius
550 2538 600 2567 se
621 2532 665 2566 et
686 2526 809 2576 Deo,
834 2525 962 2566 facta
989 2532 1292 2577 peccatorum
1320 2525 1638 2575 confessione,
1673 2531 1718 2565 et
1749 2525 2029 2565 adversario

375 2599 698 2649 reconciliare,
739 2608 1018 2648 omnemque
1051 2608 1245 2648 prorsus
1281 2596 1499 2649 injuriam
1523 2597 1587 2636 illi
1617 2597 1813 2637 remisit.
1844 2596 1952 2637 Fuit
1987 2602 2033 2636 et

374 2671 503 2711 hisce
524 2669 754 2721 proximis
776 2668 938 2708 diebus
960 2669 1101 2719 alius,
1127 2668 1303 2720 alioqui
1334 2675 1555 2709 strenuus
1577 2679 1634 2708 ac
1656 2668 1824 2719 vigens
1859 2673 2027 2718 aetate,

374 2742 452 2793 qui
487 2753 592 2782 cum
627 2742 785 2792 palam
815 2740 1132 2780 acerbissimis
1164 2740 1392 2780 conviciis
1414 2740 1729 2780 incesseretur
1762 2751 1790 2779 a
1826 2739 2029 2791 quodam

373 2812 519 2852 nihilo
542 2811 749 2852 melioris
771 2811 1053 2851 conditionis
1088 2811 1215 2861 viro,
1251 2811 1447 2851 secessit
1476 2811 1576 2862 ipse
1605 2811 1832 2863 pacificus
1864 2823 1923 2851 ex
1950 2810 2028 2851 via

375 2895 517 2941 seque
539 2884 584 2923 in
606 2888 731 2923 tecta
762 2894 846 2922 sua
881 2883 1073 2934 recepit.
1106 2882 1196 2933 Qui
1227 2882 1337 2922 dum
1368 2883 1523 2922 locum
1552 2882 1632 2922 dat
1664 2882 1786 2933 irae,
1811 2888 1855 2922 et
1876 2882 1964 2922 sibi
1985 2887 2030 2921 et

374 2955 439 2995 illi
460 2955 712 3006 plurimum
734 2954 923 3005 profuit.
949 2953 1130 2994 Etenim
1155 2953 1253 3005 ille,
1279 2959 1410 2994 tanta
1437 2953 1664 3006 patientia
1687 2959 1731 2994 et
1751 2965 1878 2994 novo
1899 2964 2028 2993 more

374 3026 607 3067 adductus
637 3026 683 3066 in
715 3025 1099 3075 admirationem,
1131 3025 1320 3065 veniam
1355 3025 1519 3065 eadem
1553 3025 1627 3065 die
1658 3025 1715 3065 ab
1750 3036 1805 3065 eo
1842 3024 2023 3075 petivit-

369 3098 608 3139 Mercator
630 3097 840 3149 quidam,
865 3096 1040 3137 amissa
1063 3096 1109 3136 in
1131 3096 1251 3136 mari
1271 3108 1363 3136 non
1386 3108 1537 3147 parva
1568 3096 1794 3148 pecuniae
1826 3105 2022 3143 summa,
