2168 3437
878 251 960 287 ΑΝ.
993 250 1084 287 1554
1723 245 1790 283 651

154 359 336 394 tantum
370 358 498 403 sunt,
536 355 872 391 connumerato
902 347 951 388 P.
980 347 1209 388 Michaele
1239 345 1310 386 De
1338 345 1542 385 Bairros.
1572 344 1703 385 Unus
1734 356 1793 385 ex

155 425 268 474 illis,
306 423 515 475 exceptis
544 422 647 462 aliis
675 419 945 461 domesticis
973 417 1379 470 occupationibus,
1417 416 1682 467 theologiae
1713 416 1793 455 dat

156 506 372 548 operam;
407 495 496 535 duo
531 492 697 544 reliqui
721 490 1095 532 confessionibus
1122 488 1515 529 scholasticorum
1548 487 1793 527 audiendis

155 573 253 608 toto
276 566 372 606 fere
394 572 602 616 tempore
625 568 938 614 occupantur;
972 562 1170 601 aliorum
1190 559 1492 599 nihilominus
1513 558 1794 610 quandoque

156 637 475 678 confessiones
496 636 712 685 audiunt,
736 633 1014 685 praesertim
1034 632 1080 671 in
1102 630 1480 683 quadragesima.
1505 629 1622 670 Cum
1642 629 1688 668 in
1705 629 1795 668 hac

155 708 268 748 urbe
307 712 523 748 sanctum
558 706 813 757 J‘ubilaeum
852 709 922 743 est
956 703 1330 754 promulgatum,
1366 713 1448 752 per
1484 701 1661 752 aliquot
1695 700 1794 739 dies

154 779 269 819 satis
307 778 588 819 insudarunt
631 775 896 825 audiendis,
944 786 1037 814 non
1082 772 1220 813 modo
1261 771 1650 812 scholasticorum
1696 770 1796 822 (qui

153 857 266 890 tunc
299 849 445 889 ferme
480 860 575 889 oes.
615 847 820 888 confessi
854 851 988 894 sunt,
1027 850 1076 884 ut
1110 843 1221 883 illud
1255 843 1676 894 consequerentur)
1713 841 1796 881 sed

153 921 294 961 etiam
314 921 518 972 plurium
549 920 748 959 aliorum
777 930 835 958 ex
862 917 1053 957 civitate
1083 915 1175 955 huc
1207 914 1553 954 confluentium.
1586 913 1723 963 Quod
1757 912 1797 952 si

154 993 310 1044 plures
332 991 604 1032 sacerdotes
626 990 701 1029 hic
723 989 956 1038 adessent,
981 987 1095 1027 satis
1118 986 1187 1034 (ut
1209 985 1432 1034 arbitror)
1454 985 1632 1035 negotii
1653 984 1792 1023 habe-

155 1069 273 1104 rent.

234 1134 461 1185 Princeps
482 1132 746 1174 Cardinalis
768 1138 874 1172 ante
897 1129 1295 1182 septuagesimam
1322 1140 1347 1167 a
1379 1127 1428 1167 P.
1462 1127 1642 1167 Mirone
1668 1126 1799 1177 petiit

156 1212 205 1246 ut
245 1206 286 1245 ei
320 1205 657 1245 concederetur
690 1203 739 1243 Ρ.
776 1201 1053 1243 Emmanuel
1084 1198 1430 1248 FerdinandUS,
1464 1198 1541 1249 qui
1577 1198 1800 1248 populum

156 1277 279 1317 hunc
301 1276 564 1317 doctrinam
586 1275 895 1315 christianam
917 1271 1156 1321 edocebat,
1181 1276 1230 1310 ut
1251 1271 1338 1309 iret
1356 1270 1401 1309 in
1424 1269 1665 1309 civitatem
1686 1279 1799 1308 suae

157 1348 425 1398 Dioecesis,
463 1348 607 1397 vulgo
642 1345 797 1385 Elvas
825 1344 1130 1395 appellatam,
1163 1341 1333 1381 ibidem
1364 1341 1409 1380 in
1437 1339 1801 1392 quadragesima

157 1419 525 1459 concionaturus
552 1423 596 1457 et
629 1415 948 1456 confessiones
976 1414 1241 1460 auditurus;
1279 1424 1368 1463 quo
1392 1412 1663 1462 impetrato,
1694 1411 1797 1450 mis-

157 1502 237 1530 sus
264 1496 334 1531 est
362 1490 437 1530 ille
465 1501 571 1529 cum
599 1488 740 1537 socio,
766 1487 906 1526 etiam
937 1484 1094 1533 Patre,
1118 1484 1194 1524 cui
1223 1495 1393 1523 nomen
1423 1490 1492 1522 est
1518 1482 1656 1522 Petro
1687 1481 1798 1522 San-

157 1568 260 1601 ctae
292 1561 476 1610 Crucis,
510 1560 557 1599 in
583 1559 706 1599 hanc
728 1558 991 1606 civitatem,
1015 1556 1091 1595 ubi
1122 1561 1420 1606 peramanter
1455 1553 1640 1604 excepti
1675 1559 1797 1592 sunt.

157 1632 314 1684 Atque
340 1632 457 1672 adeo
486 1636 534 1670 ut
561 1629 751 1681 spualis.
783 1629 961 1668 fructus
992 1626 1325 1679 perspiciatur,
1357 1636 1493 1676 quem
1520 1624 1690 1664 ibidem
1718 1603 1801 1675 per

158 1704 262 1743 illos
283 1708 565 1755 praepotens
586 1700 716 1741 Deus
739 1699 926 1751 operari
948 1698 1169 1748 dignatus
1191 1703 1282 1746 est,
1307 1696 1382 1736 hic
1404 1696 1669 1746 exemplum
1695 1706 1798 1746 par-

159 1775 218 1814 tis
241 1773 484 1814 cuiusdam
506 1773 731 1824 epistolae
752 1782 925 1822 ponere
946 1769 1097 1818 volui,
1131 1779 1272 1820 quam
1303 1767 1359 1807 l.0
1390 1767 1611 1807 calendas
1643 1765 1800 1806 Martii

159 1846 275 1885 alter
298 1844 509 1895 Patrum,
534 1843 772 1891 videlicet,
793 1841 957 1881 Petrus
979 1840 1131 1880 Sctae.
1151 1839 1329 1889 Crucis,
1354 1838 1413 1878 ad
1433 1850 1519 1878 nos
1540 1837 1741 1889 scripsit.

241 1915 382 1957 “Cum
411 1914 469 1955 ad
497 1915 619 1954 hanc
652 1913 815 1954 urbem
849 1912 1166 1960 venissemus,
1204 1922 1299 1949 non
1320 1921 1496 1961 paruae
1518 1909 1722 1948 laetitiae
1754 1914 1799 1948 et

155 1986 329 2038 gaudio
356 1987 404 2026 in
432 1986 538 2026 dno.
572 1984 706 2025 nobis
728 1983 812 2024 fuit
842 1983 908 2023 ita
935 1983 1052 2022 bene
1084 1981 1275 2021 affectos
1308 1981 1445 2020 huius
1474 1979 1632 2031 populi
1663 1979 1795 2028 aios,

155 2057 220 2098 ita
253 2063 496 2110 promptos
525 2056 584 2096 ad
614 2054 966 2096 exhortationes
1003 2052 1157 2092 Patris
1193 2051 1512 2092 Emmanuelis
1549 2062 1795 2102 capessen-

156 2127 240 2168 das
260 2128 517 2178 invenisse3
542 2139 633 2179 qua
657 2127 703 2166 in
724 2137 775 2166 re
798 2126 864 2166 sic
885 2125 1025 2165 iidem
1047 2123 1370 2175 profecerunt,
1404 2129 1453 2162 ut
1484 2122 1606 2161 illius
1636 2122 1797 2161 volun-

158 2199 243 2239 tati
276 2199 461 2250 penitus
495 2199 791 2246 subiaceant,
829 2208 1020 2247 eosque,
1060 2207 1151 2246 quo
1186 2194 1318 2243 velit,
1354 2193 1586 2233 traducat.
1624 2191 1674 2232 In
1709 2193 1799 2232 hac

157 2270 541 2321 quadragesima,
566 2268 653 2307 45³
681 2280 736 2308 ac
759 2268 906 2308 sextis
928 2267 1057 2306 feriis
1078 2266 1466 2315 concionabatur,
1494 2264 1656 2304 diebus
1686 2276 1794 2315 quo-

158 2353 247 2393 que
269 2340 535 2391 dominicis,
560 2351 696 2380 mane
718 2339 774 2379 de
798 2338 1076 2389 Evangelio,
1102 2348 1299 2388 vespere
1320 2336 1376 2376 de
1406 2335 1662 2375 mandatis:
1693 2336 1797 2375 illos

160 2411 387 2452 acerrime
410 2410 729 2462 reprehendit,
754 2416 798 2449 et
819 2410 947 2450 illum
972 2420 1067 2449 oes.
1092 2420 1241 2460 aequo
1264 2407 1418 2447 animo
1440 2407 1596 2446 serunt
1617 2406 1674 2445 ob
1704 2417 1796 2445 ma-

159 2493 303 2532 gnam
337 2482 525 2533 (credo),
556 2493 695 2533 quam
731 2480 786 2520 de
821 2492 874 2520 eo
904 2491 1162 2531 concepere
1192 2478 1471 2529 opinionem.
1510 2477 1670 2528 Itaque
1705 2488 1799 2516 non

161 2554 313 2593 minus
343 2565 401 2593 ex
429 2552 733 2593 concionibus
759 2563 900 2603 quam
927 2563 986 2591 ex
1016 2551 1192 2591 sanctis
1224 2549 1661 2589 conversationibus
1692 2549 1797 2588 ube-

160 2636 235 2665 res
265 2624 445 2664 fructus
475 2629 747 2663 nascuntur.
772 2621 847 2662 P.0
877 2622 949 2662 die
980 2622 1214 2662 dominico
1245 2619 1656 2672 quadragesimae,
1690 2630 1798 2659 cum

160 2695 472 2746 Evangelium
500 2694 555 2734 de
586 2693 660 2734 X}
690 2693 1024 2733 tentationibus
1053 2692 1428 2741 concionaretur,
1459 2691 1523 2730 ita
1551 2691 1796 2730 vehemen-

160 2766 253 2806 tius
280 2766 326 2806 in
361 2752 720 2805 concubinari0s
753 2764 969 2804 invectus
1004 2769 1093 2813 est,
1131 2768 1180 2802 ut
1214 2762 1462 2802 nonnullos
1496 2761 1705 2812 ipsorum
1738 2760 1798 2801 ad

164 2837 312 2877 Vitam
332 2836 380 2876 in
400 2836 564 2876 melius
585 2835 920 2875 instituendam
947 2833 1267 2874 commoverit.
1293 2832 1434 2872 Venit
1454 2832 1610 2882 itaque
1631 2830 1690 2870 ad
1710 2842 1797 2870 nos

160 2907 319 2947 statim
357 2912 462 2958 post
499 2906 677 2946 finitam
716 2905 990 2946 concionem
1031 2904 1197 2944 mulier
1235 2903 1489 2955 quaedam,
1533 2907 1798 2942 amatorum

160 2977 480 3027 internuncia,
504 2976 743 3016 affirmans
765 2976 884 3015 velle
906 2987 977 3026 se,
1001 2974 1102 3014 Deo
1124 2974 1286 3023 dante,
1310 2972 1559 3013 emendare
1581 2979 1625 3012 et
1647 2985 1671 3012 a
1693 2984 1796 3024 pec-

160 3054 267 3088 cato
288 3049 366 3088 illo
387 3047 630 3097 recedere;
662 3046 861 3087 accessit
882 3052 927 3086 et
957 3046 1095 3095 alius,
1120 3045 1213 3085 iam
1235 3045 1411 3096 aliquot
1437 3055 1586 3084 annos
1614 3044 1661 3083 in
1692 3055 1795 3083 con-
