2168 3437
388 267 459 304 450
900 265 1128 302 LITTERAE
1156 276 1514 308 QUADRmfflsrREs

389 364 603 405 omnibus
634 362 679 402 in
709 363 912 402 Domino
939 362 1165 402 laetitiam
1191 368 1235 402 et
1265 368 1446 403 tantam
1475 363 1738 403 animorum
1764 364 2027 405 innovatio-

387 448 493 476 nem
528 434 702 484 attulit,
739 439 963 484 quantam
997 445 1055 473 ex
1088 439 1185 473 tam
1220 433 1475 473 abundanti
1508 434 1722 474 laborum
1753 440 1910 486 segete
1938 447 2024 476 nos

387 517 570 556 semper
592 515 954 555 speraveramus
971 504 1265 543 collecturos.
1284 503 1510 544 Mundata
1532 504 1626 544 iam
1646 504 1784 545 domo
1807 511 1850 545 et
1872 506 1929 545 ab
1950 506 2021 557 iis,

385 576 550 628 quibus
572 574 877 626 inficiebatur,
901 580 1125 626 purgata,
1151 586 1342 614 cernere
1363 580 1465 614 erat
1485 575 1804 615 incredibilem
1833 588 2023 616 concor—

386 646 511 686 diam
543 652 587 685 et
616 657 782 696 pacem
818 645 1032 685 omnibus
1058 651 1103 684 et
1129 657 1306 685 novum
1333 645 1583 697 quemdam
1613 645 1848 687 fervorem
1877 647 2023 687 acrio·

384 729 550 768 resque
573 717 632 756 ad
661 716 996 767 perfectionem
1018 715 1357 766 capessendam
1377 716 1567 768 spiritus
1599 724 1823 769 sumptos.
1856 717 2022 770 Coepit

385 790 542 840 itaque
557 787 607 827 P.
630 787 948 838 Hieronymus
965 786 1147 827 Natalis
1164 786 1458 838 Olissiponae
1475 787 1844 828 Constitutiones
1866 789 2019 839 edere,

383 860 430 900 in
459 860 625 911 quibus
654 864 835 898 tantam
868 863 1057 909 tamque
1088 858 1301 898 omnibus
1335 859 1543 898 numeris
1578 859 1841 899 absolutam
1873 860 2020 911 perfe-

382 932 584 972 ctionem
605 930 849 977 sensimus,
868 935 917 969 ut
933 941 1058 969 nunc
1079 929 1269 969 tandem
1285 929 1420 969 nobis
1440 929 1686 970 videamur
1705 942 1871 970 verum
1891 931 2020 971 illurn

381 1001 629 1043 Societatis
649 1001 865 1052 spiritum
885 1011 1173 1051 cognoscere
1200 1006 1244 1040 et
1270 1000 1554 1052 intelligere,
1588 1013 1643 1041 ac
1670 1013 1793 1041 nunc
1824 1002 2023 1053 denique

381 1073 572 1113 uberem
593 1079 637 1113 et
660 1072 926 1112 affluentem
947 1071 1135 1112 divinae
1155 1071 1338 1122 gratiae
1366 1071 1412 1111 in
1435 1084 1489 1112 ea
1510 1071 1738 1113 influxum
1758 1074 2017 1125 percipere.

379 1143 539 1184 Facile
561 1144 787 1195 explicari
808 1155 902 1183 non
922 1148 1076 1194 potest
1097 1148 1271 1194 quanto
1294 1143 1609 1194 amplissimus
1632 1155 1714 1183 rex
1731 1143 1904 1194 gaudio
1926 1144 2021 1184 fue-

381 1214 441 1255 rit
464 1215 677 1265 affectus,
703 1215 813 1254 dum
834 1214 1201 1255 Constitutiones
1222 1214 1441 1265 perlegit,
1473 1225 1591 1265 quae
1619 1220 1668 1254 ut
1696 1215 1785 1255 sibi
1816 1215 2021 1255 conscri-

380 1292 488 1338 ptae
508 1286 807 1326 traderentur
827 1285 1029 1336 rogavit.
1054 1284 1286 1324 Videntur
1317 1296 1502 1336 semper
1531 1285 1745 1326 Lusitani
1772 1286 1820 1326 hi
1850 1286 2020 1338 princi-

379 1369 463 1410 pes
491 1357 649 1397 divino
678 1357 899 1396 instinctu
933 1355 991 1395 ad
1022 1355 1305 1396 Societatem
1333 1361 1546 1396 nostram
1572 1362 1616 1396 et
1648 1357 2031 1397 conservandam.

385 1434 429 1469 et
452 1428 717 1479 augendam
740 1428 861 1467 duci.

462 1499 624 1551 Coepit
645 1499 802 1550 itaque
830 1510 1052 1538 numerus
1082 1510 1265 1548 eorum,
1296 1498 1373 1550 qui
1398 1504 1497 1538 tum
1527 1498 1587 1538 ad
1616 1499 1890 1550 conciones,
1925 1504 2027 1539 tum·

384 1571 443 1611 ad
476 1570 650 1611 Christi
680 1570 943 1610 doctrinam
977 1569 1280 1619 audiendam,
1312 1569 1628 1620 confluebant,
1661 1569 1725 1609 ita
1755 1570 1940 1621 augeri,
1973 1577 2024 1610 ut

366 1627 510 1682 'multi
532 1642 722 1682 domum
743 1641 962 1692 redirent,
984 1640 1105 1692 quod
1127 1652 1207 1680 eos
1229 1641 1452 1692 templum
1474 1640 1577 1691 (etsi
1598 1641 1713 1680 satis
1735 1640 1903 1692 capax)
1925 1653 2019 1681 non

379 1719 583 1765 caperet,
604 1714 682 1753 alii
702 1725 830 1761 vero,
850 1713 1051 1753 mirabili
1072 1713 1273 1764 quodam
1294 1711 1495 1762 fervore,
1517 1712 1563 1751 in
1585 1713 1772 1762 templo,
1794 1712 2027 1752 concione*

378 1785 552 1835 audita,
576 1784 716 1824 ieiuni
736 1784 1012 1834 manebant,
1035 1796 1092 1823 ne
1113 1791 1218 1834 post
1238 1783 1488 1835 prandium
1509 1784 1639 1823 locus
1660 1782 1722 1823 ad
1745 1783 1919 1823 Christi
1940 1783 2015 1823 do-

377 1856 577 1896 ctrinam
613 1855 892 1895 audiendam
928 1854 1123 1894 deesset.
1162 1853 1520 1894 Confessionum
1559 1860 1717 1894 autem
1756 1854 2018 1906 frequentia

376 1933 558 1967 tantum
579 1926 775 1978 sumpsit
796 1926 1154 1976 incrementum,
1179 1932 1229 1965 ut
1249 1937 1336 1965 nec
1357 1924 1603 1965 duodecim
1631 1937 1689 1965 ex
1717 1926 1891 1965 nostris
1921 1931 2018 1965 tan-

376 2005 451 2038 tae
473 1997 754 2038 multitudini
775 1996 1059 2048 sufficerent,
1085 1996 1390 2048 effectumque
1413 2002 1483 2036 est
1503 2002 1553 2036 ut
1574 2008 1657 2047 per
1678 2002 1826 2036 totam
1847 1996 2015 2036 hebdo-

378 2069 588 2119 madam,
627 2075 725 2108 tum
754 2068 1124 2108 confessionibus
1156 2067 1420 2117 audiendis,
1460 2073 1556 2107 tum
1591 2066 1895 2108 Sanctissimo
1930 2067 2020 2108 Eu-

378 2141 628 2181 charistiae
665 2139 971 2180 Sacramento
1001 2138 1251 2189 tradendo,
1291 2144 1518 2179 vacarent
1548 2137 1735 2188 Patres,
1765 2151 1851 2178 nec
1879 2139 2021 2190 enim,

376 2213 452 2252 vel
482 2211 612 2252 festis
642 2212 718 2251 vel
748 2210 993 2251 dominicis
1028 2209 1210 2260 diebus,
1250 2210 1464 2250 omnibus
1498 2209 1635 2249 simul
1667 2215 1884 2261 poterant
1915 2211 2019 2250 sub·

384 2283 556 2323 venire.

455 2353 585 2405 Sunt,
605 2360 654 2394 ut
675 2354 903 2404 VidemUS‚
923 2353 976 2393 R.
1000 2353 1067 2403 P„
1090 2353 1425 2393 Lusitanorum
1448 2353 1653 2392 omnium
1675 2353 1818 2395 animi
1840 2352 2014 2402 (divino

374 2425 614 2475 beneficio)
637 2425 683 2465 in
705 2431 915 2465 nostram
943 2424 1319 2464 benevolentiam
1352 2424 1561 2475 adducti,
1592 2425 1829 2475 multaque
1858 2423 2013 2463 subse-

375 2503 533 2548 quuta,
559 2508 678 2548 quae
700 2496 989 2547 singularem
1010 2495 1098 2535 Dei
1118 2495 1267 2535 nostri
1288 2495 1569 2535 charitatem
1585 2495 1631 2534 in
1652 2494 1935 2535 Societatem
1951 2494 2014 2534 fa-

375 2568 461 2608 cile
482 2568 745 2618 declarant,
772 2579 890 2619 quae
911 2567 1006 2607 iam
1025 2579 1149 2607 nunc
1169 2578 1367 2607 narrare
1390 2566 1625 2618 incipiam.
1654 2566 1862 2606 Primum
1889 2577 2016 2605 nam-

373 2651 461 2690 que
482 2639 809 2679 sanctissimus
829 2650 935 2689 rex,
960 2638 1083 2689 quod
1104 2638 1197 2677 iam
1219 2643 1357 2677 antea
1379 2649 1518 2689 saepe
1541 2637 1867 2687 constituerat,
1890 2648 2015 2676 nunc

371 2711 559 2750 omnino
582 2710 804 2758 decrevit,
827 2714 892 2760 ut,
916 2709 1116 2758 scilicet,
1140 2721 1199 2748 ex
1219 2708 1392 2748 nostris
1415 2708 1582 2759 aliquis
1604 2707 1860 2759 provinciis
1884 2719 2014 2758 prae-

371 2787 438 2821 ste
454 2781 649 2834 Joannis
666 2779 944 2820 Patriarcha
962 2778 1276 2831 praeficiatur,
1297 2779 1428 2819 cuius
1450 2785 1546 2819 tam
1567 2779 1631 2830 pii
1648 2778 1866 2818 desiderii
1886 2777 2013 2818 Sum-

371 2864 497 2891 mum
517 2851 811 2899 Pontificem,
834 2851 1040 2902 legatum
1062 2862 1219 2900 suum,
1243 2862 1424 2890 necnon
1454 2855 1581 2890 tuam
1609 2849 1662 2890 R.
1694 2850 1822 2890 Ρ.ἵεῖηἱ
1851 2848 2012 2889 certio-

369 2934 468 2962 rem
488 2923 611 2971 fecit,
633 2923 708 2962 cui
728 2922 870 2962 totius
891 2933 1121 2962 summam
1143 2927 1187 2961 et
1207 2926 1488 2972 potestatem
1508 2921 1575 2960 rei
1592 2920 1795 2971 delegat.
1818 2919 1952 2970 Quod
1973 2919 2014 2958 si

367 2992 467 3044 fiat,
492 2993 777 3033 incredibilis
799 2993 1061 3032 animarum
1081 2992 1261 3032 fructus
1284 2997 1517 3042 sequetur,
1542 2998 1590 3031 ut
1612 3003 1695 3043 pro
1719 2997 1848 3031 certo
1870 2991 2008 3030 habe-

368 3075 490 3114 mus,
528 3070 572 3103 et
608 3065 684 3115 qui
713 3075 766 3103 eo
798 3076 858 3104 ex
885 3062 1119 3103 Societate
1148 3063 1337 3113 iverint,
1372 3063 1640 3114 probandos
1677 3074 1787 3102 vere
1821 3062 2012 3110 scimus„
