2168 3437
878 257 962 294 AN.
992 256 1085 294 1553
1733 253 1803 290 235

160 357 300 397 debet
334 355 548 396 Societas
581 355 638 395 ob
674 354 930 396 maximam
960 353 1213 406 quamdam
1247 351 1548 400 charitatem,
1585 362 1676 402 qua
1707 350 1802 390 iam

162 428 270 468 inde
291 427 349 467 ab
371 427 502 467 initio
525 438 628 466 eam
648 430 1013 478 prosequuntur,
1038 423 1257 476 quicquid
1277 428 1377 463 erat
1400 421 1555 462 diurni
1575 420 1800 472 temporis

161 510 326 540 eorum
355 498 547 538 utilitati
575 497 826 547 tribuebat,
857 502 1044 537 noctem
1076 507 1250 547 magna
1278 506 1336 535 ex
1362 503 1496 546 parte
1524 491 1803 534 meditandis

165 576 304 622 atque
324 569 620 610 instituendis
641 567 947 608 concionibus
970 553 1257 618 impendens,
1282 565 1342 606 ad
1362 577 1479 617 quas
1501 575 1685 616 semper
1705 575 1801 603 ma-

164 652 287 692 gnus
307 648 378 681 est
397 641 550 681 factus
571 647 846 686 concursus;
872 636 1182 678 confessionis
1211 637 1352 677 etiam
1383 643 1427 676 et
1455 635 1803 676 Sacrosanctae

163 711 488 752 Eucharistiae
527 710 832 751 Sacramenta
867 714 997 749 tanto
1031 708 1219 748 fervore
1255 713 1362 747 sunt
1400 707 1717 758 frequentata,
1754 712 1805 745 ut

165 782 348 823 Pascha
370 781 604 822 Dominici
624 780 804 821 Natalis
824 791 918 820 non
938 779 1078 820 fuerit
1098 779 1310 819 absimile
1332 778 1446 828 diei,
1477 789 1566 829 quo
1595 776 1804 817 eiusdem

166 854 356 895 Domini
377 853 676 894 Resurrectio
699 851 977 892 celebratur.
1010 850 1275 902 Aliquoties
1307 849 1429 889 enim
1459 848 1539 889 300
1564 849 1703 889 simul
1732 859 1803 887 ac-

160 926 363 966 cessisse
383 925 545 975 audio,
568 929 756 976 praeter
776 935 879 972 eos,
903 923 981 974 qui
1001 920 1295 962 hebdomada
1312 921 1414 972 ipsa
1431 931 1480 960 se
1498 920 1557 960 ad
1577 920 1667 959 hoc
1691 917 1804 959 San·

166 997 425 1037 ctissimum
447 995 805 1036 Sacramentum
826 993 1102 1034 sumendum
1123 992 1439 1033 conferebant.
1470 991 1633 1031 Plures
1666 990 1806 1030 etiam

166 1080 308 1120 quam
337 1068 428 1108 XX
463 1080 513 1108 se
539 1068 586 1107 in
612 1067 761 1106 solitis
789 1064 1192 1115 meditationibus,
1225 1063 1433 1103 eiusdem
1462 1062 1616 1102 Patris
1647 1072 1803 1113 opera,

167 1144 494 1180 exercuerunt.
514 1137 721 1189 Quorum
743 1137 947 1177 omnium
969 1135 1304 1184 confessiones,
1325 1146 1441 1186 quas
1462 1133 1708 1184 generales
1729 1144 1806 1172 vo-

168 1216 294 1261 cant,
318 1216 425 1250 sunt
446 1210 505 1250 ab
527 1222 581 1250 eo
602 1209 804 1249 auditae.

249 1281 416 1321 Postea
439 1281 569 1321 venit
591 1279 927 1329 Conimbriam‚
952 1279 1030 1319 ubi
1051 1278 1201 1318 maius
1229 1278 1276 1317 in
1303 1276 1401 1317 dies
1429 1276 1640 1327 singulos
1672 1275 1807 1314 senti-

172 1360 247 1393 tur
269 1358 572 1403 augmentum
592 1362 751 1391 rerum
771 1350 1100 1402 spiritualium.
1133 1349 1253 1389 Nam
1281 1347 1444 1388 eodem
1471 1347 1518 1387 in
1547 1347 1809 1387 Misericor-

169 1424 273 1463 diae
296 1424 375 1472 (ita
396 1423 519 1463 enim
542 1422 753 1472 vocatur)
777 1422 964 1473 templo,
986 1420 1218 1472 superiori
1239 1418 1602 1471 quadragesima
1624 1417 1807 1457 concio-

168 1502 333 1546 nante,
358 1495 482 1546 quod
501 1495 549 1534 in
568 1494 696 1534 urbis
717 1493 936 1533 umbilico
958 1493 1099 1533 situm
1120 1500 1210 1541 est,
1235 1492 1373 1543 idque
1400 1490 1588 1542 vesperi
1617 1489 1809 1529 domini-

168 1567 235 1606 cis
257 1566 438 1611 diebus.
462 1572 506 1605 et
528 1567 575 1605 in
596 1564 779 1616 publico
800 1564 1050 1616 gymnasio
1072 1563 1267 1614 aliisque
1288 1562 1404 1602 locis
1432 1562 1479 1602 in
1509 1561 1611 1612 ipsa
1640 1559 1808 1600 hebdo-

168 1637 321 1687 mada,
341 1648 486 1688 usque
508 1636 625 1676 adeo
646 1647 868 1676 numerus
891 1646 1067 1684 eorum,
1087 1635 1165 1686 qui
1187 1634 1246 1674 ad
1266 1633 1575 1674 Sacramenta
1596 1631 1807 1681 veniunt,

170 1715 336 1749 auctus
357 1714 440 1757 est,
465 1715 514 1747 ut
535 1708 693 1759 plures
714 1718 854 1758 quam
875 1713 1062 1746 centum
1084 1712 1128 1746 et
1150 1705 1318 1756 viginti
1339 1705 1438 1744 eius
1456 1704 1523 1744 rei
1545 1715 1689 1743 causa
1719 1702 1808 1741 sin-

167 1780 291 1831 gulis
311 1779 620 1820 hebdomadis
642 1778 702 1819 ad
722 1790 808 1818 nos
830 1777 1064 1818 confluere
1087 1777 1449 1828 comperiantur.
1475 1776 1624 1827 Quem
1653 1786 1809 1815 nume-

171 1863 275 1892 rum
297 1851 492 1902 (tantum
513 1851 644 1891 abest
665 1856 714 1890 ut
736 1856 997 1890 metuamus
1025 1861 1081 1889 ne
1109 1848 1427 1897 imminuatur)
1458 1848 1612 1899 magis
1642 1847 1810 1898 magis-

171 1935 261 1974 que
290 1928 478 1963 auctum
505 1922 562 1962 iri
596 1933 867 1973 speramus,
901 1920 990 1960 Dei
1031 1920 1137 1972 Opt.
1176 1919 1302 1960 Max.
1334 1919 1510 1959 auxilio
1539 1919 1659 1959 freti.
1692 1916 1812 1957 Nam

173 1994 231 2034 D.
262 1993 552 2043 Goncalvius
580 2005 674 2033 non
704 1992 885 2033 desistit
912 1993 959 2033 in
985 1992 1219 2043 plerisque
1249 1991 1462 2031 omnibus
1493 1989 1809 2039 concionibus

174 2065 441 2106 auditorum
469 2065 649 2105 animos
676 2065 874 2104 incitare
905 2071 1044 2115 atque
1079 2063 1194 2103 adeo
1229 2063 1520 2102 inflammare
1556 2061 1616 2102 ad
1648 2060 1811 2101 Sacra-

173 2142 329 2177 menta
350 2137 440 2176 ista
461 2135 818 2188 frequentanda.
844 2135 996 2186 Quam
1018 2135 1077 2175 ad
1097 2146 1197 2175 rem
1217 2134 1401 2174 videtur
1422 2133 1496 2173 Pr.
1527 2133 1625 2184 ipse
1655 2132 1810 2184 priva-

172 2208 255 2248 tim
286 2220 313 2247 a
348 2207 449 2247 Deo
486 2207 592 2259 Opt.
620 2206 746 2247 Max.
777 2207 874 2246 vim
901 2206 1223 2246 admirabilem
1250 2206 1297 2245 in
1326 2204 1630 2245 concionibus
1656 2214 1814 2244 conse-

175 2284 362 2330 quutus.
385 2279 518 2319 Unde
539 2278 588 2319 fit
609 2284 659 2318 ut
687 2289 1026 2330 saepenumero
1056 2289 1149 2318 non
1183 2277 1364 2328 possint
1398 2275 1557 2316 Nostri
1591 2274 1812 2322 omnium,

173 2350 253 2401 qui
273 2349 365 2389 huc
387 2349 446 2389 ad
469 2349 783 2389 confitendum
805 2348 1012 2398 veniunt,
1033 2348 1153 2388 votis
1175 2347 1464 2387 satisfacere.
1485 2346 1582 2387 Nec
1604 2347 1680 2385 illa
1703 2357 1815 2385 sane

174 2420 550 2460 fructuosissima
570 2420 779 2460 eiusdem
800 2420 1072 2471 occupatio,
1096 2431 1238 2471 quam
1258 2419 1419 2459 habuit
1446 2417 1677 2469 superiori
1708 2428 1815 2468 qua-

175 2491 461 2543 dragesima,
485 2491 664 2531 silenda
686 2497 768 2531 est.
793 2490 1003 2531 Alternis
1025 2491 1149 2530 enim
1166 2490 1328 2530 diebus
1346 2490 1441 2529 ibat
1459 2489 1517 2529 ad
1538 2488 1630 2528 duo
1652 2499 1815 2528 coeno-

174 2563 252 2602 bia
274 2562 566 2612 monialium,
591 2573 791 2613 quorum
812 2563 1011 2602 alterum
1038 2561 1191 2602 Divae
1217 2561 1405 2611 Annae,
1437 2561 1635 2600 alterum
1664 2558 1817 2599 Divae

175 2633 344 2674 Clarae
378 2633 584 2673 dicatum.
619 2639 709 2683 est,
746 2633 884 2684 idque
912 2633 1170 2673 maximum
1198 2639 1241 2672 et
1268 2632 1316 2672 in
1341 2631 1585 2672 Lusitania
1613 2630 1817 2670 maxime

177 2705 358 2746 celebre
386 2711 577 2757 propter
605 2704 950 2745 multitudinem
983 2704 1208 2744 nobilium
1235 2703 1489 2754 virginum,
1523 2713 1641 2754 quae
1676 2701 1724 2741 in
1759 2713 1814 2741 eo

175 2782 298 2816 sunt.
323 2776 424 2828 Quo
446 2777 606 2816 labore
628 2782 725 2816 tam
747 2775 935 2816 assiduo
956 2776 1152 2816 multum
1172 2774 1434 2826 profectum
1466 2783 1548 2813 est.
1580 2772 1700 2813 Nam
1722 2784 1815 2812 mo-

176 2847 325 2887 niales
345 2847 442 2888 fere
465 2859 625 2888 omnes
646 2858 695 2887 se
723 2846 770 2886 in
797 2846 1116 2898 spiritualibus
1144 2845 1381 2886 exercitiis
1412 2844 1658 2895 diligenter
1689 2855 1818 2884 exer-

176 2924 374 2958 cuerunt
403 2925 448 2959 et
475 2919 521 2959 in
549 2918 760 2958 oratione
790 2924 1117 2969 perseverant,
1152 2928 1258 2956 cum
1292 2926 1465 2967 magno
1500 2915 1566 2966 (ut
1599 2914 1818 2955 credibile

179 2990 264 3037 est)
287 2990 511 3041 profectu.
536 2989 581 3030 A
601 3001 690 3040 quo
712 2989 865 3028 studio
886 3000 944 3028 ne
965 2988 1208 3038 recedant,
1239 2987 1310 3027 bis
1341 2987 1388 3027 in
1416 2985 1711 3027 hebdomada
1741 2985 1819 3025 do-

177 3066 346 3101 centur
368 3073 395 3101 a
416 3060 620 3102 Domino
644 3060 922 3110 Goncalvio.
