2168 3437
857 287 895 321 A
903 296 937 322 Ν.
970 286 1061 322 1554
1699 286 1771 323 545

781 736 1140 790 CCLXXIH

212 964 477 1001 Franciscus
498 963 644 1011 Scipio

257 1029 379 1066 Patri
398 1028 569 1076 Ignatio
588 1029 641 1067 de
660 1029 845 1077 Loyola.

306 1094 531 1141 Ferraria,
556 1094 600 1132 18
616 1095 816 1142 Januarii
836 1095 929 1132 1554
948 1095 973 1130 ¹.

908 1303 1005 1375 Jhs:

216 1515 381 1556 Gratia
394 1522 438 1556 et
450 1527 546 1568 pax
558 1516 614 1557 D.
631 1516 685 1557 N.
703 1517 810 1570 Jhu.
831 1516 1007 1557 Christi
1024 1517 1132 1557 insit
1151 1518 1319 1557 animis
1337 1518 1511 1558 nostris
1530 1525 1772 1570 perpetua.

137 1585 305 1627 Amen.

217 1657 386 1699 Paucis
406 1658 579 1699 faciam
600 1664 644 1699 te
673 1659 944 1710 certiorem,
968 1658 1017 1699 Ρ.
1042 1659 1237 1711 optime,
1263 1660 1318 1700 de
1339 1660 1412 1699 his
1433 1672 1553 1712 quae
1574 1668 1774 1712 quatuor

135 1730 373 1770 mensibus
393 1730 620 1782 proximis
640 1736 775 1782 gesta
795 1736 917 1770 sunt.
940 1730 1061 1770 Nam
1081 1731 1250 1770 cumin
1268 1731 1425 1771 album
1446 1732 1594 1771 relata
1616 1739 1773 1772 essent

135 1807 262 1841 recte
282 1801 409 1841 facta
429 1808 617 1853 patrum
639 1807 682 1841 et
704 1800 918 1853 fratrum,
944 1813 1107 1842 eorum
1129 1802 1563 1854 commentariOIUS,
1586 1804 1664 1854 qui
1694 1804 1773 1844 hu-

131 1870 206 1923 jus
227 1872 295 1912 rei
310 1872 564 1913 memoriae
579 1872 852 1913 retinendae
870 1884 1013 1913 causa
1030 1872 1271 1913 confectus
1287 1880 1403 1924 erat,
1421 1885 1526 1913 mea
1542 1874 1681 1925 periit
1698 1887 1773 1914 ne—

134 1943 378 1994 gligentia.
403 1942 637 1994 Quocirca
658 1943 705 1983 in
726 1943 930 1984 medium
950 1943 1203 1995 proferam,
1228 1956 1348 1996 quae
1370 1945 1484 1985 mihi
1515 1945 1662 1985 divini
1693 1957 1772 1986 nu-

135 2015 273 2055 minis
295 2001 381 2066 ope
403 2021 666 2055 occurrent.
689 2014 896 2055 Primum
917 2015 973 2056 de
993 2015 1186 2056 Patrum
1207 2022 1252 2056 et
1273 2016 1492 2056 Fratrum
1514 2017 1769 2057 domestica

136 2086 487 2137 consuetudine,
512 2086 678 2126 deinde
700 2086 756 2126 de
781 2086 1053 2127 eorumdem
1085 2087 1247 2127 officiis
1277 2087 1325 2127 in
1353 2088 1589 2128 communi
1621 2089 1770 2128 salute

135 2157 321 2208 tuenda,
345 2163 445 2198 tum
464 2169 579 2198 vero
601 2157 656 2198 de
673 2157 934 2209 juventutis
956 2158 1261 2199 institutione.

215 2227 451 2280 Principio
485 2228 649 2269 Patres
683 2229 758 2280 pie
786 2240 842 2269 ac
869 2228 1107 2269 ferventer
1136 2240 1186 2268 se
1215 2236 1465 2279 gesserunt
1500 2241 1555 2269 ac
1583 2236 1767 2280 gerunt,

135 2307 232 2340 tum
252 2299 300 2339 in
322 2299 627 2350 orationibUS,
652 2306 748 2340 tum
781 2300 829 2340 in
858 2299 1021 2340 officiis
1051 2300 1343 2351 domesticis,
1375 2301 1774 2352 exhortanturque

135 2370 306 2411 fratres
342 2369 401 2410 ad
435 2371 742 2411 excellentem
773 2370 996 2411 Virtutem
1026 2383 1121 2411 non
1147 2377 1329 2411 tantum
1362 2371 1771 2423 praeceptionibus

136 2442 219 2482 sed
244 2441 358 2493 ipsis
386 2441 648 2481 actionibus
674 2442 890 2493 exemplo
922 2442 1244 2483 demonstrant
1274 2444 1436 2494 quales
1465 2442 1572 2494 Xpi.
1606 2454 1772 2483 servos

136 2524 239 2553 esse
262 2517 490 2565 oporteat.
512 2511 696 2552 Docent
717 2523 797 2552 eos
817 2524 984 2564 parere
1006 2513 1195 2554 divinae
1224 2513 1318 2565 legi
1347 2520 1390 2553 et
1421 2525 1523 2553 sese
1556 2519 1679 2553 totos
1712 2513 1772 2553 ad

135 2584 228 2635 xpi.
252 2583 443 2624 Domini
463 2583 755 2623 voluntatem
775 2583 995 2635 effingere
1017 2590 1061 2624 et
1083 2584 1131 2624 in
1160 2583 1427 2635 hujusmodi
1456 2583 1645 2624 virtutis
1678 2590 1771 2624 stu-

134 2654 209 2695 dio
228 2654 523 2706 potissimum
541 2654 741 2694 versari.
762 2653 834 2694 Ac
855 2660 905 2695 ut
925 2655 1221 2706 tranquillius
1242 2666 1344 2695 sese
1366 2654 1532 2695 darent
1550 2655 1768 2695 orationi-

135 2726 236 2776 bus,
258 2730 445 2778 praeter
465 2725 689 2776 templum
715 2725 1021 2765 constitutum
1047 2732 1117 2766 est
1144 2726 1426 2777 sacrarium,
1450 2737 1541 2777 quo
1570 2737 1655 2777 pro
1687 2737 1771 2766 suo

134 2797 330 2849 quisque
350 2795 503 2836 studio
524 2802 569 2836 et
590 2796 835 2836 voluntate
856 2796 1110 2847 secederet,
1136 2802 1180 2837 et
1199 2796 1247 2836 in
1268 2796 1432 2837 eodem
1451 2797 1555 2837 loco
1575 2807 1768 2848 congre-

136 2868 237 2918 gati
257 2867 556 2919 quotidianas
576 2865 776 2907 fundunt
796 2878 976 2918 preces.
1001 2866 1201 2918 Quidam
1231 2879 1290 2907 ex
1317 2867 1530 2919 patribus
1553 2867 1670 2908 adeo
1693 2859 1774 2908 du-

141 2939 264 2979 citur
283 2937 374 2978 Dei
394 2937 547 2989 gloria
568 2943 612 2978 et
633 2937 894 2978 communis
915 2937 1079 2978 salutis
1099 2938 1253 2978 studio
1273 2943 1338 2990 ut,
1360 2949 1473 2978 suae
1489 2938 1774 2979 valetudinis

195 3098 206 3118 ¹
249 3097 499 3132 Apographum
513 3097 548 3124 in
562 3097 642 3124 folio
659 3096 795 3131 duplici,
811 3104 865 3124 nn.
881 3096 916 3123 89
928 3099 962 3123 et
978 3095 1022 3123 90.

284 3154 333 3192 T.
365 3168 407 3192 ΙΙ.
1544 3167 1585 3205 35
