2168 3437
369 306 439 343 290
879 304 1105 342 LITTERAE
1133 315 1492 347 QUADRnerSTREs

369 402 589 443 convenit
617 413 757 452 super
787 401 1023 452 privilegii
1051 401 1220 452 nostri,
1243 401 1337 441 iam
1360 403 1504 441 semel
1530 402 1677 452 ipsius
1697 404 1958 454 patrocinio
1979 417 2005 444 a

367 473 496 523 Rege
518 472 918 512 Christianissimo
941 472 1143 523 exorati,
1168 483 1300 512 mora
1322 478 1366 512 et
1383 472 1604 512 dilatione
1631 485 1658 513 a
1681 473 1856 514 Senatu
1878 474 2003 515 Pari-

367 544 509 584 siensi
546 544 709 593 (penes
746 554 883 594 quem
919 543 1288 582 confirmationis
1330 543 1574 583 arbitrium
1614 544 1735 594 erat)
1775 544 2004 586 hactenus

366 620 621 666 protracta;
648 626 703 653 ac
724 613 861 653 facile
882 613 1116 665 persuasit
1137 613 1376 654 Cardinali
1402 620 1451 653 ut
1480 615 1678 654 alteram
1699 628 1726 655 a
1747 615 1876 666 Rege
1897 628 2001 656 con-

365 685 627 725 cessionem
661 685 796 724 nobis
830 684 1116 736 impetraret.
1153 683 1283 724 Adiit
1312 685 1454 725 etiam
1483 684 1621 725 Pater
1655 685 2004 727 Reverendissi-

365 768 476 797 mun
506 756 805 796 Cardinalem
833 755 1109 795 Fernezium
1140 754 1166 805 ¹,
1200 755 1278 807 qui
1307 755 1641 796 humanissime
1668 756 1857 797 Patrem
1883 758 1998 798 exci-

364 828 512 879 piens,
550 839 644 867 non
677 827 1010 878 praetermissa
1044 826 1355 866 Reverentiae
1389 832 1497 866 tuae
1532 827 1780 879 mentione,
1814 840 2005 880 operam

365 911 498 939 suam
520 910 569 938 se
589 898 885 948 negotiorum
906 903 1177 937 nostrorum
1197 897 1481 948 promotioni
1503 898 1846 949 impertiturum
1868 898 2005 939 fidem

363 970 503 1009 dedit.
536 969 681 1020 Atqui
707 968 839 1008 R.mus
867 968 1130 1009 Cardinalis
1164 968 1516 1020 Lotharingiae‚
1550 969 1674 1020 quod
1704 970 1844 1009 semel
1882 970 2005 1021 apud

363 1041 542 1091 Regem
557 1046 822 1092 peregerat,
847 1040 1015 1079 iterum
1038 1040 1213 1090 absque
1235 1051 1368 1079 mora
1391 1051 1578 1089 curare,
1612 1040 1786 1091 absque
1814 1041 2005 1080 alterius

364 1111 605 1163 suffragio,
636 1123 731 1151 non
766 1117 835 1151 est
864 1116 1108 1162 gravatus.
1144 1110 1230 1150 Cui
1264 1109 1365 1150 Rex
1397 1110 1825 1151 Christianissimus
1853 1123 2005 1163 prom-

362 1183 575 1235 ptissimo
611 1182 777 1222 affectu
813 1193 1094 1222 consensum
1129 1181 1309 1221 arbitrii
1336 1182 1407 1221 sui
1436 1187 1573 1233 atque
1605 1181 1865 1222 Maiestatis
1893 1194 2005 1223 suae

362 1254 699 1294 authoritatem
720 1265 832 1293 mox
854 1253 1146 1304 subscripsit.

442 1325 657 1366 Secundo
680 1325 821 1375 igitur
843 1324 988 1375 Regis
1005 1325 1183 1364 indulto
1201 1325 1375 1376 absque
1401 1324 1544 1364 multo
1565 1325 1725 1365 labore
1754 1325 2003 1376 impetrato

369 1409 424 1437 ac
447 1396 597 1447 Regio
619 1396 787 1447 sigillo,
807 1408 899 1435 non
928 1396 1027 1435 sine
1043 1395 1340 1447 gravissimis
1363 1396 1588 1435 molestiis
1618 1401 1758 1447 atque
1779 1396 2005 1447 temporis

362 1468 608 1520 prolixiori
626 1479 773 1517 mora,
794 1467 985 1506 tandem
1002 1467 1197 1517 munitO,
1220 1478 1315 1506 non
1332 1466 1609 1507 desideratis
1626 1467 1814 1508 interim
1835 1467 2004 1519 impru-

362 1540 572 1579 dentium
607 1539 848 1579 hominum
885 1537 1109 1579 Societati
1146 1538 1338 1578 obiectis
1374 1539 1642 1589 calumniis,
1681 1540 1740 1578 ad
1780 1538 2004 1579 Senatum

360 1611 513 1662 prima
549 1616 593 1650 et
623 1611 771 1649 altera
806 1609 950 1661 Regis
974 1609 1234 1659 concessio,
1268 1609 1501 1649 adiunctis
1534 1608 1786 1650 Societatis
1816 1615 2006 1650 nostrae

361 1682 630 1732 diplomatis
657 1693 683 1720 a
705 1681 985 1720 Beatissimo
1014 1680 1143 1731 Papa
1172 1680 1400 1731 singulari
1426 1680 1591 1720 favore
1614 1681 1873 1731 concessis,
1903 1691 2003 1732 per-

360 1754 453 1793 lata
476 1759 559 1803 est,
583 1760 632 1792 ut
653 1752 833 1792 ferendi
855 1751 1066 1802 suffragii
1093 1763 1225 1791 mora
1255 1753 1400 1791 semel
1426 1751 1616 1792 tandem
1644 1752 1999 1803 abrumperetur

359 1826 434 1864 vel
463 1825 519 1864 ab
551 1824 664 1876 ipsis
687 1823 994 1874 adversariis,
1026 1823 1203 1874 Regiae
1234 1822 1494 1863 Maiestatis
1523 1823 1807 1863 authoritate
1836 1835 1890 1863 ac
1912 1823 1997 1863 Re-

360 1895 690 1935 verendissimi
712 1894 977 1935 Cardinalis
997 1893 1258 1945 patrocinio
1276 1894 1429 1934 victis.
1455 1893 1704 1934 Caeterum
1725 1894 1868 1944 Regis
1890 1894 2002 1934 Pro-

360 1973 548 2006 curator
566 1966 816 2017 generalis,
834 1966 908 2005 vir
925 1964 1030 2005 fidei
1048 1964 1339 2005 orthodoxae
1361 1972 1405 2004 et
1426 1965 1613 2016 pietatis
1631 1965 1829 2016 insignis
1852 1965 1895 2016 (a
1915 1978 2003 2017 quo

359 2037 560 2078 Senatus
591 2037 849 2077 sententiae
877 2036 1023 2088 ipsius
1054 2036 1300 2075 arbitrium
1327 2035 1636 2087 efflagitavit),
1668 2037 1795 2076 nulla
1823 2037 2004 2076 ratione

360 2109 530 2149 adduci
550 2108 699 2160 potuit
722 2113 770 2147 ut
791 2108 941 2147 nostri
968 2107 1205 2158 privilegii
1231 2107 1577 2147 confirmationi
1604 2108 1999 2158 patrocinaretur3

361 2181 473 2233 quin
494 2180 664 2231 potius,
688 2179 949 2219 rationibus
972 2179 1105 2230 (quas
1126 2190 1211 2229 pro
1232 2178 1472 2230 republica
1493 2177 1650 2218 facere
1674 2178 1909 2229 censebat)
1929 2179 2003 2218 ad-

362 2252 530 2301 ductis,
554 2249 777 2291 Senatum
808 2262 834 2289 a
862 2248 1087 2300 suffragio
1109 2250 1450 2300 remorabatur-3
1485 2262 1542 2290 ex
1573 2250 1719 2301 ipsius
1751 2250 1873 2289 enim
1901 2250 2002 2289 sub-

358 2323 614 2374 scriptione
634 2321 813 2372 negotii
834 2321 982 2361 nostri
1010 2332 1255 2360 successus
1285 2321 1532 2371 pendebat.
1556 2320 1652 2361 Nec
1683 2326 1840 2361 tamen
1862 2321 2002 2360 ambi-

358 2394 513 2445 gimus
535 2393 645 2445 quin
667 2393 740 2432 vir
760 2393 880 2443 pius,
907 2404 1001 2432 non
1019 2391 1278 2442 Religionis
1296 2398 1377 2432 aut
1394 2391 1642 2432 Societatis
1664 2391 1785 2443 odio,
1809 2392 1891 2431 sed
1912 2392 2001 2442 pri-

360 2471 499 2505 vatae
521 2464 837 2504 conscientiae
858 2463 1053 2514 imperio
1081 2463 1260 2512 ductus,
1293 2463 1426 2503 nobis
1455 2463 1513 2503 sit
1534 2463 1828 2513 adversatus3
1860 2475 2001 2514 quan-

359 2535 629 2587 doquidem,
655 2534 843 2574 Patrem
864 2533 1074 2574 modesto
1097 2545 1152 2573 ac
1183 2534 1386 2584 benigno
1416 2535 1545 2574 vulto
1568 2533 1759 2585 affatus,
1795 2533 1999 2585 aequita-

359 2607 419 2646 tis
439 2606 670 2646 rationem
693 2605 956 2645 habendam
976 2604 1076 2644 fore
1092 2605 1274 2655 placide
1292 2605 1599 2656 responderit,
1625 2605 1833 2645 animum
1849 2605 2000 2655 reipu-

358 2678 507 2717 blicae
530 2676 789 2716 studiosum
811 2687 895 2727 pro
917 2687 1001 2715 suo
1023 2675 1194 2715 iudicio
1213 2675 1456 2715 dumtaxat
1478 2688 1591 2727 prae
1612 2687 1661 2715 se
1683 2675 1852 2716 ferens.
1879 2674 2000 2726 Quin

359 2747 770 2789 Reverendissimo
805 2747 1037 2798 Episcopo
1078 2746 1444 2787 Claramontano
1485 2746 1598 2798 (qui,
1639 2758 1725 2798 pro
1766 2746 1996 2797 singulari

359 2831 474 2870 erga
495 2818 776 2859 Societatem
799 2817 989 2868 affectu,
1022 2818 1165 2869 Regis
1195 2824 1550 2868 procuratorem
1579 2829 1718 2869 super
1749 2817 1897 2857 nostri
1923 2829 1999 2857 ne-

359 2890 473 2940 gotii
495 2889 787 2940 promotione
815 2888 1069 2928 convenire
1096 2900 1191 2927 non
1213 2894 1281 2928 cst
1302 2889 1546 2939 gravatus)
1571 2893 1840 2929 constanter
1864 2899 2001 2928 suum

414 3024 422 3043 ¹
464 3023 680 3051 Cardinalem
697 3023 1067 3057 Fa1·nesiu1n‚quitunc
1082 3023 1242 3057 temporis
1258 3023 1396 3050 Parisiis
1412 3026 1549 3057 agebat,
1563 3024 1730 3057 quoniam,
1744 3023 1894 3050 nonnihil
1912 3031 2000 3057 erga

361 3080 395 3100 se
413 3072 592 3099 adversum
612 3071 689 3103 Julii
707 3071 754 3097 III
776 3075 808 3098 et
833 3071 1053 3105 Imperatoris
1070 3070 1182 3097 Caroli
1200 3071 1347 3098 animum
1363 3076 1539 3105 reputans.
1559 3076 1651 3098 tutus
1673 3072 1706 3098 in
1727 3070 1828 3098 Italia
1846 3071 1916 3098 fore
1942 3071 1998 3098 de·

362 3121 538 3153 sperabat.
