2168 3437
355 241 426 279 682
870 238 1100 275 LITTERAE
1127 247 1488 280 QUADmMESTREs

356 344 406 377 ut
430 348 525 376 non
547 335 752 387 potuerit
774 335 988 375 omittere
1010 334 1121 386 quin
1144 333 1203 374 ad
1223 345 1310 374 nos
1330 334 1454 374 illico
1477 334 1749 386 conflueret,
1775 335 1883 375 licet
1902 336 1999 387 plu-

356 408 477 447 rima
501 406 835 457 impedimenta
858 406 1076 456 haberet;
1101 411 1200 445 erat
1223 405 1346 444 enim
1368 405 1538 445 summi
1566 405 1727 457 templi
1755 406 1999 446 conciona-

357 485 430 518 tor
453 483 497 517 et
519 477 841 517 confessarius
862 476 1150 527 Noviomagi
1175 475 1199 516 ¹.
1224 475 1366 527 Apud
1386 488 1473 516 nos
1495 476 1721 516 exercitia
1738 476 1862 527 fecit,
1887 485 1931 517 et
1952 489 2001 517 50

357 549 580 590 Societati
602 549 743 600 dedit,
777 549 857 600 qui
883 549 1022 588 modo
1052 547 1111 588 acl
1145 548 1350 600 patriam
1376 548 1616 600 profectus
1649 554 1719 588 est
1750 554 1813 599 ut,
1851 549 1998 589 oibus.

359 621 456 662 suis
474 621 727 673 dispositis,
748 621 984 662 Viennam
1002 620 1332 672 proficiscatur
1349 631 1455 660 cum
1473 621 1565 660 alio
1583 620 1787 671 quodam
1802 620 2002 661 leodien-

358 694 420 744 si,
445 693 682 733 confratre
704 699 865 733 nostro
887 692 1153 742 LeonardO,
1179 692 1257 743 qui
1279 692 1421 732 etiam
1442 690 1531 731 hoc
1551 698 1760 743 tempore
1779 690 2002 732 Societati

360 777 409 805 se
433 764 559 805 dedit
579 763 608 802 ⁹².
634 763 705 804 De
728 764 866 804 huius
888 764 947 803 ad
978 764 1099 804 X.¹²m
1120 764 1433 804 conversione
1463 764 1609 803 multa
1639 763 1778 803 nimis
1805 763 2002 803 dicenda

360 835 538 887 forent;
562 847 705 876 unum
727 836 817 875 hoc
847 835 1022 875 dictum
1052 834 1252 875 sufficiat
1280 834 1404 886 quod
1431 839 1529 874 tota
1558 834 1726 874 civitas
1751 834 2004 874 leodiensis

358 907 621 960 stupefacta
662 908 721 947 sit
757 908 804 947 in
844 907 1160 947 conversione
1194 906 1333 946 huius
1368 906 1637 957 insperatae
1673 906 1858 957 salutis;
1898 918 2005 946 cum

358 979 483 1019 enim
505 979 600 1019 suis
618 974 941 1019 valedicturus
963 984 1087 1018 esset
1109 989 1283 1030 eosque
1305 977 1580 1018 admoneret
1603 978 1860 1018 secundum
1882 978 2005 1030 quod

344 1051 590 1091 ‘Dominus
612 1050 754 1090 dabat
776 1050 842 1090 illi
862 1050 1005 1102 loqui,
1025 1055 1259 1090 venerunt
1282 1049 1500 1089 canonici
1517 1048 1708 1100 quidam
1725 1049 1881 1089 multis
1900 1060 2006 1089 cum

361 1122 602 1162 lachrimis
623 1122 951 1173 promittentes
973 1121 1014 1161 ei
1036 1133 1085 1161 se
1108 1121 1257 1161 vitam
1278 1126 1581 1161 correcturos
1598 1121 1646 1160 in
1662 1120 1849 1170 melius3
1869 1132 2005 1160 vene-

362 1201 469 1234 runt
490 1199 535 1234 et
562 1193 734 1233 milites
762 1193 1102 1233 lachrimantes
1131 1198 1175 1232 et
1204 1192 1435 1232 dicentes:
1466 1205 1491 1232 0
1524 1192 1586 1231 1111
1606 1191 1866 1242 Leonarde,
1892 1203 2004 1243 quo-

362 1266 503 1306 modo
526 1277 576 1305 es
597 1265 691 1305 iam
723 1270 931 1305 mutatus
962 1271 1008 1304 et
1037 1264 1097 1304 ad
1124 1264 1245 1304 ΧΛᾸΠ1
1277 1264 1557 1304 conversus!
1595 1263 1705 1314 quid
1733 1275 1819 1303 nos
1849 1263 2008 1303 miseri

361 1337 589 1378 faciemus
611 1343 661 1377 ut
683 1337 947 1377 salvemur?
969 1325 1312 1376 Promittebant
1342 1335 1537 1375 meliora
1561 1341 1604 1374 et
1632 1347 1681 1375 se
1708 1335 1808 1375 eius
1836 1335 2006 1375 oratio—

364 1409 501 1449 nibus
523 1409 931 1449 commendabant.
957 1407 1112 1448 Taceo
1133 1406 1189 1447 de
1212 1407 1315 1447 aliis
1338 1407 1487 1447 oibus.
1506 1406 1685 1446 Tantus
1707 1413 1776 1447 est
1799 1407 2007 1446 omnium

364 1486 528 1532 stupor
565 1486 614 1520 ut
648 1480 789 1520 etiam
818 1479 972 1520 Deum
1003 1491 1099 1519 non
1133 1479 1351 1519 timentes
1387 1479 1434 1518 in
1469 1478 1773 1530 proverbium
1803 1478 2007 1518 habeant

365 1552 514 1592 oibus.
539 1552 586 1592 in
608 1551 726 1591 locis
756 1563 843 1591 nec
873 1562 1025 1602 parvo
1048 1562 1155 1590 cum
1176 1550 1346 1601 fructu,
1381 1549 1613 1590 dicentes:
1645 1550 1858 1590 diabolus
1880 1550 2008 1589 here-

364 1624 479 1664 mita
499 1623 655 1663 factus
671 1629 754 1663 est.
781 1623 983 1674 Quidam
1010 1622 1153 1662 etiam
1180 1622 1299 1662 alius
1326 1622 1511 1672 lilanus,
1543 1620 1619 1662 Χ.1
1648 1622 1816 1673 spiritu
1844 1633 2005 1662 accen-

369 1706 453 1735 sus
474 1695 533 1735 ad
553 1706 640 1735 nos
662 1695 804 1745 venit,
830 1694 951 1734 sicut
972 1705 1055 1746 per
1086 1705 1237 1733 annos
1265 1693 1381 1733 duos
1412 1693 1459 1733 in
1487 1698 1642 1733 mente
1672 1692 1852 1744 habuit,
1877 1693 1959 1733 sed
1981 1704 2007 1732 a

365 1767 656 1818 parentibus,
678 1767 757 1817 qui
778 1778 837 1806 ex
857 1765 1126 1817 praecipuis
1143 1770 1251 1805 sunt
1269 1765 1477 1805 civitatis
1492 1764 1622 1804 Lilae
1640 1764 1890 1816 impeditus
1906 1764 2006 1815 fuit,

369 1838 468 1889 sed,
493 1838 660 1878 amicis
691 1844 735 1878 et
766 1837 1042 1889 parentibus
1076 1836 1350 1888 postpositis
1386 1848 1441 1876 ac
1476 1836 1720 1887 neglectis.
1752 1835 2009 1876 secundum

360 1909 435 1950 X.i
464 1910 682 1960 verbum,
706 1909 790 1960 qni
807 1908 973 1959 diligit
987 1912 1179 1959 patrem
1196 1912 1279 1948 ant
1296 1911 1498 1947 matrem
1509 1907 1627 1959 plns
1643 1918 1785 1958 quam
1806 1919 1895 1958 me,
1913 1918 2008 1947 non

362 1985 526 2034 potest
546 1993 679 2021 mens
701 1993 803 2021 esse
830 1980 1116 2032 discipulam,
1144 1981 1266 2020 bono
1290 1992 1374 2020 suo
1404 1979 1637 2020 desiderio
1664 1991 1719 2019 ac
1750 1979 1922 2019 tractui
1945 1980 2007 2019 in-

369 2061 505 2094 terno
527 2054 622 2093 iam
643 2052 920 2093 satisfacere
942 2052 1133 2092 studuit.
1159 2051 1461 2092 Naturalibus
1482 2051 1601 2091 bene
1623 2050 1812 2091 dotatus
1833 2056 1903 2091 est
1925 2050 1953 2087 ³.

453 2125 613 2166 Vicini
628 2125 779 2165 nostri
796 2125 844 2164 in
862 2124 1249 2164 consuetudinem
1267 2128 1607 2163 contraxerunt
1624 2122 1823 2173 singulis
1840 2122 2009 2162 hebdo-

370 2197 588 2237 madibus
620 2197 765 2236 semel
786 2195 999 2236 confiteri
1026 2202 1071 2235 et
1094 2194 1461 2245 communicare,
1492 2206 1550 2234 ex
1580 2193 1749 2246 quibus
1777 2193 1919 2234 etiam
1941 2201 2010 2233 est

369 2274 518 2307 mater
557 2267 813 2308 confratris
846 2267 998 2307 nostri
1033 2266 1228 2319 Joannis
1255 2265 1375 2305 Redt
1405 2264 1442 2316 ³⁴,
1481 2264 1537 2305 de
1574 2276 1664 2317 qua
1705 2265 1853 2305 multa
1887 2265 2010 2304 bona

369 2350 506 2389 spero
529 2345 573 2378 et
595 2339 651 2378 de
672 2339 776 2378 aliis
800 2338 947 2378 oibus.
975 2337 1208 2378 Tacemus
1230 2337 1286 2376 de
1308 2336 1399 2376 illis
1420 2336 1591 2387 dicere,
1622 2336 1702 2387 qui
1721 2347 1809 2376 nos
1839 2347 2010 2376 conve-

373 2410 506 2450 niunt
535 2410 826 2460 consulendi,
864 2409 974 2449 boni
1001 2408 1177 2460 aliquid
1208 2407 1428 2448 audiendi
1455 2407 1627 2458 gratia,
1656 2412 1706 2447 ut
1739 2406 1798 2446 ad
1818 2407 2008 2447 tertium

367 2481 616 2521 veniamus
638 2488 683 2521 et
705 2481 844 2521 finem
866 2481 1177 2531 imponamus.

421 2595 431 2614 ¹
471 2595 559 2622 Erat
574 2595 602 2621 is
618 2594 787 2621 Henricus
802 2594 996 2629 Dionysius,
1012 2593 1052 2620 de
1069 2600 1132 2627 quo
1149 2593 1198 2619 ita
1213 2592 1406 2625 DELPLACE,
1424 2592 1444 2618 l.
1458 2599 1497 2618 c.:
1514 2590 1656 2618 “HENRx‘
1668 2591 1797 2625 DENYS,
1813 2593 1854 2618 110
1869 2593 1889 2618 a
1903 2591 2013 2618 Nimb-

367 2650 431 2677 gue
453 2641 646 2675 (Gueldre);
669 2642 813 2668 admisit
828 2641 987 2668 Louvain
1002 2648 1042 2667 en
1059 2641 1138 2671 1552,
1154 2644 1243 2667 mort
1259 2641 1279 2666 Ξῑ
1293 2639 1497 2666 Maesti-ioht
1514 2639 1543 2665 10
1557 2639 1574 2665 8
1594 2638 1787 2666 Novembre
1811 2639 1896 2673 1571;
1920 2639 1941 2666 il
1964 2638 2014 2665 sut

367 2695 505 2717 recteur
519 2691 539 2716 ἐι
552 2690 724 2723 Dillingen
739 2694 773 2716 et
789 2691 809 2716 a
820 2687 1193 2721 Maest1·icht.„-Ci1·ca
1206 2694 1341 2718 annum,
1355 2694 1419 2721 quo
1435 2686 1463 2713 is
1478 2691 1510 2713 01
1526 2686 1585 2713 alii
1601 2686 1741 2713 admissi
1757 2687 1789 2713 in
1801 2686 2009 2714 Societatem

367 2738 536 2769 dicuntur,
553 2737 745 2764 meminisse
761 2741 897 2771 oportet
913 2743 999 2770 quae
1016 2737 1108 2763 dieta
1123 2739 1201 2762 sunt
1216 2742 1331 2768 supra,
1349 2738 1372 2761 t.
1390 2741 1412 2768 1,
1427 2742 1505 2768 pag.
1524 2733 1575 2760 146
1588 2738 1622 2760 01
1637 2734 1700 2761 542.

424 2786 437 2804 2
475 2785 633 2818 “juvenis
649 2786 735 2811 alius
750 2784 965 2818 Leodiensts,
985 2783 1106 2817 viginti
1122 2787 1155 2810 01
1170 2790 1273 2809 unum
1287 2789 1394 2809 annos
1410 2785 1527 2810 natus.
1542 2782 1675 2808 nomine
1697 2781 1917 2815 Leonafflus,
1941 2789 2015 2808 cum

370 2834 432 2861 Sti.
454 2833 631 2860 Lamberti
653 2833 847 2860 sacellarius
869 2837 978 2865 esset,
1003 2831 1150 2858 nondum
1171 2831 1334 2857 sacerdos
1356 2834 1389 2856 et
1411 2829 1539 2856 saeculi
1562 2829 1777 2856 vanitatibus
1798 2829 1899 2856 valde
1925 2829 2014 2855 dedi-

370 2886 435 2909 tus.
452 2902 478 2914 .„
495 2881 683 2911 Pormcus.
696 2880 729 2907 in
746 2880 923 2910 Chronico,
939 2884 962 2906 t.
978 2886 1024 2905 iv,

423 2928 437 2947 5
475 2928 507 2955 Ι5
531 2935 551 2955 3
576 2927 733 2954 POLANco
755 2927 902 2960 Jacobus
923 2926 1065 2953 Lilanus
1087 2926 1284 2959 appellatur
1305 2928 1338 2951 et
1360 2924 1393 2951 in
1416 2932 1505 2951 nova
1536 2924 1622 2951 serie
1654 2924 1875 2958 epistolarum
1898 2923 2014 2951 Sancti

372 2976 509 3010 Ignatii.

424 3024 439 3043 4
475 3022 562 3049 Vide
580 3022 727 3049 Pomm
745 3022 955 3055 chronicon,
969 3026 993 3049 t.
1010 3029 1033 3048 11
1048 3026 1082 3048 01
1097 3027 1134 3048 111
1154 3024 1187 3046 et
1203 3019 1364 3046 Litterae
1379 3018 1691 3052 ‚Quadrmnestres,
1706 3024 1732 3047 t.
1760 3026 1786 3053 1,
1811 3018 2013 3052 praesertim

372 3078 449 3104 pag.
463 3071 526 3101 074,
542 3075 656 3097 annot.
673 3070 700 3096 3.
