2168 3437
408 281 479 319 502
921 280 1148 316 LmERAE
1175 291 1533 322 QUADRIMESTRES

408 380 593 428 fratres,
617 383 721 429 post
744 377 1018 427 orationem,
1043 377 1219 428 aliquot
1240 377 1583 428 epigrammata
1604 383 1735 418 tanta
1753 379 1908 429 gratia
1920 385 1964 419 et
1981 380 2043 419 di-

408 450 586 499 gnitate
608 447 1040 499 pronunciaverunt
1060 454 1109 487 ut
1132 448 1222 487 illis
1251 459 1437 500 quoque
1464 460 1559 488 non
1588 448 1813 489 mediocri
1845 449 2044 490 delecta-

410 521 533 559 tione
555 518 864 559 afficerentur.
883 518 956 558 Ab
971 518 1043 558 his
1059 519 1304 570 principiis
1320 531 1395 559 res
1411 525 1601 559 nostrae
1617 520 1875 560 litterariae
1891 532 2045 561 susce-

409 597 517 642 ptae
539 596 645 630 sunt
666 595 711 629 et
732 595 862 629 tanto
884 589 1038 629 studio
1060 595 1104 629 et
1126 589 1367 641 diligentia
1398 596 1706 642 propagatae,
1730 596 1779 630 ut
1801 603 1881 631 eas
1907 603 2043 631 nemo

409 673 503 701 non
527 661 781 712 plurimum
806 660 1062 712 profecisse
1084 660 1282 712 J‘udicet3
1311 661 1436 712 quod
1463 661 1527 701 illi
1553 660 1691 701 facile
1722 662 2042 713 experiuntur,

410 732 487 784 qui
503 743 553 772 se
570 732 846 775 inmosti‘am
863 731 1159 783 disciplinam
1175 731 1468 772 tradiderunt
1484 737 1528 772 et
1545 732 1705 772 sedulo
1720 733 1893 780 latinis,
1912 744 2045 784 grae-

411 804 477 843 cis
498 808 542 843 et
562 803 778 842 hebraeis
800 802 946 842 literis
967 802 1258 854 imbuuntur,
1283 803 1450 854 quibus
1472 803 1836 843 exercitationes
1866 809 1911 844 et
1934 804 2045 843 assi-

411 875 490 914 dui
516 885 629 914 usus
657 874 891 914 scribendi
926 874 1203 925 dicendique
1234 873 1538 925 adhibentur,
1567 874 1633 914 ita
1661 880 1711 914 ut
1740 874 1857 914 nihil
1884 875 2046 915 deesse

411 952 550 997 queat
572 945 696 997 quod
718 946 777 985 ad
796 945 1060 986 litterarum
1080 945 1326 985 scientiam
1346 952 1391 985 et
1412 945 1600 997 pietatis
1627 945 1831 986 studium
1863 946 2044 986 attinet.

413 1017 540 1057 Haec
562 1017 719 1057 omnia
741 1017 1010 1057 communia
1031 1023 1138 1056 sunt
1159 1016 1264 1068 illis,
1289 1017 1367 1068 qui
1389 1016 1448 1056 ad
1465 1016 1652 1056 scholas
1668 1017 1914 1068 ventitant,
1939 1029 2048 1069 quo-

410 1100 516 1128 rum
536 1100 692 1128 mores
713 1094 758 1128 et
778 1089 876 1128 vita
898 1099 1121 1139 magnam
1140 1088 1291 1128 bonae
1311 1087 1462 1138 frugis
1490 1087 1739 1128 ostendunt
1767 1099 1913 1140 spem.
1938 1088 2048 1128 Fra-

410 1165 505 1199 tres
541 1165 696 1199 autem
728 1160 774 1199 in
804 1160 880 1199 illo
907 1159 1223 1211 pulcherrimo
1250 1159 1399 1199 veteri
1430 1159 1664 1199 curriculo
1691 1159 1880 1200 virtutis
1906 1161 2047 1210 persi-

411 1236 552 1281 stunt,
569 1231 682 1270 nihil
700 1231 890 1271 omnino
908 1231 1268 1270 intermittentes
1286 1242 1462 1281 eorum,
1482 1242 1601 1282 quae
1612 1242 1726 1271 suae
1742 1230 2049 1282 professionis

410 1308 457 1342 et
477 1302 743 1342 vocationis
765 1308 886 1351 sunt;
912 1302 1031 1341 alius
1061 1301 1203 1341 alium
1228 1301 1355 1342 vitae
1381 1302 1613 1353 probitate
1640 1302 1823 1342 laborat
1853 1303 2046 1353 anteire;

410 1379 453 1412 et
476 1378 640 1413 sancto
662 1373 853 1412 conatui
873 1372 1003 1412 Deus
1024 1373 1087 1412 ita
1110 1372 1375 1424 respondet,
1400 1378 1449 1412 ut
1465 1372 1583 1412 nihil
1598 1378 1791 1423 tentent,
1816 1373 1940 1424 quod
1956 1386 2048 1414 non

409 1443 636 1484 foeliciter
658 1444 896 1484 succedat.
923 1443 1160 1494 Quantum
1181 1443 1227 1483 in
1248 1444 1395 1484 literis
1417 1444 1716 1495 profecerint,
1740 1444 1856 1484 nihil
1885 1445 2049 1486 attinet

413 1515 637 1555 scribere.⁴

492 1587 646 1626 Tanta
669 1592 737 1626 est
758 1586 1019 1637 frequentia
1041 1586 1283 1626 hominum
1301 1585 1360 1625 ad
1378 1586 1652 1626 concionem
1671 1587 2052 1627 concurrentium

412 1663 462 1697 ut
484 1657 735 1709 aliquando
764 1668 870 1697 sero
899 1657 1195 1697 venientibus
1231 1657 1474 1708 ingressus
1501 1657 1548 1696 in
1576 1657 1826 1697 ecclesiam
1851 1669 1946 1698 non
1974 1670 2049 1709 pa-

411 1734 522 1780 teat,
547 1728 765 1780 quamvis
786 1734 831 1767 et
852 1728 1014 1768 schola
1035 1728 1206 1768 multos
1229 1728 1400 1779 capiat,
1425 1739 1544 1779 quae
1566 1733 1663 1768 tam
1690 1729 1863 1780 templo
1896 1729 2052 1769 Vicina

410 1807 494 1851 est,
524 1806 574 1840 ut
601 1799 707 1840 inde
739 1800 1124 1840 concionatorem
1158 1804 1202 1839 et
1237 1798 1397 1839 videre
1429 1805 1473 1839 et
1500 1799 1661 1839 audire
1689 1799 1825 1840 facile
1851 1801 2047 1851 possint.

409 1872 536 1912 ldem
553 1871 873 1920 concionator,
893 1869 1124 1910 Dominus
1142 1870 1344 1910 Michael
1364 1869 1373 1888 ¹
1392 1882 1633 1910 sermones
1650 1882 1833 1922 quoque
1850 1871 1989 1911 habet
2007 1872 2053 1911 in

410 1942 696 1982 monasterio
719 1941 923 1993 quodam
944 1953 1190 1981 sacrarum
1210 1940 1484 1992 Virginum,
1519 1941 1642 1993 quod
1662 1942 1789 1982 velut
1823 1948 1963 1994 caput
1984 1950 2053 1982 est

410 2013 757 2063 coenobiorum,
773 2024 891 2064 quae
908 2012 954 2052 in
971 2012 1062 2052 hac
1078 2013 1191 2052 urbe
1203 2018 1326 2052 sunt.
1340 2012 1406 2052 Ibi
1418 2012 1646 2052 hactenus
1659 2024 1763 2053 cum
1779 2024 1952 2064 magna
1970 2013 2053 2053 uti-

411 2085 540 2124 litate
562 2084 861 2135 maximoque
884 2083 1058 2134 gaudio
1081 2084 1387 2124 concionatus
1409 2089 1493 2134 est;
1517 2083 1599 2123 sed
1617 2083 1770 2124 adhuc
1791 2082 1941 2135 major
1957 2084 2055 2124 fru-

412 2162 513 2196 ctus
534 2155 640 2195 inde
663 2161 955 2206 expectatur.
979 2154 1106 2194 Idem
1127 2155 1357 2195 Dominus
1373 2155 1588 2204 Michael‚
1609 2155 1855 2195 dominicis
1872 2155 2051 2205 diebus,

412 2227 540 2267 horis
563 2225 914 2278 pomeridianis,
937 2226 1170 2266 nobilibus
1191 2226 1419 2266 matronis
1442 2226 1771 2277 concionatur,
1803 2238 1922 2278 quae
1942 2226 2054 2267 illud

413 2311 472 2338 ex
492 2297 780 2338 salutaribus
810 2297 1104 2337 sermonibus
1133 2302 1436 2348 acceperunt,
1468 2302 1518 2336 ut
1545 2303 1589 2337 et
1617 2297 1806 2337 omnino
1837 2297 2053 2337 libentius

415 2369 643 2409 accedant
660 2374 703 2408 et
721 2369 767 2408 in
785 2368 996 2419 singulos
1013 2368 1110 2408 dies
1129 2380 1326 2408 numero
1344 2373 1622 2419 augeantur.
1642 2367 1764 2407 Rflus
1775 2367 1824 2408 P.
1845 2367 2017 2408 Paulus
2040 2367 2054 2386 “²

416 2440 722 2480 christianam
744 2439 1006 2480 doctrinam
1029 2439 1179 2489 docet,
1205 2451 1366 2491 quam,
1392 2446 1440 2479 ut
1461 2439 1592 2479 multi
1618 2439 1814 2479 libenter
1844 2445 1888 2479 et
1917 2439 2054 2479 avide

415 2511 623 2562 audiunt,
644 2511 708 2550 ita
727 2511 939 2550 eamdem
961 2522 1143 2562 quoque
1166 2510 1367 2550 retinent
1388 2517 1431 2550 et
1454 2511 1500 2550 in
1517 2511 1613 2550 suis
1631 2511 1847 2562 operibus
1864 2510 2054 2550 manife-

416 2589 556 2622 stant.
581 2583 653 2622 Ex
674 2582 747 2622 his
768 2582 1067 2633 gravissimis
1084 2582 1324 2622 laboribus
1346 2582 1436 2622 hoc
1454 2582 1609 2622 solatii
1627 2583 1817 2633 capiunt
1835 2582 2052 2634 operarii,

415 2654 539 2706 quod
561 2653 753 2694 videant
776 2653 983 2705 quotidie
1005 2665 1098 2693 non
1119 2665 1297 2705 paucos
1318 2654 1623 2705 poenitentes,
1649 2654 1726 2705 qui
1749 2653 1824 2693 diu
1842 2654 2055 2693 multum-

416 2738 503 2777 que
526 2725 835 2776 deliquerunt,
860 2724 920 2764 ad
941 2724 1286 2764 confessionem
1308 2725 1484 2764 Venire.
1509 2724 1739 2764 Dominus
1761 2724 1810 2764 P.
1835 2723 2005 2764 Daniel
2025 2723 2054 2775 5,

417 2802 602 2847 praeter
624 2796 881 2836 domestica
902 2795 1108 2846 negotia,
1133 2795 1247 2835 foris
1270 2807 1452 2847 quoque
1479 2795 1525 2835 in
1555 2795 1840 2835 monasterio
1873 2795 2057 2835 concio-

418 2873 555 2906 natur
578 2867 701 2917 apud
723 2877 994 2916 conversas,
1019 2865 1120 2906 Deo
1142 2866 1337 2917 dicatas,
1362 2878 1455 2906 non
1472 2866 1571 2906 sine
1588 2877 1760 2918 magno
1785 2866 1986 2906 fervore.
2007 2866 2058 2906 In

472 3001 482 3020 ¹
523 3001 668 3028 Michaffl
685 3002 848 3029 Botenus.

472 3049 484 3067 ²¹
523 3048 648 3075 Paulus
665 3049 693 3076 d‘
708 3049 864 3083 Achillis,
881 3049 1117 3076 Panormitani
1135 3048 1279 3083 Collegii
1295 3048 1432 3078 Rector,

474 3095 487 3114 ⁵
526 3095 647 3122 Daniel
665 3096 898 3132 Paeybroeck.
