<?xml version="1.0" encoding="UTF-8"?>
<!DOCTYPE html PUBLIC "-//W3C//DTD XHTML 1.0 Transitional//EN"
    "http://www.w3.org/TR/xhtml1/DTD/xhtml1-transitional.dtd">
<html xmlns="http://www.w3.org/1999/xhtml" xml:lang="en" lang="en">
 <head>
  <title>
</title>
<meta http-equiv="Content-Type" content="text/html;charset=utf-8" />
  <meta name='ocr-system' content='tesseract 3.04.00' />
  <meta name='ocr-capabilities' content='ocr_page ocr_carea ocr_par ocr_line ocrx_word'/>
</head>
<body>
  <div class='ocr_page' id='page_1' title='image "./litteraequadrime1402lain_0295.png"; bbox 0 0 2168 3437; ppageno 0'>
   <div class='ocr_carea' id='block_1_1' title="bbox 861 257 1776 296">
    <p class='ocr_par' dir='ltr' id='par_1_1' title="bbox 861 257 1776 296">
     <span class='ocr_line' id='line_1_1' title="bbox 861 257 1776 296; baseline -0.002 0"><span class='ocrx_word' id='word_1_1' title='bbox 861 259 944 296; x_wconf 70' lang='lat' dir='ltr'>AN.</span> <span class='ocrx_word' id='word_1_2' title='bbox 975 258 1066 296; x_wconf 79' lang='lat'>1553</span> <span class='ocrx_word' id='word_1_3' title='bbox 1710 257 1776 295; x_wconf 82' lang='lat'>291</span> 
     </span>
    </p>
   </div>
   <div class='ocr_carea' id='block_1_2' title="bbox 146 356 1805 3107">
    <p class='ocr_par' dir='ltr' id='par_1_2' title="bbox 146 356 1784 978">
     <span class='ocr_line' id='line_1_2' title="bbox 147 356 1779 410; baseline -0.004 -9"><span class='ocrx_word' id='word_1_4' title='bbox 147 371 432 401; x_wconf 83' lang='lat' dir='ltr'>consensum</span> <span class='ocrx_word' id='word_1_5' title='bbox 449 358 656 410; x_wconf 84' lang='lat' dir='ltr'>negavit.</span> <span class='ocrx_word' id='word_1_6' title='bbox 674 358 834 409; x_wconf 89' lang='lat' dir='ltr'>Itaque</span> <span class='ocrx_word' id='word_1_7' title='bbox 849 357 971 397; x_wconf 89' lang='lat' dir='ltr'>hanc</span> <span class='ocrx_word' id='word_1_8' title='bbox 982 357 1110 408; x_wconf 90' lang='lat' dir='ltr'>passi</span> <span class='ocrx_word' id='word_1_9' title='bbox 1126 357 1376 408; x_wconf 77' lang='lat' dir='ltr'>repulsam,</span> <span class='ocrx_word' id='word_1_10' title='bbox 1396 356 1622 396; x_wconf 85' lang='lat' dir='ltr'>adversus</span> <span class='ocrx_word' id='word_1_11' title='bbox 1639 367 1779 407; x_wconf 88' lang='lat' dir='ltr'>quam</span> 
     </span>
     <span class='ocr_line' id='line_1_3' title="bbox 146 426 1778 478; baseline -0.004 -7"><span class='ocrx_word' id='word_1_12' title='bbox 146 432 273 472; x_wconf 92' lang='lat' dir='ltr'>bona</span> <span class='ocrx_word' id='word_1_13' title='bbox 294 430 463 470; x_wconf 83' lang='lat' dir='ltr'>fiducia</span> <span class='ocrx_word' id='word_1_14' title='bbox 485 428 650 469; x_wconf 88' lang='lat' dir='ltr'>muniti</span> <span class='ocrx_word' id='word_1_15' title='bbox 675 439 875 477; x_wconf 89' lang='lat' dir='ltr'>eramus,</span> <span class='ocrx_word' id='word_1_16' title='bbox 906 426 1293 467; x_wconf 78' lang='lat' dir='ltr'>Reverendiss.m0</span> <span class='ocrx_word' id='word_1_17' title='bbox 1314 427 1562 478; x_wconf 83' lang='lat' dir='ltr'>Episcopo,</span> <span class='ocrx_word' id='word_1_18' title='bbox 1591 426 1778 466; x_wconf 88' lang='lat' dir='ltr'>rationi-</span> 
     </span>
     <span class='ocr_line' id='line_1_4' title="bbox 152 496 1781 550; baseline -0.004 -8"><span class='ocrx_word' id='word_1_19' title='bbox 152 502 237 542; x_wconf 93' lang='lat' dir='ltr'>bus</span> <span class='ocrx_word' id='word_1_20' title='bbox 260 501 451 541; x_wconf 90' lang='lat' dir='ltr'>alterius</span> <span class='ocrx_word' id='word_1_21' title='bbox 472 500 661 540; x_wconf 88' lang='lat' dir='ltr'>minime</span> <span class='ocrx_word' id='word_1_22' title='bbox 681 504 908 550; x_wconf 93' lang='lat' dir='ltr'>permoto,</span> <span class='ocrx_word' id='word_1_23' title='bbox 928 497 1009 537; x_wconf 87' lang='lat' dir='ltr'>sed</span> <span class='ocrx_word' id='word_1_24' title='bbox 1030 497 1183 547; x_wconf 88' lang='lat' dir='ltr'>potius</span> <span class='ocrx_word' id='word_1_25' title='bbox 1205 497 1476 547; x_wconf 80' lang='lat' dir='ltr'>Evangelici</span> <span class='ocrx_word' id='word_1_26' title='bbox 1499 496 1678 536; x_wconf 88' lang='lat' dir='ltr'>fructus</span> <span class='ocrx_word' id='word_1_27' title='bbox 1700 508 1781 547; x_wconf 92' lang='lat' dir='ltr'>spe</span> 
     </span>
     <span class='ocr_line' id='line_1_5' title="bbox 149 567 1779 620; baseline -0.004 -8"><span class='ocrx_word' id='word_1_28' title='bbox 149 572 352 612; x_wconf 90' lang='lat' dir='ltr'>alacrius</span> <span class='ocrx_word' id='word_1_29' title='bbox 390 572 450 612; x_wconf 87' lang='lat' dir='ltr'>ad</span> <span class='ocrx_word' id='word_1_30' title='bbox 483 570 699 610; x_wconf 89' lang='lat' dir='ltr'>beneficii</span> <span class='ocrx_word' id='word_1_31' title='bbox 732 568 951 620; x_wconf 83' lang='lat' dir='ltr'>promissi</span> <span class='ocrx_word' id='word_1_32' title='bbox 980 567 1118 607; x_wconf 89' lang='lat' dir='ltr'>fidem</span> <span class='ocrx_word' id='word_1_33' title='bbox 1146 567 1353 617; x_wconf 83' lang='lat' dir='ltr'>incitatO,</span> <span class='ocrx_word' id='word_1_34' title='bbox 1381 567 1560 618; x_wconf 78' lang='lat' dir='ltr'>gratias</span> <span class='ocrx_word' id='word_1_35' title='bbox 1586 567 1779 607; x_wconf 88' lang='lat' dir='ltr'>meritis—</span> 
     </span>
     <span class='ocr_line' id='line_1_6' title="bbox 150 637 1779 692; baseline -0.004 -9"><span class='ocrx_word' id='word_1_36' title='bbox 150 644 268 683; x_wconf 90' lang='lat' dir='ltr'>simo</span> <span class='ocrx_word' id='word_1_37' title='bbox 291 644 389 683; x_wconf 89' lang='lat' dir='ltr'>iure</span> <span class='ocrx_word' id='word_1_38' title='bbox 407 642 607 692; x_wconf 78' lang='lat' dir='ltr'>egimus,</span> <span class='ocrx_word' id='word_1_39' title='bbox 632 646 676 680; x_wconf 88' lang='lat' dir='ltr'>et</span> <span class='ocrx_word' id='word_1_40' title='bbox 697 638 1000 679; x_wconf 88' lang='lat' dir='ltr'>Procuratori</span> <span class='ocrx_word' id='word_1_41' title='bbox 1028 637 1173 688; x_wconf 89' lang='lat' dir='ltr'>regio,</span> <span class='ocrx_word' id='word_1_42' title='bbox 1205 638 1412 677; x_wconf 84' lang='lat' dir='ltr'>animum</span> <span class='ocrx_word' id='word_1_43' title='bbox 1441 638 1586 689; x_wconf 89' lang='lat' dir='ltr'>ipsius</span> <span class='ocrx_word' id='word_1_44' title='bbox 1615 638 1688 690; x_wconf 92' lang='lat' dir='ltr'>pie</span> <span class='ocrx_word' id='word_1_45' title='bbox 1716 638 1779 678; x_wconf 88' lang='lat' dir='ltr'>in-</span> 
     </span>
     <span class='ocr_line' id='line_1_7' title="bbox 148 708 1783 766; baseline -0.002 -12"><span class='ocrx_word' id='word_1_46' title='bbox 148 714 407 766; x_wconf 89' lang='lat' dir='ltr'>terpretati,</span> <span class='ocrx_word' id='word_1_47' title='bbox 439 712 703 752; x_wconf 87' lang='lat' dir='ltr'>orationum</span> <span class='ocrx_word' id='word_1_48' title='bbox 730 709 1017 762; x_wconf 76' lang='lat' dir='ltr'>praesidium</span> <span class='ocrx_word' id='word_1_49' title='bbox 1046 709 1267 759; x_wconf 89' lang='lat' dir='ltr'>impertiti</span> <span class='ocrx_word' id='word_1_50' title='bbox 1302 720 1476 759; x_wconf 91' lang='lat' dir='ltr'>sumus,</span> <span class='ocrx_word' id='word_1_51' title='bbox 1514 721 1603 761; x_wconf 90' lang='lat' dir='ltr'>quo</span> <span class='ocrx_word' id='word_1_52' title='bbox 1637 708 1783 750; x_wconf 90' lang='lat' dir='ltr'>fretus</span> 
     </span>
     <span class='ocr_line' id='line_1_8' title="bbox 150 779 1782 834; baseline -0.003 -9"><span class='ocrx_word' id='word_1_53' title='bbox 150 791 352 826; x_wconf 77' lang='lat' dir='ltr'><strong>mentem</strong></span> <span class='ocrx_word' id='word_1_54' title='bbox 391 784 437 823; x_wconf 93' lang='lat' dir='ltr'>in</span> <span class='ocrx_word' id='word_1_55' title='bbox 478 783 632 834; x_wconf 88' lang='lat' dir='ltr'>operis</span> <span class='ocrx_word' id='word_1_56' title='bbox 671 781 734 833; x_wconf 90' lang='lat' dir='ltr'>pii</span> <span class='ocrx_word' id='word_1_57' title='bbox 768 781 1000 828; x_wconf 85' lang='lat' dir='ltr'>favorem,</span> <span class='ocrx_word' id='word_1_58' title='bbox 1040 779 1250 830; x_wconf 88' lang='lat' dir='ltr'>deposita</span> <span class='ocrx_word' id='word_1_59' title='bbox 1284 780 1429 830; x_wconf 87' lang='lat' dir='ltr'>priori</span> <span class='ocrx_word' id='word_1_60' title='bbox 1462 781 1782 832; x_wconf 79' lang='lat' dir='ltr'>persuasione,</span> 
     </span>
     <span class='ocr_line' id='line_1_9' title="bbox 151 849 1784 904; baseline -0.002 -8"><span class='ocrx_word' id='word_1_61' title='bbox 151 860 476 904; x_wconf 85' lang='lat' dir='ltr'>commutaret;</span> <span class='ocrx_word' id='word_1_62' title='bbox 500 853 628 904; x_wconf 88' lang='lat' dir='ltr'>atqui</span> <span class='ocrx_word' id='word_1_63' title='bbox 649 853 875 892; x_wconf 88' lang='lat' dir='ltr'>hactenus</span> <span class='ocrx_word' id='word_1_64' title='bbox 902 851 1079 890; x_wconf 91' lang='lat' dir='ltr'>nullum</span> <span class='ocrx_word' id='word_1_65' title='bbox 1106 849 1430 889; x_wconf 81' lang='lat' dir='ltr'>conversionis</span> <span class='ocrx_word' id='word_1_66' title='bbox 1457 857 1784 901; x_wconf 82' lang='lat' dir='ltr'>argumentum</span> 
     </span>
     <span class='ocr_line' id='line_1_10' title="bbox 150 921 1279 978; baseline -0.006 -12"><span class='ocrx_word' id='word_1_67' title='bbox 150 926 380 978; x_wconf 88' lang='lat' dir='ltr'>praebuit,</span> <span class='ocrx_word' id='word_1_68' title='bbox 404 924 656 976; x_wconf 88' lang='lat' dir='ltr'>patientiae</span> <span class='ocrx_word' id='word_1_69' title='bbox 677 922 810 962; x_wconf 91' lang='lat' dir='ltr'>nobis</span> <span class='ocrx_word' id='word_1_70' title='bbox 831 922 993 961; x_wconf 89' lang='lat' dir='ltr'>relicta</span> <span class='ocrx_word' id='word_1_71' title='bbox 1015 921 1279 960; x_wconf 76' lang='lat' dir='ltr'>occasione.</span> 
     </span>
    </p>

    <p class='ocr_par' dir='ltr' id='par_1_3' title="bbox 153 991 1805 3107">
     <span class='ocr_line' id='line_1_11' title="bbox 235 991 1785 1047; baseline -0.003 -10"><span class='ocrx_word' id='word_1_72' title='bbox 235 996 336 1036; x_wconf 91' lang='lat' dir='ltr'>Hac</span> <span class='ocrx_word' id='word_1_73' title='bbox 371 1008 452 1047; x_wconf 89' lang='lat' dir='ltr'>spe</span> <span class='ocrx_word' id='word_1_74' title='bbox 479 995 621 1045; x_wconf 90' lang='lat' dir='ltr'>igitur</span> <span class='ocrx_word' id='word_1_75' title='bbox 647 993 878 1043; x_wconf 85' lang='lat' dir='ltr'>frustrati,</span> <span class='ocrx_word' id='word_1_76' title='bbox 908 1004 934 1031; x_wconf 90' lang='lat' dir='ltr'>a</span> <span class='ocrx_word' id='word_1_77' title='bbox 962 991 1139 1032; x_wconf 84' lang='lat' dir='ltr'>Senatu</span> <span class='ocrx_word' id='word_1_78' title='bbox 1172 991 1408 1032; x_wconf 81' lang='lat' dir='ltr'>facultatis</span> <span class='ocrx_word' id='word_1_79' title='bbox 1442 992 1651 1043; x_wconf 88' lang='lat' dir='ltr'>erigendi</span> <span class='ocrx_word' id='word_1_80' title='bbox 1687 992 1785 1033; x_wconf 92' lang='lat' dir='ltr'>Col-</span> 
     </span>
     <span class='ocr_line' id='line_1_12' title="bbox 153 1062 1787 1119; baseline -0.003 -11"><span class='ocrx_word' id='word_1_81' title='bbox 153 1067 264 1119; x_wconf 87' lang='lat' dir='ltr'>legii</span> <span class='ocrx_word' id='word_1_82' title='bbox 298 1066 576 1116; x_wconf 84' lang='lat' dir='ltr'>suffragium</span> <span class='ocrx_word' id='word_1_83' title='bbox 603 1076 801 1105; x_wconf 83' lang='lat' dir='ltr'>exorare</span> <span class='ocrx_word' id='word_1_84' title='bbox 829 1063 1088 1114; x_wconf 78' lang='lat' dir='ltr'>pergimUS,</span> <span class='ocrx_word' id='word_1_85' title='bbox 1119 1063 1247 1102; x_wconf 90' lang='lat' dir='ltr'>nacti</span> <span class='ocrx_word' id='word_1_86' title='bbox 1274 1062 1362 1102; x_wconf 88' lang='lat' dir='ltr'>Dei</span> <span class='ocrx_word' id='word_1_87' title='bbox 1393 1063 1603 1113; x_wconf 87' lang='lat' dir='ltr'>auspicio</span> <span class='ocrx_word' id='word_1_88' title='bbox 1632 1063 1787 1104; x_wconf 88' lang='lat' dir='ltr'>Consi-</span> 
     </span>
     <span class='ocr_line' id='line_1_13' title="bbox 153 1135 1789 1188; baseline -0.004 -9"><span class='ocrx_word' id='word_1_89' title='bbox 153 1139 357 1188; x_wconf 88' lang='lat' dir='ltr'>liarium,</span> <span class='ocrx_word' id='word_1_90' title='bbox 381 1149 405 1177; x_wconf 86' lang='lat' dir='ltr'>a</span> <span class='ocrx_word' id='word_1_91' title='bbox 431 1136 605 1177; x_wconf 83' lang='lat' dir='ltr'>Senatu</span> <span class='ocrx_word' id='word_1_92' title='bbox 626 1137 672 1176; x_wconf 92' lang='lat' dir='ltr'>in</span> <span class='ocrx_word' id='word_1_93' title='bbox 699 1141 888 1175; x_wconf 89' lang='lat' dir='ltr'>nostrae</span> <span class='ocrx_word' id='word_1_94' title='bbox 915 1145 1086 1174; x_wconf 89' lang='lat' dir='ltr'>causae</span> <span class='ocrx_word' id='word_1_95' title='bbox 1113 1140 1365 1185; x_wconf 88' lang='lat' dir='ltr'>patronum</span> <span class='ocrx_word' id='word_1_96' title='bbox 1396 1135 1614 1184; x_wconf 88' lang='lat' dir='ltr'>electum,</span> <span class='ocrx_word' id='word_1_97' title='bbox 1648 1146 1789 1186; x_wconf 89' lang='lat' dir='ltr'>supra</span> 
     </span>
     <span class='ocr_line' id='line_1_14' title="bbox 154 1204 1789 1261; baseline -0.003 -11"><span class='ocrx_word' id='word_1_98' title='bbox 154 1221 285 1261; x_wconf 89' lang='lat' dir='ltr'>spem</span> <span class='ocrx_word' id='word_1_99' title='bbox 319 1209 466 1248; x_wconf 89' lang='lat' dir='ltr'>nostri</span> <span class='ocrx_word' id='word_1_100' title='bbox 493 1207 668 1258; x_wconf 88' lang='lat' dir='ltr'>negotii</span> <span class='ocrx_word' id='word_1_101' title='bbox 698 1212 992 1257; x_wconf 84' lang='lat' dir='ltr'>satagentem</span> <span class='ocrx_word' id='word_1_102' title='bbox 1023 1217 1079 1245; x_wconf 91' lang='lat' dir='ltr'>ac</span> <span class='ocrx_word' id='word_1_103' title='bbox 1108 1205 1251 1257; x_wconf 88' lang='lat' dir='ltr'>probe</span> <span class='ocrx_word' id='word_1_104' title='bbox 1279 1205 1403 1256; x_wconf 89' lang='lat' dir='ltr'>apud</span> <span class='ocrx_word' id='word_1_105' title='bbox 1430 1204 1653 1246; x_wconf 82' lang='lat' dir='ltr'>Senatum</span> <span class='ocrx_word' id='word_1_106' title='bbox 1683 1218 1789 1246; x_wconf 93' lang='lat' dir='ltr'>con-</span> 
     </span>
     <span class='ocr_line' id='line_1_15' title="bbox 155 1276 1788 1329; baseline -0.002 -8"><span class='ocrx_word' id='word_1_107' title='bbox 155 1281 416 1321; x_wconf 83' lang='lat' dir='ltr'>troversiae</span> <span class='ocrx_word' id='word_1_108' title='bbox 438 1285 628 1319; x_wconf 87' lang='lat' dir='ltr'>nostrae</span> <span class='ocrx_word' id='word_1_109' title='bbox 651 1277 965 1329; x_wconf 88' lang='lat' dir='ltr'>patrocinium</span> <span class='ocrx_word' id='word_1_110' title='bbox 991 1282 1247 1327; x_wconf 87' lang='lat' dir='ltr'>gerentem.</span> <span class='ocrx_word' id='word_1_111' title='bbox 1271 1276 1355 1316; x_wconf 88' lang='lat' dir='ltr'>Cui</span> <span class='ocrx_word' id='word_1_112' title='bbox 1376 1276 1607 1316; x_wconf 84' lang='lat' dir='ltr'>Dominus</span> <span class='ocrx_word' id='word_1_113' title='bbox 1637 1277 1683 1316; x_wconf 94' lang='lat' dir='ltr'>in</span> <span class='ocrx_word' id='word_1_114' title='bbox 1715 1288 1788 1317; x_wconf 84' lang='lat' dir='ltr'>ex-</span> 
     </span>
     <span class='ocr_line' id='line_1_16' title="bbox 155 1347 1790 1401; baseline -0.002 -10"><span class='ocrx_word' id='word_1_115' title='bbox 155 1358 307 1391; x_wconf 90' lang='lat' dir='ltr'>tremo</span> <span class='ocrx_word' id='word_1_116' title='bbox 345 1351 515 1390; x_wconf 89' lang='lat' dir='ltr'>iudicio</span> <span class='ocrx_word' id='word_1_117' title='bbox 554 1349 785 1401; x_wconf 91' lang='lat' dir='ltr'>propitius</span> <span class='ocrx_word' id='word_1_118' title='bbox 829 1359 930 1387; x_wconf 90' lang='lat' dir='ltr'>esse</span> <span class='ocrx_word' id='word_1_119' title='bbox 977 1347 1210 1397; x_wconf 85' lang='lat' dir='ltr'>dignetur.</span> <span class='ocrx_word' id='word_1_120' title='bbox 1258 1347 1395 1387; x_wconf 86' lang='lat' dir='ltr'>Pater</span> <span class='ocrx_word' id='word_1_121' title='bbox 1434 1348 1641 1399; x_wconf 80' lang='lat' dir='ltr'>interim,</span> <span class='ocrx_word' id='word_1_122' title='bbox 1684 1354 1790 1388; x_wconf 90' lang='lat' dir='ltr'>ante</span> 
     </span>
     <span class='ocr_line' id='line_1_17' title="bbox 158 1417 1791 1473; baseline -0.002 -10"><span class='ocrx_word' id='word_1_123' title='bbox 158 1423 305 1463; x_wconf 88' lang='lat' dir='ltr'>nostri</span> <span class='ocrx_word' id='word_1_124' title='bbox 326 1422 502 1473; x_wconf 91' lang='lat' dir='ltr'>negotii</span> <span class='ocrx_word' id='word_1_125' title='bbox 524 1420 816 1460; x_wconf 87' lang='lat' dir='ltr'>iudiciariam</span> <span class='ocrx_word' id='word_1_126' title='bbox 832 1419 1196 1469; x_wconf 87' lang='lat' dir='ltr'>discussionem,</span> <span class='ocrx_word' id='word_1_127' title='bbox 1216 1417 1495 1459; x_wconf 83' lang='lat' dir='ltr'>Primarium</span> <span class='ocrx_word' id='word_1_128' title='bbox 1522 1419 1791 1460; x_wconf 85' lang='lat' dir='ltr'>Praesidem</span> 
     </span>
     <span class='ocr_line' id='line_1_18' title="bbox 163 1489 1792 1542; baseline -0.002 -9"><span class='ocrx_word' id='word_1_129' title='bbox 163 1500 208 1533; x_wconf 94' lang='lat' dir='ltr'>et</span> <span class='ocrx_word' id='word_1_130' title='bbox 234 1493 487 1542; x_wconf 86' lang='lat' dir='ltr'>Consules,</span> <span class='ocrx_word' id='word_1_131' title='bbox 521 1492 576 1531; x_wconf 85' lang='lat' dir='ltr'>de</span> <span class='ocrx_word' id='word_1_132' title='bbox 605 1502 803 1541; x_wconf 90' lang='lat' dir='ltr'>quorum</span> <span class='ocrx_word' id='word_1_133' title='bbox 829 1489 1091 1541; x_wconf 88' lang='lat' dir='ltr'>patrocinio</span> <span class='ocrx_word' id='word_1_134' title='bbox 1122 1500 1230 1540; x_wconf 90' lang='lat' dir='ltr'>spes</span> <span class='ocrx_word' id='word_1_135' title='bbox 1256 1490 1389 1529; x_wconf 88' lang='lat' dir='ltr'>nobis</span> <span class='ocrx_word' id='word_1_136' title='bbox 1420 1490 1575 1541; x_wconf 88' lang='lat' dir='ltr'>aliqua</span> <span class='ocrx_word' id='word_1_137' title='bbox 1603 1490 1792 1542; x_wconf 84' lang='lat' dir='ltr'>affulge-</span> 
     </span>
     <span class='ocr_line' id='line_1_19' title="bbox 162 1559 1792 1615; baseline -0.002 -11"><span class='ocrx_word' id='word_1_138' title='bbox 162 1566 260 1615; x_wconf 90' lang='lat' dir='ltr'>bat,</span> <span class='ocrx_word' id='word_1_139' title='bbox 286 1563 543 1603; x_wconf 88' lang='lat' dir='ltr'>amicorum</span> <span class='ocrx_word' id='word_1_140' title='bbox 564 1562 759 1602; x_wconf 88' lang='lat' dir='ltr'>consilio</span> <span class='ocrx_word' id='word_1_141' title='bbox 781 1566 825 1601; x_wconf 91' lang='lat' dir='ltr'>et</span> <span class='ocrx_word' id='word_1_142' title='bbox 847 1560 1019 1600; x_wconf 76' lang='lat' dir='ltr'>auxilio</span> <span class='ocrx_word' id='word_1_143' title='bbox 1043 1572 1153 1600; x_wconf 91' lang='lat' dir='ltr'>usus</span> <span class='ocrx_word' id='word_1_144' title='bbox 1184 1561 1405 1611; x_wconf 88' lang='lat' dir='ltr'>accessit,</span> <span class='ocrx_word' id='word_1_145' title='bbox 1438 1559 1687 1601; x_wconf 91' lang='lat' dir='ltr'>Societatis</span> <span class='ocrx_word' id='word_1_146' title='bbox 1716 1574 1792 1601; x_wconf 87' lang='lat' dir='ltr'>ne-</span> 
     </span>
     <span class='ocr_line' id='line_1_20' title="bbox 161 1631 1794 1687; baseline -0.001 -12"><span class='ocrx_word' id='word_1_147' title='bbox 161 1636 342 1687; x_wconf 90' lang='lat' dir='ltr'>gotium</span> <span class='ocrx_word' id='word_1_148' title='bbox 382 1634 556 1675; x_wconf 90' lang='lat' dir='ltr'>eisdem</span> <span class='ocrx_word' id='word_1_149' title='bbox 597 1632 1024 1674; x_wconf 89' lang='lat' dir='ltr'>commendaturus.</span> <span class='ocrx_word' id='word_1_150' title='bbox 1065 1631 1116 1672; x_wconf 92' lang='lat' dir='ltr'>In</span> <span class='ocrx_word' id='word_1_151' title='bbox 1156 1632 1286 1672; x_wconf 89' lang='lat' dir='ltr'>cuius</span> <span class='ocrx_word' id='word_1_152' title='bbox 1327 1633 1499 1672; x_wconf 81' lang='lat' dir='ltr'>laboris</span> <span class='ocrx_word' id='word_1_153' title='bbox 1539 1633 1794 1673; x_wconf 88' lang='lat' dir='ltr'>subsidium</span> 
     </span>
     <span class='ocr_line' id='line_1_21' title="bbox 163 1703 1794 1756; baseline -0.002 -10"><span class='ocrx_word' id='word_1_154' title='bbox 163 1706 536 1747; x_wconf 77' lang='lat' dir='ltr'>Reverendiss.us</span> <span class='ocrx_word' id='word_1_155' title='bbox 564 1705 826 1756; x_wconf 88' lang='lat' dir='ltr'>Episcopus</span> <span class='ocrx_word' id='word_1_156' title='bbox 855 1703 1175 1754; x_wconf 90' lang='lat' dir='ltr'>Sacellanum,</span> <span class='ocrx_word' id='word_1_157' title='bbox 1206 1704 1283 1755; x_wconf 83' lang='lat' dir='ltr'>qui</span> <span class='ocrx_word' id='word_1_158' title='bbox 1304 1704 1392 1755; x_wconf 88' lang='lat' dir='ltr'>ipsi</span> <span class='ocrx_word' id='word_1_159' title='bbox 1413 1716 1595 1756; x_wconf 82' lang='lat' dir='ltr'>quoque</span> <span class='ocrx_word' id='word_1_160' title='bbox 1616 1711 1716 1745; x_wconf 88' lang='lat' dir='ltr'>erat</span> <span class='ocrx_word' id='word_1_161' title='bbox 1739 1705 1794 1745; x_wconf 90' lang='lat' dir='ltr'>ab</span> 
     </span>
     <span class='ocr_line' id='line_1_22' title="bbox 157 1773 1796 1828; baseline -0.001 -10"><span class='ocrx_word' id='word_1_162' title='bbox 157 1777 489 1828; x_wconf 87' lang='lat' dir='ltr'>eleemosynis,</span> <span class='ocrx_word' id='word_1_163' title='bbox 526 1777 624 1816; x_wconf 88' lang='lat' dir='ltr'>vita</span> <span class='ocrx_word' id='word_1_164' title='bbox 657 1782 763 1827; x_wconf 92' lang='lat' dir='ltr'>post</span> <span class='ocrx_word' id='word_1_165' title='bbox 798 1774 1087 1825; x_wconf 84' lang='lat' dir='ltr'>defunctum,</span> <span class='ocrx_word' id='word_1_166' title='bbox 1124 1773 1252 1814; x_wconf 86' lang='lat' dir='ltr'>Patri</span> <span class='ocrx_word' id='word_1_167' title='bbox 1287 1775 1507 1814; x_wconf 89' lang='lat' dir='ltr'>comitem</span> <span class='ocrx_word' id='word_1_168' title='bbox 1541 1776 1796 1826; x_wconf 88' lang='lat' dir='ltr'>adiungere</span> 
     </span>
     <span class='ocr_line' id='line_1_23' title="bbox 164 1845 1795 1900; baseline -0.001 -11"><span class='ocrx_word' id='word_1_169' title='bbox 164 1849 384 1900; x_wconf 86' lang='lat' dir='ltr'>dignatus</span> <span class='ocrx_word' id='word_1_170' title='bbox 405 1855 494 1897; x_wconf 89' lang='lat' dir='ltr'>est,</span> <span class='ocrx_word' id='word_1_171' title='bbox 519 1859 578 1886; x_wconf 79' lang='lat' dir='ltr'>ex</span> <span class='ocrx_word' id='word_1_172' title='bbox 596 1858 687 1898; x_wconf 85' lang='lat' dir='ltr'>quo</span> <span class='ocrx_word' id='word_1_173' title='bbox 708 1846 959 1898; x_wconf 87' lang='lat' dir='ltr'>peculiaris</span> <span class='ocrx_word' id='word_1_174' title='bbox 980 1857 1094 1896; x_wconf 90' lang='lat' dir='ltr'>erga</span> <span class='ocrx_word' id='word_1_175' title='bbox 1116 1857 1202 1885; x_wconf 91' lang='lat' dir='ltr'>nos</span> <span class='ocrx_word' id='word_1_176' title='bbox 1223 1845 1421 1886; x_wconf 84' lang='lat' dir='ltr'>affectus</span> <span class='ocrx_word' id='word_1_177' title='bbox 1442 1846 1587 1897; x_wconf 90' lang='lat' dir='ltr'>ipsius</span> <span class='ocrx_word' id='word_1_178' title='bbox 1611 1847 1795 1887; x_wconf 89' lang='lat' dir='ltr'>eviden-</span> 
     </span>
     <span class='ocr_line' id='line_1_24' title="bbox 162 1916 1796 1968; baseline -0.001 -8"><span class='ocrx_word' id='word_1_179' title='bbox 162 1920 339 1960; x_wconf 85' lang='lat' dir='ltr'>tissime</span> <span class='ocrx_word' id='word_1_180' title='bbox 362 1920 524 1958; x_wconf 91' lang='lat' dir='ltr'>elucet.</span> <span class='ocrx_word' id='word_1_181' title='bbox 551 1917 693 1958; x_wconf 89' lang='lat' dir='ltr'>Cuius</span> <span class='ocrx_word' id='word_1_182' title='bbox 716 1916 1019 1966; x_wconf 83' lang='lat' dir='ltr'>domesticus,</span> <span class='ocrx_word' id='word_1_183' title='bbox 1053 1916 1233 1956; x_wconf 90' lang='lat' dir='ltr'>Doctor</span> <span class='ocrx_word' id='word_1_184' title='bbox 1260 1917 1527 1968; x_wconf 89' lang='lat' dir='ltr'>theologus,</span> <span class='ocrx_word' id='word_1_185' title='bbox 1559 1918 1693 1957; x_wconf 90' lang='lat' dir='ltr'>nobis</span> <span class='ocrx_word' id='word_1_186' title='bbox 1722 1930 1796 1958; x_wconf 86' lang='lat' dir='ltr'>au-</span> 
     </span>
     <span class='ocr_line' id='line_1_25' title="bbox 164 1988 1797 2042; baseline -0.001 -11"><span class='ocrx_word' id='word_1_187' title='bbox 164 1997 264 2031; x_wconf 89' lang='lat' dir='ltr'>ctor</span> <span class='ocrx_word' id='word_1_188' title='bbox 294 1990 466 2041; x_wconf 78' lang='lat' dir='ltr'>extitit,</span> <span class='ocrx_word' id='word_1_189' title='bbox 497 1996 545 2029; x_wconf 90' lang='lat' dir='ltr'>ut</span> <span class='ocrx_word' id='word_1_190' title='bbox 574 1988 874 2040; x_wconf 87' lang='lat' dir='ltr'>Reipublicae</span> <span class='ocrx_word' id='word_1_191' title='bbox 910 2000 1052 2028; x_wconf 89' lang='lat' dir='ltr'>onera</span> <span class='ocrx_word' id='word_1_192' title='bbox 1084 1989 1387 2028; x_wconf 89' lang='lat' dir='ltr'>causantibus</span> <span class='ocrx_word' id='word_1_193' title='bbox 1415 1989 1657 2040; x_wconf 91' lang='lat' dir='ltr'>minusque</span> <span class='ocrx_word' id='word_1_194' title='bbox 1685 2002 1797 2042; x_wconf 86' lang='lat' dir='ltr'>erga</span> 
     </span>
     <span class='ocr_line' id='line_1_26' title="bbox 164 2059 1796 2112; baseline -0.001 -9"><span class='ocrx_word' id='word_1_195' title='bbox 164 2061 411 2103; x_wconf 85' lang='lat' dir='ltr'>Societatis</span> <span class='ocrx_word' id='word_1_196' title='bbox 446 2060 759 2112; x_wconf 86' lang='lat' dir='ltr'>patrocinium</span> <span class='ocrx_word' id='word_1_197' title='bbox 797 2059 1044 2111; x_wconf 88' lang='lat' dir='ltr'>propensis</span> <span class='ocrx_word' id='word_1_198' title='bbox 1079 2060 1237 2110; x_wconf 85' lang='lat' dir='ltr'>palam</span> <span class='ocrx_word' id='word_1_199' title='bbox 1263 2071 1319 2099; x_wconf 93' lang='lat' dir='ltr'>ac</span> <span class='ocrx_word' id='word_1_200' title='bbox 1349 2059 1492 2100; x_wconf 91' lang='lat' dir='ltr'>libere</span> <span class='ocrx_word' id='word_1_201' title='bbox 1521 2062 1796 2111; x_wconf 88' lang='lat' dir='ltr'>persuadea-</span> 
     </span>
     <span class='ocr_line' id='line_1_27' title="bbox 164 2131 1800 2184; baseline -0.001 -10"><span class='ocrx_word' id='word_1_202' title='bbox 164 2145 267 2174; x_wconf 91' lang='lat' dir='ltr'>mus</span> <span class='ocrx_word' id='word_1_203' title='bbox 295 2133 485 2173; x_wconf 91' lang='lat' dir='ltr'>Domini</span> <span class='ocrx_word' id='word_1_204' title='bbox 514 2131 736 2184; x_wconf 86' lang='lat' dir='ltr'>Episcopi</span> <span class='ocrx_word' id='word_1_205' title='bbox 761 2132 1053 2171; x_wconf 83' lang='lat' dir='ltr'>voluntatem</span> <span class='ocrx_word' id='word_1_206' title='bbox 1080 2131 1224 2171; x_wconf 88' lang='lat' dir='ltr'>solius</span> <span class='ocrx_word' id='word_1_207' title='bbox 1252 2131 1415 2171; x_wconf 89' lang='lat' dir='ltr'>domus</span> <span class='ocrx_word' id='word_1_208' title='bbox 1441 2131 1667 2172; x_wconf 88' lang='lat' dir='ltr'>hactenus</span> <span class='ocrx_word' id='word_1_209' title='bbox 1698 2145 1800 2184; x_wconf 90' lang='lat' dir='ltr'>pro-</span> 
     </span>
     <span class='ocr_line' id='line_1_28' title="bbox 165 2202 1800 2249; baseline 0 -5"><span class='ocrx_word' id='word_1_210' title='bbox 165 2205 339 2245; x_wconf 85' lang='lat' dir='ltr'>missae</span> <span class='ocrx_word' id='word_1_211' title='bbox 362 2203 612 2243; x_wconf 87' lang='lat' dir='ltr'>donatione</span> <span class='ocrx_word' id='word_1_212' title='bbox 634 2208 903 2243; x_wconf 89' lang='lat' dir='ltr'>contentam</span> <span class='ocrx_word' id='word_1_213' title='bbox 922 2202 1109 2242; x_wconf 89' lang='lat' dir='ltr'>minime</span> <span class='ocrx_word' id='word_1_214' title='bbox 1131 2202 1250 2249; x_wconf 86' lang='lat' dir='ltr'>fore,</span> <span class='ocrx_word' id='word_1_215' title='bbox 1282 2202 1362 2242; x_wconf 90' lang='lat' dir='ltr'>sed</span> <span class='ocrx_word' id='word_1_216' title='bbox 1393 2203 1604 2243; x_wconf 85' lang='lat' dir='ltr'>eamdem</span> <span class='ocrx_word' id='word_1_217' title='bbox 1625 2210 1800 2244; x_wconf 86' lang='lat' dir='ltr'>trecen-</span> 
     </span>
     <span class='ocr_line' id='line_1_29' title="bbox 168 2272 1799 2325; baseline 0 -10"><span class='ocrx_word' id='word_1_218' title='bbox 168 2281 323 2315; x_wconf 91' lang='lat' dir='ltr'>torum</span> <span class='ocrx_word' id='word_1_219' title='bbox 357 2280 437 2314; x_wconf 89' lang='lat' dir='ltr'>aut</span> <span class='ocrx_word' id='word_1_220' title='bbox 476 2273 925 2325; x_wconf 88' lang='lat' dir='ltr'>quadringentorum</span> <span class='ocrx_word' id='word_1_221' title='bbox 963 2272 1234 2313; x_wconf 86' lang='lat' dir='ltr'>francorum</span> <span class='ocrx_word' id='word_1_222' title='bbox 1272 2285 1427 2313; x_wconf 92' lang='lat' dir='ltr'>annuo</span> <span class='ocrx_word' id='word_1_223' title='bbox 1462 2274 1645 2314; x_wconf 84' lang='lat' dir='ltr'>redditu</span> <span class='ocrx_word' id='word_1_224' title='bbox 1678 2276 1799 2315; x_wconf 92' lang='lat' dir='ltr'>locu-</span> 
     </span>
     <span class='ocr_line' id='line_1_30' title="bbox 169 2342 1802 2398; baseline 0 -13"><span class='ocrx_word' id='word_1_225' title='bbox 169 2345 437 2398; x_wconf 88' lang='lat' dir='ltr'>pletandam</span> <span class='ocrx_word' id='word_1_226' title='bbox 457 2345 663 2396; x_wconf 91' lang='lat' dir='ltr'>gratuito</span> <span class='ocrx_word' id='word_1_227' title='bbox 685 2344 893 2384; x_wconf 91' lang='lat' dir='ltr'>eiusdem</span> <span class='ocrx_word' id='word_1_228' title='bbox 922 2342 1111 2383; x_wconf 90' lang='lat' dir='ltr'>Domini</span> <span class='ocrx_word' id='word_1_229' title='bbox 1137 2343 1359 2395; x_wconf 86' lang='lat' dir='ltr'>Episcopi</span> <span class='ocrx_word' id='word_1_230' title='bbox 1388 2344 1634 2385; x_wconf 88' lang='lat' dir='ltr'>beneficio:</span> <span class='ocrx_word' id='word_1_231' title='bbox 1666 2345 1802 2385; x_wconf 86' lang='lat' dir='ltr'>facile</span> 
     </span>
     <span class='ocr_line' id='line_1_31' title="bbox 169 2414 1802 2466; baseline -0.001 -9"><span class='ocrx_word' id='word_1_232' title='bbox 169 2417 216 2458; x_wconf 91' lang='lat' dir='ltr'>id</span> <span class='ocrx_word' id='word_1_233' title='bbox 236 2416 372 2456; x_wconf 90' lang='lat' dir='ltr'>nobis</span> <span class='ocrx_word' id='word_1_234' title='bbox 392 2415 664 2466; x_wconf 85' lang='lat' dir='ltr'>persuaderi</span> <span class='ocrx_word' id='word_1_235' title='bbox 686 2414 843 2465; x_wconf 89' lang='lat' dir='ltr'>debet,</span> <span class='ocrx_word' id='word_1_236' title='bbox 867 2414 1070 2466; x_wconf 87' lang='lat' dir='ltr'>quando,</span> <span class='ocrx_word' id='word_1_237' title='bbox 1094 2415 1236 2455; x_wconf 91' lang='lat' dir='ltr'>etiam</span> <span class='ocrx_word' id='word_1_238' title='bbox 1267 2421 1373 2455; x_wconf 89' lang='lat' dir='ltr'>ante</span> <span class='ocrx_word' id='word_1_239' title='bbox 1403 2415 1673 2455; x_wconf 85' lang='lat' dir='ltr'>facultatem</span> <span class='ocrx_word' id='word_1_240' title='bbox 1702 2415 1802 2456; x_wconf 90' lang='lat' dir='ltr'>Col-</span> 
     </span>
     <span class='ocr_line' id='line_1_32' title="bbox 168 2485 1802 2538; baseline 0 -11"><span class='ocrx_word' id='word_1_241' title='bbox 168 2487 280 2538; x_wconf 89' lang='lat' dir='ltr'>legii</span> <span class='ocrx_word' id='word_1_242' title='bbox 300 2486 545 2526; x_wconf 79' lang='lat' dir='ltr'>extruendi</span> <span class='ocrx_word' id='word_1_243' title='bbox 566 2486 823 2536; x_wconf 91' lang='lat' dir='ltr'>obtentam,</span> <span class='ocrx_word' id='word_1_244' title='bbox 846 2485 1084 2536; x_wconf 88' lang='lat' dir='ltr'>fratribus,</span> <span class='ocrx_word' id='word_1_245' title='bbox 1110 2486 1157 2525; x_wconf 93' lang='lat' dir='ltr'>in</span> <span class='ocrx_word' id='word_1_246' title='bbox 1178 2486 1350 2526; x_wconf 90' lang='lat' dir='ltr'>iustum</span> <span class='ocrx_word' id='word_1_247' title='bbox 1371 2498 1615 2526; x_wconf 90' lang='lat' dir='ltr'>numerum</span> <span class='ocrx_word' id='word_1_248' title='bbox 1646 2499 1802 2527; x_wconf 80' lang='lat' dir='ltr'>excre-</span> 
     </span>
     <span class='ocr_line' id='line_1_33' title="bbox 167 2556 1801 2607; baseline -0.001 -8"><span class='ocrx_word' id='word_1_249' title='bbox 167 2558 426 2605; x_wconf 91' lang='lat' dir='ltr'>scentibus,</span> <span class='ocrx_word' id='word_1_250' title='bbox 463 2557 539 2596; x_wconf 88' lang='lat' dir='ltr'>hic</span> <span class='ocrx_word' id='word_1_251' title='bbox 568 2556 615 2596; x_wconf 91' lang='lat' dir='ltr'>in</span> <span class='ocrx_word' id='word_1_252' title='bbox 644 2556 796 2596; x_wconf 92' lang='lat' dir='ltr'>studio</span> <span class='ocrx_word' id='word_1_253' title='bbox 826 2556 1018 2607; x_wconf 89' lang='lat' dir='ltr'>alendis,</span> <span class='ocrx_word' id='word_1_254' title='bbox 1042 2562 1359 2597; x_wconf 88' lang='lat' dir='ltr'>trecentorum</span> <span class='ocrx_word' id='word_1_255' title='bbox 1386 2557 1657 2597; x_wconf 87' lang='lat' dir='ltr'>francorum</span> <span class='ocrx_word' id='word_1_256' title='bbox 1683 2569 1801 2598; x_wconf 92' lang='lat' dir='ltr'>sum-</span> 
     </span>
     <span class='ocr_line' id='line_1_34' title="bbox 168 2626 1802 2679; baseline 0 -10"><span class='ocrx_word' id='word_1_257' title='bbox 168 2641 296 2669; x_wconf 90' lang='lat' dir='ltr'>mam</span> <span class='ocrx_word' id='word_1_258' title='bbox 328 2627 523 2678; x_wconf 89' lang='lat' dir='ltr'>singulis</span> <span class='ocrx_word' id='word_1_259' title='bbox 557 2627 719 2677; x_wconf 92' lang='lat' dir='ltr'>annis,</span> <span class='ocrx_word' id='word_1_260' title='bbox 756 2638 902 2678; x_wconf 88' lang='lat' dir='ltr'>usque</span> <span class='ocrx_word' id='word_1_261' title='bbox 938 2626 996 2666; x_wconf 91' lang='lat' dir='ltr'>ad</span> <span class='ocrx_word' id='word_1_262' title='bbox 1039 2627 1236 2679; x_wconf 89' lang='lat' dir='ltr'>Collegii</span> <span class='ocrx_word' id='word_1_263' title='bbox 1271 2628 1553 2668; x_wconf 90' lang='lat' dir='ltr'>erectionem</span> <span class='ocrx_word' id='word_1_264' title='bbox 1586 2629 1802 2669; x_wconf 91' lang='lat' dir='ltr'>submini—</span> 
     </span>
     <span class='ocr_line' id='line_1_35' title="bbox 170 2697 1803 2750; baseline 0.001 -11"><span class='ocrx_word' id='word_1_265' title='bbox 170 2700 435 2748; x_wconf 88' lang='lat' dir='ltr'>strandam,</span> <span class='ocrx_word' id='word_1_266' title='bbox 471 2697 601 2738; x_wconf 86' lang='lat' dir='ltr'>Patri</span> <span class='ocrx_word' id='word_1_267' title='bbox 634 2697 889 2737; x_wconf 87' lang='lat' dir='ltr'>Paschasio</span> <span class='ocrx_word' id='word_1_268' title='bbox 924 2698 1206 2749; x_wconf 92' lang='lat' dir='ltr'>promiserit.</span> <span class='ocrx_word' id='word_1_269' title='bbox 1247 2698 1381 2738; x_wconf 86' lang='lat' dir='ltr'>Adde</span> <span class='ocrx_word' id='word_1_270' title='bbox 1416 2698 1562 2750; x_wconf 85' lang='lat' dir='ltr'>quod,</span> <span class='ocrx_word' id='word_1_271' title='bbox 1600 2711 1743 2750; x_wconf 91' lang='lat' dir='ltr'>quum</span> <span class='ocrx_word' id='word_1_272' title='bbox 1777 2713 1803 2740; x_wconf 89' lang='lat' dir='ltr'>a</span> 
     </span>
     <span class='ocr_line' id='line_1_36' title="bbox 171 2769 1804 2823; baseline 0 -12"><span class='ocrx_word' id='word_1_273' title='bbox 171 2771 310 2811; x_wconf 87' lang='lat' dir='ltr'>Patre</span> <span class='ocrx_word' id='word_1_274' title='bbox 332 2781 472 2821; x_wconf 91' lang='lat' dir='ltr'>super</span> <span class='ocrx_word' id='word_1_275' title='bbox 495 2769 683 2809; x_wconf 90' lang='lat' dir='ltr'>scholae</span> <span class='ocrx_word' id='word_1_276' title='bbox 705 2769 946 2819; x_wconf 87' lang='lat' dir='ltr'>apertione</span> <span class='ocrx_word' id='word_1_277' title='bbox 968 2770 1307 2820; x_wconf 85' lang='lat' dir='ltr'>consuleretur,</span> <span class='ocrx_word' id='word_1_278' title='bbox 1339 2770 1475 2809; x_wconf 85' lang='lat' dir='ltr'>hilari</span> <span class='ocrx_word' id='word_1_279' title='bbox 1495 2776 1804 2823; x_wconf 86' lang='lat' dir='ltr'>promptoque</span> 
     </span>
     <span class='ocr_line' id='line_1_37' title="bbox 170 2839 1805 2891; baseline 0.001 -10"><span class='ocrx_word' id='word_1_280' title='bbox 170 2841 343 2881; x_wconf 86' lang='lat' dir='ltr'>affectu</span> <span class='ocrx_word' id='word_1_281' title='bbox 382 2847 630 2891; x_wconf 86' lang='lat' dir='ltr'>utrumque</span> <span class='ocrx_word' id='word_1_282' title='bbox 670 2840 826 2879; x_wconf 91' lang='lat' dir='ltr'>calcar</span> <span class='ocrx_word' id='word_1_283' title='bbox 864 2839 993 2880; x_wconf 89' lang='lat' dir='ltr'>Patri</span> <span class='ocrx_word' id='word_1_284' title='bbox 1028 2840 1277 2891; x_wconf 88' lang='lat' dir='ltr'>addiderit,</span> <span class='ocrx_word' id='word_1_285' title='bbox 1320 2841 1614 2881; x_wconf 81' lang='lat' dir='ltr'>exhortando</span> <span class='ocrx_word' id='word_1_286' title='bbox 1651 2842 1805 2882; x_wconf 83' lang='lat' dir='ltr'>Patris</span> 
     </span>
     <span class='ocr_line' id='line_1_38' title="bbox 171 2910 1805 2964; baseline 0.001 -13"><span class='ocrx_word' id='word_1_287' title='bbox 171 2912 379 2951; x_wconf 89' lang='lat' dir='ltr'>animum</span> <span class='ocrx_word' id='word_1_288' title='bbox 409 2911 468 2951; x_wconf 89' lang='lat' dir='ltr'>ad</span> <span class='ocrx_word' id='word_1_289' title='bbox 499 2911 651 2962; x_wconf 90' lang='lat' dir='ltr'>coepti</span> <span class='ocrx_word' id='word_1_290' title='bbox 671 2910 854 2950; x_wconf 87' lang='lat' dir='ltr'>consilii</span> <span class='ocrx_word' id='word_1_291' title='bbox 881 2910 1220 2962; x_wconf 82' lang='lat' dir='ltr'>perfectionem</span> <span class='ocrx_word' id='word_1_292' title='bbox 1250 2917 1294 2951; x_wconf 90' lang='lat' dir='ltr'>et</span> <span class='ocrx_word' id='word_1_293' title='bbox 1321 2911 1585 2952; x_wconf 89' lang='lat' dir='ltr'>huiusmodi</span> <span class='ocrx_word' id='word_1_294' title='bbox 1612 2914 1805 2964; x_wconf 91' lang='lat' dir='ltr'>promis-</span> 
     </span>
     <span class='ocr_line' id='line_1_39' title="bbox 172 2980 1803 3035; baseline 0.001 -13"><span class='ocrx_word' id='word_1_295' title='bbox 172 2983 303 3022; x_wconf 91' lang='lat' dir='ltr'>sione</span> <span class='ocrx_word' id='word_1_296' title='bbox 338 2981 679 3022; x_wconf 89' lang='lat' dir='ltr'>confirmando:</span> <span class='ocrx_word' id='word_1_297' title='bbox 715 2981 731 2997; x_wconf 82' lang='lat'><strong>“</strong></span> <span class='ocrx_word' id='word_1_298' title='bbox 743 2980 791 3021; x_wconf 91' lang='lat' dir='ltr'>Si</span> <span class='ocrx_word' id='word_1_299' title='bbox 817 2981 930 3021; x_wconf 92' lang='lat' dir='ltr'>mihi</span> <span class='ocrx_word' id='word_1_300' title='bbox 962 2993 1087 3022; x_wconf 91' lang='lat' dir='ltr'>nunc</span> <span class='ocrx_word' id='word_1_301' title='bbox 1121 2982 1303 3022; x_wconf 88' lang='lat' dir='ltr'>animus</span> <span class='ocrx_word' id='word_1_302' title='bbox 1331 2990 1400 3022; x_wconf 89' lang='lat' dir='ltr'>est</span> <span class='ocrx_word' id='word_1_303' title='bbox 1427 2983 1563 3023; x_wconf 88' lang='lat' dir='ltr'>vobis</span> <span class='ocrx_word' id='word_1_304' title='bbox 1589 2984 1803 3035; x_wconf 84' lang='lat' dir='ltr'>simplam</span> 
     </span>
     <span class='ocr_line' id='line_1_40' title="bbox 174 3051 1804 3107; baseline 0.002 -15"><span class='ocrx_word' id='word_1_305' title='bbox 174 3054 438 3104; x_wconf 86' lang='lat' dir='ltr'>portionem</span> <span class='ocrx_word' id='word_1_306' title='bbox 461 3052 707 3104; x_wconf 89' lang='lat' dir='ltr'>erogandi,</span> <span class='ocrx_word' id='word_1_307' title='bbox 737 3051 982 3103; x_wconf 89' lang='lat' dir='ltr'>decuplam</span> <span class='ocrx_word' id='word_1_308' title='bbox 1013 3053 1208 3104; x_wconf 89' lang='lat' dir='ltr'>augebo,</span> <span class='ocrx_word' id='word_1_309' title='bbox 1238 3054 1277 3093; x_wconf 91' lang='lat' dir='ltr'>si</span> <span class='ocrx_word' id='word_1_310' title='bbox 1303 3059 1487 3093; x_wconf 83' lang='lat' dir='ltr'>vestros</span> <span class='ocrx_word' id='word_1_311' title='bbox 1513 3054 1697 3095; x_wconf 88' lang='lat' dir='ltr'>labores</span> <span class='ocrx_word' id='word_1_312' title='bbox 1727 3067 1804 3107; x_wconf 92' lang='lat' dir='ltr'>pu-</span> 
     </span>
    </p>
   </div>
  </div>
 </body>
</html>
