2168 3437
884 269 969 308 AN.
1000 268 1092 307 1554
1739 266 1805 302 551

173 369 308 422 Jesu‚
332 373 382 408 ut
403 368 517 418 scis,
540 368 763 408 sacerdos
785 368 914 408 solus
934 367 1126 407 relictus
1147 376 1272 414 sum,
1307 375 1467 404 omnes
1496 362 1647 403 audiri
1679 362 1805 402 nullo

172 438 311 479 modo
331 445 544 491 possent;
569 444 876 490 quapropter,
900 444 950 478 ut
971 437 1094 478 scias
1115 430 1353 477 Antistitis
1374 435 1461 474 nri.
1489 434 1496 452 ¹
1529 434 1807 474 charitatem

174 516 313 562 atque
336 510 499 550 salutis
522 510 786 549 animarum
806 510 958 549 zelum
989 520 1082 548 non
1112 508 1266 548 minus
1298 505 1484 558 quidem
1520 505 1602 545 sed
1630 505 1676 544 in
1707 504 1807 544 dies

174 581 328 632 magis
348 581 592 632 magisque
615 581 797 631 augeri,
822 592 881 620 ex
912 580 1008 620 suis
1042 578 1310 619 domesticis
1338 576 1661 617 sacerdotibus
1691 575 1807 614 duos

176 652 386 691 seniores
407 651 648 702 praefatus
668 651 881 691 Antistes
902 651 961 690 ad
982 662 1067 690 nos
1088 649 1234 699 misit,
1258 655 1308 688 ut
1325 648 1539 688 audirent
1557 645 1805 686 advenien-

174 723 291 763 tium
310 723 402 762 huc
424 722 763 762 confessiones:
787 721 1078 773 injunxitque
1098 720 1189 759 illis
1206 726 1254 759 ut
1270 719 1384 759 nihil
1402 718 1666 770 quicquam,
1686 717 1807 756 sicut

175 792 443 834 Servatoris
463 793 612 833 nostri
631 793 742 846 Jesu
764 792 930 844 Chxpi.
956 803 1011 831 ac
1032 790 1283 831 Societatis
1302 790 1413 843 Jesu
1435 796 1505 829 est
1526 788 1803 837 institutum,

175 876 260 916 pro
283 864 654 904 confessionibus
673 863 916 904 audiendis
947 862 1237 913 acciperent,
1269 860 1392 912 quod
1424 867 1468 900 et
1496 860 1671 899 factum
1702 870 1804 899 esse

175 935 332 976 credo.
355 935 490 975 Unde
512 942 556 975 et
577 946 749 985 magna
772 935 909 974 laude
931 933 1060 984 digni
1081 938 1188 973 sunt
1216 938 1355 983 atque
1385 931 1509 982 apud
1534 930 1688 970 Deum
1715 941 1805 970 me-

175 1012 338 1047 rentur
373 1006 590 1057 multum,
627 1006 905 1057 praesertim
939 1005 1079 1044 etiam
1108 1004 1147 1044 si
1182 1003 1495 1054 diligentiam,
1519 1002 1741 1053 pietatem
1762 1007 1807 1040 et

176 1077 474 1128 charitatem,
499 1089 590 1129 qua
611 1078 685 1117 usi
705 1085 833 1128 sunt,
857 1082 1062 1128 spectes3
1084 1086 1195 1115 nam
1215 1074 1275 1114 ad
1292 1073 1547 1114 secundam
1564 1084 1710 1124 usque
1726 1083 1805 1112 no-

176 1149 264 1189 ctis
284 1149 450 1189 horam
477 1148 489 1167 '³
512 1149 559 1188 in
579 1148 823 1189 audiendis
843 1148 1053 1188 virorum
1076 1145 1446 1186 confessionibus
1468 1155 1651 1184 mecum
1677 1143 1804 1183 labo-

177 1227 418 1260 raverunt.
443 1219 533 1260 Sed
555 1220 610 1259 de
631 1219 884 1271 praedictis
905 1216 1276 1258 confessionibus
1294 1214 1391 1267 jam
1412 1216 1543 1255 satis.

258 1290 504 1342 Reliquum
525 1296 595 1330 est
616 1296 665 1330 ut
687 1290 743 1330 de
777 1288 1156 1329 hebdomadariis
1192 1286 1562 1326 confessionibus
1596 1297 1651 1324 ac
1686 1296 1806 1324 com-

178 1362 474 1402 munionibus
495 1362 585 1401 hoc
606 1362 755 1401 solum
776 1361 951 1408 dicam,
975 1371 1163 1411 nempe:
1194 1358 1319 1410 quod
1349 1357 1462 1397 nulli
1488 1357 1678 1396 dubium
1705 1367 1807 1395 esse

179 1433 345 1473 debeat
367 1433 490 1484 quod
512 1432 831 1472 confitentium
851 1437 896 1471 et
917 1430 1364 1471 communicantium
1384 1440 1607 1468 numerus
1638 1438 1808 1478 augea-

180 1513 254 1543 tur
277 1504 323 1543 in
345 1503 464 1544 dies:
490 1510 628 1554 atque
651 1503 766 1543 adeo
787 1509 836 1542 ut
862 1503 910 1542 in
939 1501 1183 1542 audiendis
1215 1500 1587 1540 confessionibus
1614 1499 1808 1538 multum

176 1575 354 1626 negotii
374 1575 617 1625 haberem,
642 1574 782 1614 etiam
802 1574 842 1614 si
859 1574 934 1613 hic
955 1579 1050 1613 tres
1072 1579 1152 1612 aut
1172 1572 1330 1624 plures
1347 1576 1503 1611 essent
1520 1569 1805 1610 sacerdotes:

180 1652 224 1686 et
245 1646 334 1686 nisi
356 1657 506 1686 essem
529 1646 654 1686 solus
685 1645 761 1685 hic
787 1643 1030 1692 sacerdos,
1067 1643 1198 1683 multi
1231 1654 1326 1682 non
1362 1648 1644 1693 cogerentur
1678 1640 1808 1680 festis

179 1717 362 1768 diebus,
387 1723 436 1757 ut
458 1717 737 1768 quandoque
760 1715 976 1767 contigit,
1001 1715 1076 1754 vel
1097 1714 1232 1754 inviti
1254 1713 1632 1754 communionem
1653 1712 1727 1751 vel
1746 1711 1808 1751 di-

175 1788 274 1828 vini
294 1788 426 1828 verbi
450 1788 737 1828 auditionem
755 1786 1144 1838 praetermittere.
1169 1785 1408 1836 Rogemus
1430 1795 1543 1835 ergo
1567 1780 1808 1823 dominum

179 1859 345 1899 messis
366 1864 416 1899 ut
438 1859 590 1899 mittat
613 1858 875 1909 operarios,
900 1864 989 1898 etc.

256 1930 327 1970 De
348 1936 618 1970 nostrorum
638 1930 838 1970 fratrum
855 1929 1091 1969 exercitiis
1107 1940 1259 1980 pauca
1275 1939 1400 1968 nunc
1417 1926 1585 1967 dicam.
1605 1926 1812 1977 Quisque

178 2002 254 2041 vel
274 2001 515 2041 literarum
537 2001 703 2041 studiis
723 2001 799 2040 vel
821 2000 1090 2040 domesticis
1121 1999 1199 2039 dat
1222 2010 1417 2050 operam
1437 1998 1699 2047 exercitiis,
1738 1997 1813 2036 vel

180 2072 379 2112 docendi
410 2072 457 2112 in
487 2072 653 2112 studiis
682 2072 879 2123 publicis
910 2083 1101 2111 munere
1124 2070 1348 2122 fungitur.
1378 2069 1617 2110 Arnoldus
1637 2067 1651 2087 ³
1674 2067 1813 2119 majo-

180 2155 285 2183 rum
304 2155 558 2195 puerorum
575 2144 774 2183 classem
791 2143 979 2183 instruit
996 2143 1043 2182 in
1060 2142 1209 2182 literis
1225 2141 1594 2181 humanioribus.
1615 2140 1815 2180 Enricus

181 2215 452 2255 secundam.
478 2215 685 2255 Tertiam
711 2214 918 2267 joannes
945 2214 1181 2254 Antonius
1211 2213 1489 2265 eugubinus.
1526 2212 1598 2265 Jo.
1628 2210 1813 2251 Bonifa-

181 2286 280 2326 cius
300 2286 524 2326 ultimam.
549 2286 800 2326 Caeterum
819 2285 1026 2338 Joannes
1047 2284 1280 2325 Antonius
1308 2283 1570 2335 eugubinus
1588 2315 1595 2332 ,
1626 2287 1815 2333 praeter

181 2357 228 2397 id
249 2356 372 2409 quod
392 2357 588 2408 singulis
608 2356 828 2408 profestis
851 2357 973 2407 agit,
998 2356 1140 2396 etiam
1161 2367 1322 2395 coram
1344 2354 1559 2394 omnibus
1581 2353 1814 2393 dictarum

182 2428 403 2468 classium
436 2428 592 2479 pueris
624 2434 668 2468 et
704 2428 806 2468 aliis
840 2427 1120 2478 quibusdam
1149 2426 1380 2476 externis,
1411 2437 1527 2476 quos
1556 2425 1645 2464 viri
1674 2424 1812 2473 illiUS,

182 2510 323 2550 quam
338 2510 419 2550 per
439 2504 627 2538 nostras
647 2498 807 2538 literas
827 2498 972 2548 nosti,
997 2497 1383 2549 congregationis
1400 2496 1446 2536 in
1465 2496 1672 2536 moribus
1695 2495 1813 2534 chri-

182 2570 347 2610 stianis
379 2569 627 2609 instituunt
661 2567 698 2619 ⁴²,
737 2568 792 2608 de
814 2568 1055 2608 doctrinae
1086 2568 1371 2608 christianae
1400 2566 1675 2606 rudimentis
1702 2565 1816 2605 facit

183 2640 580 2688 exhortationem,
604 2651 745 2691 quam
766 2650 928 2679 omnes
948 2639 1080 2691 pueri
1101 2646 1144 2678 et
1166 2639 1256 2690 ipsi
1270 2638 1362 2678 viri
1378 2638 1523 2677 multa
1545 2648 1650 2677 cum
1678 2635 1816 2675 devo-

182 2712 308 2752 tione
328 2717 374 2751 et
396 2710 651 2750 attentione
673 2709 890 2760 audiunt,
928 2716 1068 2761 atque
1088 2708 1204 2749 adeo
1233 2715 1282 2749 ut
1305 2709 1394 2760 ipsi
1423 2708 1556 2760 pueri
1588 2707 1712 2759 apud
1738 2718 1815 2758 pa-

183 2790 340 2823 rentes
361 2793 470 2822 suos
491 2781 609 2821 haec
628 2781 775 2821 verba
797 2780 1032 2821 dictitent:
1051 2780 1114 2820 mi
1130 2785 1286 2831 pater,
1306 2779 1345 2819 si
1361 2784 1640 2831 praeceptor
1656 2786 1818 2818 noster

237 2944 247 2964 ¹
288 2943 447 2970 Andreae
462 2942 657 2977 Lipomani,
675 2940 811 2968 SSmae.
827 2940 1009 2968 Trinitatis
1024 2941 1159 2975 prioris.

238 2990 252 3009 ‘-'
291 2990 344 3017 Ad
359 2989 541 3018 secundam
555 2992 631 3024 post
645 2989 725 3016 solis
740 2995 898 3015 occasum
912 2987 1042 3015 horam.

238 3038 253 3058 3
290 3038 463 3066 Arnoldus
478 3037 645 3065 Conchus.
661 3036 749 3064 Vide
759 3036 932 3069 POLANCQ,
950 3035 1152 3068 chronicon,
1167 3039 1190 3063 t.
1206 3042 1256 3070 111,
1271 3043 1351 3070 pag.
1372 3035 1434 3062 122.

238 3086 253 3105 4
291 3085 379 3112 Vide
394 3092 509 3119 supra.
525 3089 549 3112 t.
566 3092 585 3117 1,
600 3091 678 3119 pag.
693 3083 756 3111 330.
