2168 3437
863 257 946 294 AN.
978 256 1070 294 1554
1734 254 1805 292 559

165 367 306 407 aegre
333 354 532 403 ferebat,
564 359 608 393 et
636 353 782 404 ipsius
811 364 1007 393 uxorem
1036 352 1133 404 jam
1158 352 1427 403 poenitebat
1458 352 1582 403 quod
1612 351 1801 391 veniam

162 425 363 467 abeundi
384 425 602 466 dedisset.
626 423 676 463 In
699 423 797 475 ejus
816 435 931 464 vero
953 423 1108 463 Patris
1134 422 1285 463 reditu
1314 433 1488 473 magna
1517 433 1624 474 spes
1657 421 1801 461 futuri

162 498 273 538 boni
299 497 504 549 reposita
532 502 622 545 est,
646 507 757 535 nam
782 495 946 535 eadem
976 494 1122 534 Ducis
1150 506 1292 542 uxor,
1323 506 1408 545 pro
1437 501 1547 534 tunc
1577 494 1803 545 temporis

163 570 254 610 duo
278 580 327 609 se
347 568 580 608 facturam
599 566 923 618 pollicebatur3
947 566 1098 617 primo
1129 567 1272 606 semel
1300 566 1347 605 in
1378 577 1536 605 mense
1567 565 1805 616 poeniten-

164 640 257 680 tiae
279 644 628 680 sacramentum
649 637 898 687 adituram3
923 636 1088 676 deinde
1110 643 1157 676 ut
1179 637 1278 688 ipse
1300 636 1441 677 Pater
1472 636 1634 676 diebus
1663 621 1807 676 domi-

163 711 282 751 nicis
304 710 579 750 concionem
594 709 787 748 haberet
804 707 893 747 sibi
909 713 953 747 et
971 707 1041 757 iiS,
1062 707 1140 759 qui
1157 707 1279 758 apud
1298 719 1347 747 se
1366 708 1412 747 in
1431 708 1537 747 aula
1555 714 1677 747 sunt.
1697 706 1804 757 Sed,

166 787 419 832 antequam
450 780 734 820 destinatum
769 779 856 818 iter
895 777 1243 829 ingrederetur,
1286 779 1548 829 negotium,
1587 778 1711 829 quod
1750 778 1808 818 de

164 852 221 892 D.
245 851 465 904 Joannini
487 851 602 891 aede
622 850 756 890 nobis
777 849 1088 890 adscribenda
1111 849 1402 899 agitabatur,
1427 861 1480 889 eo
1503 849 1737 900 perduxit,
1758 855 1807 889 ut

164 922 210 963 id
244 922 512 974 expeditum
547 921 903 972 confectumque
939 919 1127 960 omnino
1163 931 1418 970 speremus.
1457 919 1553 960 Nos
1583 932 1725 971 porro
1762 921 1809 960 in

166 994 224 1034 D.
253 993 474 1047 Joannini
502 993 691 1032 domum
716 991 779 1032 3.0
808 991 905 1032 Cal.
937 989 1217 1031 Novembris
1244 991 1684 1042 commigravinius,
1718 1003 1809 1043 quo

166 1072 375 1117 tempore
403 1064 524 1105 ΚΑΜ·
545 1064 594 1104 Ρ.
625 1063 896 1104 Ludovicus
925 1061 1238 1102 concionandi
1268 1073 1437 1101 munus
1467 1062 1642 1102 dudum
1669 1063 1808 1102 inter-

170 1136 364 1176 missum
395 1135 666 1185 renovavit,
698 1140 742 1174 et
768 1133 956 1185 quidem
983 1132 1150 1184 majori
1178 1145 1319 1184 quam
1348 1139 1486 1172 antea
1513 1134 1672 1184 populi
1703 1145 1810 1173 con-

167 1214 311 1247 ventu
333 1207 456 1258 (sive
478 1213 644 1257 sponte
670 1205 864 1257 propria
895 1216 951 1244 ac
977 1205 1150 1256 pietate
1185 1203 1471 1254 adducente,
1506 1204 1606 1243 sive
1638 1205 1808 1244 summi

170 1278 330 1329 templi
352 1278 687 1318 concionatore
712 1277 759 1316 id
779 1277 1072 1327 impetrante,
1097 1287 1207 1315 nam
1237 1275 1527 1326 frequentem
1559 1275 1810 1315 multitudi-

170 1361 277 1390 nem
297 1355 366 1390 est
390 1349 666 1389 adhortatus
688 1354 737 1388 ut
759 1348 982 1399 templum
1003 1353 1216 1386 nostrum
1237 1345 1387 1386 adiret
1415 1352 1459 1386 et
1489 1346 1811 1396 concionibus,

171 1432 289 1472 quae
306 1421 354 1460 in
371 1432 425 1460 eo
445 1420 747 1469 haberentur,
765 1418 1043 1468 interesset).
1065 1417 1244 1458 Verum
1261 1430 1353 1457 non
1372 1418 1514 1457 multo
1533 1424 1635 1468 post
1649 1417 1695 1457 in
1709 1429 1814 1458 con—

169 1491 317 1532 cionis
339 1493 495 1531 locum
518 1490 759 1530 Psalmum
778 1489 831 1529 50
851 1489 1169 1529 enarrandum
1191 1489 1333 1539 elegit
1355 1488 1508 1528 Pater.
1534 1487 1650 1540 Spes
1677 1501 1808 1537 vero,

171 1575 312 1615 quam
333 1573 718 1615 conceperamus,
742 1561 798 1601 de
816 1561 1017 1601 utilitate
1035 1561 1082 1601 in
1100 1572 1397 1601 communem
1414 1562 1614 1601 salutem
1631 1572 1813 1611 proma-

175 1640 366 1685 natura,
400 1634 438 1674 si
469 1633 655 1685 quando
688 1632 886 1684 alicujus
919 1632 1080 1683 templi
1107 1632 1234 1672 nacti
1263 1643 1472 1671 essemus
1508 1632 1814 1672 commodita-

170 1712 291 1756 tem,
317 1717 404 1746 nos
437 1711 562 1745 certe
591 1716 686 1744 non
712 1703 891 1752 fefellit,
923 1715 1052 1753 nam,
1083 1710 1132 1743 ut
1161 1710 1268 1743 ante
1301 1704 1536 1747 dicebam.
1561 1705 1811 1744 multorum

172 1777 491 1818 confessiones
513 1782 620 1816 sunt
641 1776 841 1826 auditae,
861 1782 905 1815 et
922 1775 1018 1815 fere
1036 1774 1241 1827 quotidie
1260 1775 1606 1824 (nonnullorum
1631 1776 1813 1825 saltem)

173 1849 444 1900 audiuntur3
468 1860 555 1888 nec
584 1848 736 1888 minus
761 1858 872 1887 raro
900 1852 1257 1887 sacrosanctum
1285 1846 1458 1887 Christi
1487 1858 1658 1898 corpus
1689 1848 1815 1887 exhi-

174 1920 309 1960 betur
331 1920 675 1960 accedentibus.
699 1919 823 1959 Inter
850 1917 1193 1958 hebdomadam
1221 1920 1365 1958 semel
1392 1918 1514 1958 idem
1543 1917 1614 1958 P.¹‘
1643 1919 1817 1970 aliquid

176 2003 235 2031 ex
251 1991 509 2031 christiana
525 1990 738 2030 doctrina
756 1989 1051 2029 scholasticis
1068 1989 1252 2040 publice
1270 1990 1483 2040 exponit,
1503 1989 1578 2028 cui
1594 1990 1816 2040 interpre-

178 2064 345 2103 tationi
365 2063 505 2103 etiam
527 2063 606 2102 alii
628 2063 858 2102 intersunt
879 2073 933 2101 ac
957 2061 1248 2101 delectantur
1270 2061 1496 2101 maxime:
1520 2061 1583 2101 ita
1606 2062 1729 2101 enim
1747 2073 1822 2101 ex-

180 2136 343 2188 plicat,
366 2140 415 2174 ut
436 2134 614 2183 omnia,
644 2134 788 2173 veluti
810 2133 857 2173 in
879 2133 1034 2184 capita
1053 2132 1284 2184 quaedam
1302 2132 1478 2183 divisa,
1498 2133 1629 2184 pueri
1650 2144 1820 2173 memo-

181 2208 279 2247 riae
301 2206 522 2246 mandent
543 2205 726 2245 facilius
755 2216 809 2244 ac
840 2205 1065 2244 mandata
1095 2204 1326 2244 retineant
1357 2204 1550 2244 fidelius.
1577 2204 1668 2244 Uni
1687 2216 1819 2255 repo-

183 2278 347 2328 scenti,
371 2278 533 2317 eodem
555 2276 736 2326 ordine,
771 2276 850 2327 qui
877 2275 1174 2325 audiverunt,
1204 2276 1361 2326 palam
1389 2276 1573 2326 singula
1602 2275 1815 2315 reddunt.

183 2349 360 2389 Diebus
381 2354 558 2398 autem,
589 2347 754 2398 quibus
783 2346 982 2386 Davidis
1007 2345 1222 2386 Psalmus
1252 2346 1607 2397 interpretatur,
1642 2346 1732 2386 duo
1761 2358 1820 2386 ex

183 2419 476 2460 scholasticis
499 2419 739 2458 doctrinae
761 2417 1046 2457 christianae
1064 2423 1259 2468 partem,
1281 2420 1387 2456 ante
1411 2416 1509 2467 ejus
1527 2417 1737 2457 lectionis
1754 2417 1823 2456 in-

183 2503 415 2543 gressum,
439 2491 494 2530 de
517 2490 681 2529 altiore
701 2490 805 2529 loco
822 2489 1092 2528 memoriter
1113 2489 1435 2540 pronuntiant.
1469 2488 1600 2539 Quae
1622 2501 1696 2528 res
1727 2500 1822 2529 ma-

185 2574 328 2614 gnam
350 2562 562 2602 omnibus
590 2560 723 2601 affert
755 2560 1114 2600 admirationem
1143 2572 1236 2599 non
1267 2559 1450 2609 minori,
1483 2566 1531 2599 ut
1561 2571 1820 2611 speramus,

187 2634 375 2674 utilitati
401 2632 714 2684 conjunctam.
907 2671 913 2676 ,

265 2706 316 2745 In
332 2716 508 2744 novum
525 2703 811 2744 domicilium
826 2702 960 2743 nobis
977 2703 1081 2752 (sic)
1093 2703 1170 2742 ubi
1187 2703 1415 2751 venimus,
1432 2702 1487 2742 de
1505 2702 1824 2742 instaurandis

187 2788 371 2827 quoque
391 2775 634 2815 literarum
654 2773 820 2814 studiis
843 2773 1083 2825 coepimus
1104 2774 1331 2824 cogitare:
1365 2773 1521 2824 itaque
1553 2773 1625 2813 die
1655 2772 1708 2813 20
1736 2773 1823 2813 No-

187 2847 393 2888 vembris
415 2846 588 2897 aliquot
611 2845 934 2885 adolescentes
956 2856 1131 2895 eorum,
1152 2844 1229 2895 qui
1247 2844 1293 2883 in
1311 2850 1472 2883 nostro
1490 2844 1597 2884 ludo
1614 2844 1824 2884 literario

188 2931 237 2958 se
259 2923 494 2967 exercent,
517 2916 653 2956 varia
674 2915 886 2955 carmina
905 2915 1127 2967 pietatem
1147 2915 1366 2954 habentia
1395 2915 1667 2954 recitarunt.
1690 2916 1827 2956 Unus

190 2989 451 3029 orationem
471 2988 646 3038 habuit,
676 2993 783 3039 post
809 2987 900 3026 duo
935 2985 1207 3037 subsequuti
1236 2991 1342 3025 sunt
1371 2985 1426 3025 de
1461 2985 1674 3026 doctrina
1707 2987 1826 3027 chri-

192 3061 344 3100 stiana
380 3073 429 3103 se
468 3060 815 3109 interrogantes
843 3069 898 3097 ac
929 3057 1279 3109 respondentes.
1305 3056 1421 3097 Rem
1449 3069 1564 3097 vero
1596 3060 1827 3099 conclusit
