2168 3437
905 268 989 306 AN.
1021 268 1113 306 1553
1256 257 1258 259 ’
1635 312 1639 313 ἶ
1761 267 1827 305 481

203 366 366 418 viginti
386 367 588 418 quinque
609 367 821 407 homines
848 378 907 407 ex
933 377 1025 406 una
1052 366 1254 406 factione
1282 378 1337 406 ac
1366 366 1558 406 totidem
1580 378 1638 406 ex
1666 365 1830 406 adver-

198 450 271 489 sa,
295 438 372 489 qui
392 439 633 490 praecipui
653 439 960 487 habebantur,
980 438 1111 489 pacis
1132 437 1322 477 foedera
1344 437 1660 489 chirographo
1677 437 1828 478 firma-

202 515 368 549 verunt
390 509 436 548 in
456 515 749 560 perpetuum.

281 580 540 620 Veniamus
570 579 667 631 jam
702 579 760 619 ad
794 591 894 627 rem
927 579 1217 619 litterariam.
1249 580 1376 630 Ergo
1411 579 1534 631 quod
1574 580 1738 619 attinet
1770 580 1830 620 ad

201 662 388 690 cursum
410 651 594 701 artium,
619 650 871 690 deventum
893 655 962 689 est
984 650 1043 689 ad
1065 656 1213 689 metas
1240 650 1469 690 naturalis
1491 650 1828 702 philosophiae,

199 723 274 762 cui
295 722 512 762 succedet
533 722 737 761 moralis.
762 720 991 771 Theologi
1012 728 1257 772 praeterea
1279 722 1504 761 lectiones
1525 722 1697 762 habent
1714 722 1831 762 duas

200 806 258 833 ex
288 793 438 844 prima
463 800 596 844 parte
625 792 722 832 divi
748 792 970 832 Thomae.
1009 790 1099 831 Sed
1135 792 1512 843 quandoquidem
1546 792 1612 833 sui
1644 793 1833 833 brevior

200 876 339 915 quam
373 864 641 915 sperabam,
679 863 805 903 lubet
840 863 1115 902 subnectere
1150 864 1286 914 quale
1316 863 1455 903 fuerit
1484 864 1571 904 hoc
1602 876 1724 904 anno
1755 876 1832 904 no-

201 941 405 975 strorum
439 935 700 974 studiorum
735 933 1002 984 exordium3
1039 945 1135 973 non
1175 934 1295 973 enim
1336 933 1421 974 fuit
1459 935 1613 975 minus
1654 936 1835 976 celebre

200 1017 340 1057 quam
363 1006 495 1046 annis
516 1013 642 1046 retro
665 1005 803 1055 actis,
829 1005 941 1056 quin
962 1005 1102 1044 immo
1133 1004 1282 1056 major
1304 1006 1504 1045 accessit
1536 1006 1595 1046 ad
1622 1012 1834 1046 nostrum

200 1077 501 1128 gymnasium
521 1076 817 1127 popularium
838 1081 882 1115 et
902 1076 1241 1116 monachorum
1265 1087 1544 1123 concursus,
1570 1077 1694 1128 apud
1720 1089 1835 1128 quos

202 1159 362 1187 omnes
399 1147 659 1187 orationem
689 1147 885 1187 latinam
914 1147 1075 1187 habuit
1106 1146 1296 1197 quidam
1323 1158 1381 1186 ex
1409 1147 1583 1187 nostris
1612 1147 1837 1188 fratribus

201 1219 382 1273 inipso
417 1218 490 1258 die
518 1218 615 1258 divi
641 1217 819 1269 Lucae,
853 1219 1041 1269 plenam
1070 1217 1367 1266 eruditionis,
1399 1229 1489 1269 qua
1527 1218 1836 1259 scholasticos

202 1290 476 1329 hortabatur
499 1288 557 1328 ad
579 1300 787 1328 amorem
813 1288 1076 1328 litterarum
1102 1295 1146 1328 et
1178 1288 1419 1328 virtutum.
1450 1288 1702 1340 Disputata
1730 1296 1837 1329 sunt

202 1360 367 1401 deinde
395 1372 478 1411 per
507 1360 697 1399 biduum
725 1359 964 1399 axiomata
994 1359 1225 1411 quaedam
1251 1359 1437 1410 publica
1466 1359 1520 1399 de
1552 1372 1603 1400 re
1634 1361 1835 1400 dialecti-

203 1443 279 1481 ca,
317 1431 642 1482 philosophica
669 1436 714 1470 et
747 1431 1027 1482 theologica.
1067 1429 1243 1470 Eodem
1274 1431 1414 1470 etiam
1448 1437 1658 1482 tempore
1692 1433 1837 1471 creati

202 1509 311 1543 sunt
333 1503 379 1542 in
399 1503 570 1542 artium
591 1501 813 1541 facultate
833 1501 1174 1542 Bacchalaurei
1195 1507 1410 1553 quatuor,
1442 1513 1496 1541 ac
1524 1502 1717 1542 totidem
1744 1503 1836 1542 Ma-

204 1574 354 1625 gistri.

282 1644 353 1685 De
382 1650 568 1685 caetero
605 1645 719 1684 nihil
754 1644 880 1684 aliud
906 1644 1138 1684 succurrit
1167 1644 1465 1684 scribendum
1492 1644 1581 1684 nisi
1611 1644 1733 1695 quod
1761 1657 1837 1685 no-

202 1717 287 1757 stri
315 1717 560 1757 unanimes
587 1728 643 1756 ac
671 1716 781 1756 laeti
810 1716 858 1755 in
886 1715 1100 1755 omnibus
1127 1716 1174 1755 in
1201 1715 1391 1766 diesque
1420 1716 1572 1766 magis
1601 1728 1655 1755 ac
1685 1717 1839 1766 magis

200 1787 451 1839 proficiunt
472 1788 518 1827 in
538 1779 725 1836 litteris,
750 1786 1032 1837 obedientia,
1056 1786 1439 1837 mortificatione;
1464 1799 1583 1838 quae
1611 1799 1724 1827 sane
1745 1799 1838 1827 non

201 1859 516 1910 scripsissem,
541 1859 630 1899 nisi
651 1859 760 1910 quia
781 1858 892 1898 novi
912 1864 956 1898 te
979 1858 1068 1898 hoc
1089 1870 1182 1898 uno
1203 1858 1364 1898 nuntio
1387 1870 1500 1909 prae
1536 1859 1736 1898 caeteris
1765 1859 1837 1898 de—

200 1931 376 1971 lectari.
398 1930 554 1981 Quare
575 1930 746 1970 obnixe
766 1929 982 1981 petimus,
1001 1928 1055 1969 R.
1076 1928 1171 1980 Pr.,
1190 1935 1240 1969 ut
1258 1929 1304 1969 in
1325 1929 1418 1969 tuis
1435 1929 1722 1980 quotidianis
1739 1941 1838 1981 pre-

201 2002 331 2042 cibus
352 2001 501 2041 nostri
521 2002 585 2041 sis
616 2012 808 2051 memor,
838 2012 928 2052 quo
960 2012 1145 2052 semper
1173 2012 1259 2040 nos
1286 2001 1332 2040 in
1360 2001 1535 2041 virtute
1563 2001 1835 2052 progredia-

202 2084 307 2113 mur
328 2085 383 2113 ac
403 2079 454 2113 tu
474 2073 648 2112 habeas
668 2071 790 2112 unde
810 2071 914 2123 plus
934 2072 1145 2122 gaudere
1166 2072 1333 2123 possis,
1360 2071 1525 2112 Amen.

280 2143 334 2184 R.
358 2144 459 2185 Ρ.ῒίε
480 2144 610 2184 Tuae

277 2214 453 2256 Servus
473 2215 826 2266 indignissimus
847 2214 894 2254 in
915 2213 1100 2255 Christo
1121 2214 1233 2267 Jesu
1255 2214 1458 2254 Domino
1479 2213 1667 2264 Nostro,

1300 2356 1521 2396 MoeHAssL

1547 2429 1573 2474 ,Γ

1307 2499 1570 2539 GOVIERNO.

283 2711 661 2763 Superscrz'ptios
699 2711 759 2751 Al
796 2723 908 2763 muy
942 2710 1044 2752 R.d0
1077 2711 1229 2752 Padre
1266 2723 1366 2752 nro.
1410 2723 1467 2751 en
1502 2710 1613 2764 Jesu
1651 2709 1837 2750 Christo

202 2795 247 2823 n.
271 2782 315 2824 S.
341 2783 383 2823 el
402 2782 451 2822 P.
474 2782 536 2822 Μ.
559 2782 741 2834 Ignatio
763 2781 820 2823 de
846 2783 1041 2834 Loyola‚
1065 2783 1302 2834 preposito
1325 2782 1518 2833 general
1539 2781 1594 2821 de
1626 2781 1672 2820 la
1700 2780 1834 2821 Com-

202 2856 344 2905 pafiia
367 2853 423 2894 de
443 2853 600 2906 Jesus,
625 2865 682 2893 en

698 2924 860 2965 Roma.

395 3141 443 3177 T.
469 3153 510 3179 11.
995 3142 998 3144 ’
1559 3152 1596 3187 31
