<?xml version="1.0" encoding="UTF-8"?>
<!DOCTYPE html PUBLIC "-//W3C//DTD XHTML 1.0 Transitional//EN"
    "http://www.w3.org/TR/xhtml1/DTD/xhtml1-transitional.dtd">
<html xmlns="http://www.w3.org/1999/xhtml" xml:lang="en" lang="en">
 <head>
  <title>
</title>
<meta http-equiv="Content-Type" content="text/html;charset=utf-8" />
  <meta name='ocr-system' content='tesseract 3.04.00' />
  <meta name='ocr-capabilities' content='ocr_page ocr_carea ocr_par ocr_line ocrx_word'/>
</head>
<body>
  <div class='ocr_page' id='page_1' title='image "./litteraequadrime1402lain_0556.png"; bbox 0 0 2168 3437; ppageno 0'>
   <div class='ocr_carea' id='block_1_1' title="bbox 354 275 1478 317">
    <p class='ocr_par' dir='ltr' id='par_1_1' title="bbox 354 275 1478 317">
     <span class='ocr_line' id='line_1_1' title="bbox 354 275 1478 317; baseline -0.005 -1"><span class='ocrx_word' id='word_1_1' title='bbox 354 277 425 316; x_wconf 82' lang='lat'>552</span> <span class='ocrx_word' id='word_1_2' title='bbox 865 275 1093 313; x_wconf 76' lang='lat' dir='ltr'><strong>LITTERAE</strong></span> <span class='ocrx_word' id='word_1_3' title='bbox 1119 284 1478 317; x_wconf 83' lang='lat' dir='ltr'>QUADRIMESTRES</span> 
     </span>
    </p>
   </div>
   <div class='ocr_carea' id='block_1_2' title="bbox 349 370 1988 1479">
    <p class='ocr_par' dir='ltr' id='par_1_2' title="bbox 349 370 1986 635">
     <span class='ocr_line' id='line_1_2' title="bbox 355 370 1983 424; baseline -0.001 -11"><span class='ocrx_word' id='word_1_4' title='bbox 355 385 381 413; x_wconf 86' lang='lat' dir='ltr'>a</span> <span class='ocrx_word' id='word_1_5' title='bbox 413 385 550 413; x_wconf 81' lang='lat' dir='ltr'>mane</span> <span class='ocrx_word' id='word_1_6' title='bbox 580 383 726 424; x_wconf 90' lang='lat' dir='ltr'>usque</span> <span class='ocrx_word' id='word_1_7' title='bbox 760 371 819 412; x_wconf 90' lang='lat' dir='ltr'>ad</span> <span class='ocrx_word' id='word_1_8' title='bbox 848 376 1035 411; x_wconf 92' lang='lat' dir='ltr'>noctem</span> <span class='ocrx_word' id='word_1_9' title='bbox 1063 381 1204 422; x_wconf 85' lang='lat' dir='ltr'>quam</span> <span class='ocrx_word' id='word_1_10' title='bbox 1232 370 1346 411; x_wconf 85' lang='lat' dir='ltr'>facit</span> <span class='ocrx_word' id='word_1_11' title='bbox 1374 370 1648 411; x_wconf 81' lang='lat' dir='ltr'>concionem</span> <span class='ocrx_word' id='word_1_12' title='bbox 1669 371 1983 423; x_wconf 78' lang='lat' dir='ltr'>protraheret,</span> 
     </span>
     <span class='ocr_line' id='line_1_3' title="bbox 349 441 1984 495; baseline 0 -12"><span class='ocrx_word' id='word_1_13' title='bbox 349 443 492 495; x_wconf 84' lang='lat' dir='ltr'>jejuni</span> <span class='ocrx_word' id='word_1_14' title='bbox 513 454 698 494; x_wconf 85' lang='lat' dir='ltr'>quoque</span> <span class='ocrx_word' id='word_1_15' title='bbox 720 442 1024 482; x_wconf 78' lang='lat' dir='ltr'>libentissime</span> <span class='ocrx_word' id='word_1_16' title='bbox 1045 441 1338 481; x_wconf 79' lang='lat' dir='ltr'>audiremus:</span> <span class='ocrx_word' id='word_1_17' title='bbox 1362 447 1494 482; x_wconf 90' lang='lat' dir='ltr'>tanta</span> <span class='ocrx_word' id='word_1_18' title='bbox 1516 453 1622 481; x_wconf 91' lang='lat' dir='ltr'>eum</span> <span class='ocrx_word' id='word_1_19' title='bbox 1639 441 1872 482; x_wconf 88' lang='lat' dir='ltr'>audiendo</span> <span class='ocrx_word' id='word_1_20' title='bbox 1893 442 1984 483; x_wconf 89' lang='lat' dir='ltr'>affi-</span> 
     </span>
     <span class='ocr_line' id='line_1_4' title="bbox 353 511 1986 564; baseline 0 -11"><span class='ocrx_word' id='word_1_21' title='bbox 353 515 501 554; x_wconf 90' lang='lat' dir='ltr'>cimur</span> <span class='ocrx_word' id='word_1_22' title='bbox 519 513 842 553; x_wconf 76' lang='lat' dir='ltr'>delectatione.</span> <span class='ocrx_word' id='word_1_23' title='bbox 862 512 1000 553; x_wconf 85' lang='lat' dir='ltr'>Pueri</span> <span class='ocrx_word' id='word_1_24' title='bbox 1020 512 1127 564; x_wconf 89' lang='lat' dir='ltr'>ipsi,</span> <span class='ocrx_word' id='word_1_25' title='bbox 1147 517 1247 552; x_wconf 88' lang='lat' dir='ltr'>tum</span> <span class='ocrx_word' id='word_1_26' title='bbox 1262 512 1309 552; x_wconf 90' lang='lat' dir='ltr'>in</span> <span class='ocrx_word' id='word_1_27' title='bbox 1326 511 1461 552; x_wconf 91' lang='lat' dir='ltr'>bonis</span> <span class='ocrx_word' id='word_1_28' title='bbox 1479 512 1706 563; x_wconf 89' lang='lat' dir='ltr'>moribus,</span> <span class='ocrx_word' id='word_1_29' title='bbox 1730 519 1829 552; x_wconf 92' lang='lat' dir='ltr'>tum</span> <span class='ocrx_word' id='word_1_30' title='bbox 1846 513 1986 553; x_wconf 90' lang='lat' dir='ltr'>etiam</span> 
     </span>
     <span class='ocr_line' id='line_1_5' title="bbox 352 582 1619 635; baseline -0.001 -11"><span class='ocrx_word' id='word_1_31' title='bbox 352 586 399 625; x_wconf 87' lang='lat' dir='ltr'>in</span> <span class='ocrx_word' id='word_1_32' title='bbox 419 585 564 624; x_wconf 88' lang='lat' dir='ltr'>literis</span> <span class='ocrx_word' id='word_1_33' title='bbox 586 583 959 634; x_wconf 79' lang='lat' dir='ltr'>humanioribus,</span> <span class='ocrx_word' id='word_1_34' title='bbox 985 583 1158 624; x_wconf 87' lang='lat' dir='ltr'>Christi</span> <span class='ocrx_word' id='word_1_35' title='bbox 1179 583 1335 634; x_wconf 84' lang='lat' dir='ltr'>gratia</span> <span class='ocrx_word' id='word_1_36' title='bbox 1356 582 1619 635; x_wconf 89' lang='lat' dir='ltr'>proficiunt.</span> 
     </span>
    </p>

    <p class='ocr_par' dir='ltr' id='par_1_3' title="bbox 349 653 1988 1347">
     <span class='ocr_line' id='line_1_6' title="bbox 433 653 1985 706; baseline 0 -11"><span class='ocrx_word' id='word_1_37' title='bbox 433 655 504 695; x_wconf 89' lang='lat' dir='ltr'>De</span> <span class='ocrx_word' id='word_1_38' title='bbox 525 654 764 695; x_wconf 86' lang='lat' dir='ltr'>Antistitis</span> <span class='ocrx_word' id='word_1_39' title='bbox 791 654 939 694; x_wconf 91' lang='lat' dir='ltr'>nostri</span> <span class='ocrx_word' id='word_1_40' title='bbox 965 654 1012 694; x_wconf 93' lang='lat' dir='ltr'>in</span> <span class='ocrx_word' id='word_1_41' title='bbox 1039 666 1125 694; x_wconf 91' lang='lat' dir='ltr'>nos</span> <span class='ocrx_word' id='word_1_42' title='bbox 1156 653 1388 694; x_wconf 77' lang='lat' dir='ltr'>charitate</span> <span class='ocrx_word' id='word_1_43' title='bbox 1414 654 1743 706; x_wconf 45' lang='lat' dir='ltr'>*immensaque</span> <span class='ocrx_word' id='word_1_44' title='bbox 1775 655 1985 706; x_wconf 83' lang='lat' dir='ltr'>benigni-</span> 
     </span>
     <span class='ocr_line' id='line_1_7' title="bbox 351 725 1986 778; baseline 0 -12"><span class='ocrx_word' id='word_1_45' title='bbox 351 732 445 767; x_wconf 91' lang='lat' dir='ltr'>tate</span> <span class='ocrx_word' id='word_1_46' title='bbox 466 727 569 778; x_wconf 91' lang='lat' dir='ltr'>plus</span> <span class='ocrx_word' id='word_1_47' title='bbox 591 733 730 778; x_wconf 86' lang='lat' dir='ltr'>atque</span> <span class='ocrx_word' id='word_1_48' title='bbox 751 732 891 766; x_wconf 85' lang='lat' dir='ltr'>antea</span> <span class='ocrx_word' id='word_1_49' title='bbox 910 736 1156 777; x_wconf 88' lang='lat' dir='ltr'>possemus</span> <span class='ocrx_word' id='word_1_50' title='bbox 1176 725 1544 776; x_wconf 89' lang='lat' dir='ltr'>deberemusque</span> <span class='ocrx_word' id='word_1_51' title='bbox 1560 725 1677 765; x_wconf 95' lang='lat' dir='ltr'>bene</span> <span class='ocrx_word' id='word_1_52' title='bbox 1694 725 1864 766; x_wconf 89' lang='lat' dir='ltr'>dicere.</span> <span class='ocrx_word' id='word_1_53' title='bbox 1884 725 1986 767; x_wconf 85' lang='lat' dir='ltr'>Ser-</span> 
     </span>
     <span class='ocr_line' id='line_1_8' title="bbox 352 797 1987 849; baseline 0 -11"><span class='ocrx_word' id='word_1_54' title='bbox 352 798 449 838; x_wconf 84' lang='lat' dir='ltr'>vuli</span> <span class='ocrx_word' id='word_1_55' title='bbox 488 798 629 838; x_wconf 86' lang='lat' dir='ltr'>etiam</span> <span class='ocrx_word' id='word_1_56' title='bbox 669 798 816 849; x_wconf 90' lang='lat' dir='ltr'>ipsius</span> <span class='ocrx_word' id='word_1_57' title='bbox 855 797 1094 838; x_wconf 86' lang='lat' dir='ltr'>Antistitis</span> <span class='ocrx_word' id='word_1_58' title='bbox 1132 797 1279 837; x_wconf 84' lang='lat' dir='ltr'>multa</span> <span class='ocrx_word' id='word_1_59' title='bbox 1319 808 1425 837; x_wconf 91' lang='lat' dir='ltr'>cum</span> <span class='ocrx_word' id='word_1_60' title='bbox 1466 797 1711 837; x_wconf 83' lang='lat' dir='ltr'>alacritate</span> <span class='ocrx_word' id='word_1_61' title='bbox 1751 808 1865 849; x_wconf 85' lang='lat' dir='ltr'>erga</span> <span class='ocrx_word' id='word_1_62' title='bbox 1900 809 1987 838; x_wconf 89' lang='lat' dir='ltr'>nos</span> 
     </span>
     <span class='ocr_line' id='line_1_9' title="bbox 353 868 1985 921; baseline -0.001 -12"><span class='ocrx_word' id='word_1_63' title='bbox 353 869 634 909; x_wconf 88' lang='lat' dir='ltr'>charitatem</span> <span class='ocrx_word' id='word_1_64' title='bbox 654 875 902 919; x_wconf 80' lang='lat' dir='ltr'>exercent3</span> <span class='ocrx_word' id='word_1_65' title='bbox 925 869 1253 920; x_wconf 89' lang='lat' dir='ltr'>quamobrem,</span> <span class='ocrx_word' id='word_1_66' title='bbox 1278 868 1366 908; x_wconf 90' lang='lat' dir='ltr'>etsi</span> <span class='ocrx_word' id='word_1_67' title='bbox 1383 880 1477 908; x_wconf 91' lang='lat' dir='ltr'>non</span> <span class='ocrx_word' id='word_1_68' title='bbox 1493 880 1662 908; x_wconf 86' lang='lat' dir='ltr'>vereor</span> <span class='ocrx_word' id='word_1_69' title='bbox 1690 869 1800 920; x_wconf 90' lang='lat' dir='ltr'>quin</span> <span class='ocrx_word' id='word_1_70' title='bbox 1828 880 1985 921; x_wconf 91' lang='lat' dir='ltr'>super-</span> 
     </span>
     <span class='ocr_line' id='line_1_10' title="bbox 350 939 1984 992; baseline -0.001 -11"><span class='ocrx_word' id='word_1_71' title='bbox 350 953 555 981; x_wconf 86' lang='lat' dir='ltr'>vacuum</span> <span class='ocrx_word' id='word_1_72' title='bbox 571 941 631 981; x_wconf 88' lang='lat' dir='ltr'>sit</span> <span class='ocrx_word' id='word_1_73' title='bbox 648 946 697 981; x_wconf 90' lang='lat' dir='ltr'>ut</span> <span class='ocrx_word' id='word_1_74' title='bbox 714 952 794 981; x_wconf 93' lang='lat' dir='ltr'>eos</span> <span class='ocrx_word' id='word_1_75' title='bbox 811 941 902 980; x_wconf 91' lang='lat' dir='ltr'>tuis</span> <span class='ocrx_word' id='word_1_76' title='bbox 914 940 1133 992; x_wconf 88' lang='lat' dir='ltr'>precibus</span> <span class='ocrx_word' id='word_1_77' title='bbox 1150 939 1550 989; x_wconf 80' lang='lat' dir='ltr'>commendemUS‚</span> <span class='ocrx_word' id='word_1_78' title='bbox 1569 950 1794 991; x_wconf 85' lang='lat' dir='ltr'>rogamus</span> <span class='ocrx_word' id='word_1_79' title='bbox 1812 946 1984 990; x_wconf 91' lang='lat' dir='ltr'>tamen,</span> 
     </span>
     <span class='ocr_line' id='line_1_11' title="bbox 352 1011 1988 1063; baseline -0.001 -11"><span class='ocrx_word' id='word_1_80' title='bbox 352 1024 410 1052; x_wconf 92' lang='lat' dir='ltr'>ne</span> <span class='ocrx_word' id='word_1_81' title='bbox 448 1012 624 1063; x_wconf 80' lang='lat' dir='ltr'>ingrati</span> <span class='ocrx_word' id='word_1_82' title='bbox 657 1011 803 1052; x_wconf 88' lang='lat' dir='ltr'>simus</span> <span class='ocrx_word' id='word_1_83' title='bbox 844 1011 891 1051; x_wconf 92' lang='lat' dir='ltr'>in</span> <span class='ocrx_word' id='word_1_84' title='bbox 931 1023 1007 1062; x_wconf 88' lang='lat' dir='ltr'>eo,</span> <span class='ocrx_word' id='word_1_85' title='bbox 1050 1011 1173 1063; x_wconf 91' lang='lat' dir='ltr'>quod</span> <span class='ocrx_word' id='word_1_86' title='bbox 1207 1016 1451 1062; x_wconf 85' lang='lat' dir='ltr'>praestare</span> <span class='ocrx_word' id='word_1_87' title='bbox 1485 1022 1756 1062; x_wconf 89' lang='lat' dir='ltr'>possumus,</span> <span class='ocrx_word' id='word_1_88' title='bbox 1797 1017 1847 1051; x_wconf 90' lang='lat' dir='ltr'>ut</span> <span class='ocrx_word' id='word_1_89' title='bbox 1882 1022 1988 1051; x_wconf 91' lang='lat' dir='ltr'>cum</span> 
     </span>
     <span class='ocr_line' id='line_1_12' title="bbox 350 1081 1988 1124; baseline 0 -1"><span class='ocrx_word' id='word_1_90' title='bbox 350 1082 523 1124; x_wconf 74' lang='lat' dir='ltr'>Rev,dis</span> <span class='ocrx_word' id='word_1_91' title='bbox 543 1082 761 1123; x_wconf 87' lang='lat' dir='ltr'>Patribus</span> <span class='ocrx_word' id='word_1_92' title='bbox 783 1089 826 1123; x_wconf 92' lang='lat' dir='ltr'>et</span> <span class='ocrx_word' id='word_1_93' title='bbox 848 1083 895 1123; x_wconf 91' lang='lat' dir='ltr'>in</span> <span class='ocrx_word' id='word_1_94' title='bbox 916 1082 1102 1123; x_wconf 88' lang='lat' dir='ltr'>Christo</span> <span class='ocrx_word' id='word_1_95' title='bbox 1125 1082 1417 1122; x_wconf 86' lang='lat' dir='ltr'>charissimis</span> <span class='ocrx_word' id='word_1_96' title='bbox 1437 1082 1610 1122; x_wconf 83' lang='lat' dir='ltr'>nostris</span> <span class='ocrx_word' id='word_1_97' title='bbox 1638 1081 1863 1123; x_wconf 87' lang='lat' dir='ltr'>fratribus</span> <span class='ocrx_word' id='word_1_98' title='bbox 1889 1089 1988 1123; x_wconf 89' lang='lat' dir='ltr'>tum</span> 
     </span>
     <span class='ocr_line' id='line_1_13' title="bbox 349 1152 1979 1205; baseline -0.001 -11"><span class='ocrx_word' id='word_1_99' title='bbox 349 1153 588 1194; x_wconf 88' lang='lat' dir='ltr'>Antistitis</span> <span class='ocrx_word' id='word_1_100' title='bbox 609 1160 654 1194; x_wconf 90' lang='lat' dir='ltr'>et</span> <span class='ocrx_word' id='word_1_101' title='bbox 674 1155 973 1194; x_wconf 87' lang='lat' dir='ltr'>servulorum</span> <span class='ocrx_word' id='word_1_102' title='bbox 995 1152 1115 1204; x_wconf 85' lang='lat' dir='ltr'>ejus,</span> <span class='ocrx_word' id='word_1_103' title='bbox 1150 1165 1315 1193; x_wconf 84' lang='lat' dir='ltr'>verum</span> <span class='ocrx_word' id='word_1_104' title='bbox 1347 1153 1487 1193; x_wconf 86' lang='lat' dir='ltr'>etiam</span> <span class='ocrx_word' id='word_1_105' title='bbox 1515 1159 1729 1194; x_wconf 91' lang='lat' dir='ltr'>nostrum</span> <span class='ocrx_word' id='word_1_106' title='bbox 1758 1154 1979 1205; x_wconf 81' lang='lat' dir='ltr'>omnium,</span> 
     </span>
     <span class='ocr_line' id='line_1_14' title="bbox 351 1224 1983 1277; baseline 0 -12"><span class='ocrx_word' id='word_1_107' title='bbox 351 1225 429 1277; x_wconf 88' lang='lat' dir='ltr'>qui</span> <span class='ocrx_word' id='word_1_108' title='bbox 450 1225 525 1265; x_wconf 90' lang='lat' dir='ltr'>hic</span> <span class='ocrx_word' id='word_1_109' title='bbox 547 1225 629 1266; x_wconf 88' lang='lat' dir='ltr'>tibi</span> <span class='ocrx_word' id='word_1_110' title='bbox 651 1237 812 1266; x_wconf 90' lang='lat' dir='ltr'>sumus</span> <span class='ocrx_word' id='word_1_111' title='bbox 834 1225 1134 1275; x_wconf 89' lang='lat' dir='ltr'>deditissimi,</span> <span class='ocrx_word' id='word_1_112' title='bbox 1159 1236 1337 1264; x_wconf 90' lang='lat' dir='ltr'>memor</span> <span class='ocrx_word' id='word_1_113' title='bbox 1358 1224 1405 1264; x_wconf 90' lang='lat' dir='ltr'>in</span> <span class='ocrx_word' id='word_1_114' title='bbox 1426 1225 1517 1264; x_wconf 87' lang='lat' dir='ltr'>tuis</span> <span class='ocrx_word' id='word_1_115' title='bbox 1540 1225 1830 1264; x_wconf 88' lang='lat' dir='ltr'>orationibus</span> <span class='ocrx_word' id='word_1_116' title='bbox 1852 1231 1895 1265; x_wconf 90' lang='lat' dir='ltr'>et</span> <span class='ocrx_word' id='word_1_117' title='bbox 1913 1237 1983 1265; x_wconf 88' lang='lat' dir='ltr'>sa-</span> 
     </span>
     <span class='ocr_line' id='line_1_15' title="bbox 350 1295 1984 1347; baseline -0.001 -11"><span class='ocrx_word' id='word_1_118' title='bbox 350 1296 540 1337; x_wconf 87' lang='lat' dir='ltr'>crificiis</span> <span class='ocrx_word' id='word_1_119' title='bbox 557 1308 660 1337; x_wconf 91' lang='lat' dir='ltr'>esse</span> <span class='ocrx_word' id='word_1_120' title='bbox 675 1297 808 1337; x_wconf 87' lang='lat' dir='ltr'>velis.</span> <span class='ocrx_word' id='word_1_121' title='bbox 827 1296 948 1337; x_wconf 89' lang='lat' dir='ltr'>Vale</span> <span class='ocrx_word' id='word_1_122' title='bbox 965 1296 1011 1336; x_wconf 92' lang='lat' dir='ltr'>in</span> <span class='ocrx_word' id='word_1_123' title='bbox 1029 1295 1168 1337; x_wconf 90' lang='lat' dir='ltr'>Chro.</span> <span class='ocrx_word' id='word_1_124' title='bbox 1188 1295 1289 1336; x_wconf 62' lang='lat' dir='ltr'>Rdss</span> <span class='ocrx_word' id='word_1_125' title='bbox 1306 1302 1444 1347; x_wconf 88' lang='lat' dir='ltr'>atque</span> <span class='ocrx_word' id='word_1_126' title='bbox 1467 1295 1795 1336; x_wconf 87' lang='lat' dir='ltr'>colendissime</span> <span class='ocrx_word' id='word_1_127' title='bbox 1813 1295 1885 1336; x_wconf 80' lang='grc' dir='ltr'>Ρ.Γ</span> <span class='ocrx_word' id='word_1_128' title='bbox 1906 1297 1984 1336; x_wconf 89' lang='lat' dir='ltr'>mi.</span> 
     </span>
    </p>

    <p class='ocr_par' dir='ltr' id='par_1_4' title="bbox 430 1366 1483 1414">
     <span class='ocr_line' id='line_1_16' title="bbox 430 1366 1483 1414; baseline -0.004 -6"><span class='ocrx_word' id='word_1_129' title='bbox 430 1367 645 1414; x_wconf 84' lang='lat' dir='ltr'>Venetiis</span> <span class='ocrx_word' id='word_1_130' title='bbox 665 1379 746 1408; x_wconf 86' lang='lat' dir='ltr'><strong>XIII</strong></span> <span class='ocrx_word' id='word_1_131' title='bbox 768 1368 854 1408; x_wconf 91' lang='lat' dir='ltr'>cal.</span> <span class='ocrx_word' id='word_1_132' title='bbox 878 1367 1124 1408; x_wconf 89' lang='lat' dir='ltr'>Februarii</span> <span class='ocrx_word' id='word_1_133' title='bbox 1145 1366 1204 1407; x_wconf 89' lang='lat' dir='ltr'>M.</span> <span class='ocrx_word' id='word_1_134' title='bbox 1230 1366 1288 1406; x_wconf 91' lang='lat' dir='ltr'>D.</span> <span class='ocrx_word' id='word_1_135' title='bbox 1312 1367 1365 1407; x_wconf 94' lang='lat' dir='ltr'>L.</span> <span class='ocrx_word' id='word_1_136' title='bbox 1389 1366 1483 1407; x_wconf 88' lang='lat' dir='ltr'>IIII.</span> 
     </span>
    </p>

    <p class='ocr_par' dir='ltr' id='par_1_5' title="bbox 430 1438 842 1479">
     <span class='ocr_line' id='line_1_17' title="bbox 430 1438 842 1479; baseline -0.002 -1"><span class='ocrx_word' id='word_1_137' title='bbox 430 1438 559 1479; x_wconf 91' lang='lat' dir='ltr'>Tuae</span> <span class='ocrx_word' id='word_1_138' title='bbox 579 1438 765 1479; x_wconf 74' lang='lat' dir='ltr'>ReV.dae</span> <span class='ocrx_word' id='word_1_139' title='bbox 792 1438 842 1478; x_wconf 89' lang='lat' dir='ltr'>P.</span> 
     </span>
    </p>
   </div>
   <div class='ocr_carea' id='block_1_3' title="bbox 431 1509 1100 1561">
    <p class='ocr_par' dir='ltr' id='par_1_6' title="bbox 431 1509 1100 1561">
     <span class='ocr_line' id='line_1_18' title="bbox 431 1509 1100 1561; baseline -0.001 -11"><span class='ocrx_word' id='word_1_140' title='bbox 431 1509 659 1561; x_wconf 83' lang='lat' dir='ltr'>Indig.mus</span> <span class='ocrx_word' id='word_1_141' title='bbox 679 1510 726 1550; x_wconf 91' lang='lat' dir='ltr'>in</span> <span class='ocrx_word' id='word_1_142' title='bbox 748 1509 889 1551; x_wconf 89' lang='lat' dir='ltr'>Chro.</span> <span class='ocrx_word' id='word_1_143' title='bbox 912 1521 1100 1559; x_wconf 87' lang='lat' dir='ltr'>servus,</span> 
     </span>
    </p>
   </div>
   <div class='ocr_carea' id='block_1_4' title="bbox 1338 1651 1766 1693">
    <p class='ocr_par' dir='ltr' id='par_1_7' title="bbox 1338 1651 1766 1693">
     <span class='ocr_line' id='line_1_19' title="bbox 1338 1651 1766 1693; baseline -0.002 -1"><span class='ocrx_word' id='word_1_144' title='bbox 1338 1651 1530 1693; x_wconf 78' lang='lat' dir='ltr'>CAESAR</span> <span class='ocrx_word' id='word_1_145' title='bbox 1555 1651 1766 1692; x_wconf 84' lang='lat' dir='ltr'><strong>HELMUS.</strong></span> 
     </span>
    </p>
   </div>
   <div class='ocr_carea' id='block_1_5' title="bbox 352 1865 1986 2121">
    <p class='ocr_par' dir='ltr' id='par_1_8' title="bbox 352 1865 1986 1990">
     <span class='ocr_line' id='line_1_20' title="bbox 429 1865 1986 1919; baseline -0.001 -12"><span class='ocrx_word' id='word_1_146' title='bbox 429 1867 865 1919; x_wconf 51' lang='lat' dir='ltr'>&amp;perscriptionis</span> <span class='ocrx_word' id='word_1_147' title='bbox 886 1866 985 1906; x_wconf 84' lang='lat' dir='ltr'>loco</span> <span class='ocrx_word' id='word_1_148' title='bbox 1013 1865 1062 1905; x_wconf 77' lang='lat' dir='ltr'>in</span> <span class='ocrx_word' id='word_1_149' title='bbox 1094 1869 1267 1916; x_wconf 67' lang='lat' dir='ltr'>quarta</span> <span class='ocrx_word' id='word_1_150' title='bbox 1296 1865 1513 1917; x_wconf 75' lang='lat' dir='ltr'>pagina:</span> <span class='ocrx_word' id='word_1_151' title='bbox 1547 1866 1683 1906; x_wconf 85' lang='lat' dir='ltr'>Lrae.</span> <span class='ocrx_word' id='word_1_152' title='bbox 1715 1865 1986 1916; x_wconf 83' lang='lat' dir='ltr'>Quadrime-</span> 
     </span>
     <span class='ocr_line' id='line_1_21' title="bbox 352 1937 1343 1990; baseline -0.003 -11"><span class='ocrx_word' id='word_1_153' title='bbox 352 1944 475 1979; x_wconf 89' lang='lat' dir='ltr'>stres</span> <span class='ocrx_word' id='word_1_154' title='bbox 495 1939 652 1978; x_wconf 84' lang='lat' dir='ltr'>Veneti</span> <span class='ocrx_word' id='word_1_155' title='bbox 673 1938 873 1990; x_wconf 86' lang='lat' dir='ltr'>collegii.</span> <span class='ocrx_word' id='word_1_156' title='bbox 902 1937 949 1977; x_wconf 80' lang='lat'>13</span> <span class='ocrx_word' id='word_1_157' title='bbox 971 1938 1058 1976; x_wconf 86' lang='lat' dir='ltr'>cal.</span> <span class='ocrx_word' id='word_1_158' title='bbox 1082 1937 1343 1977; x_wconf 78' lang='lat' dir='ltr'>Februarii.</span> 
     </span>
    </p>

    <p class='ocr_par' dir='ltr' id='par_1_9' title="bbox 433 2010 548 2049">
     <span class='ocr_line' id='line_1_22' title="bbox 433 2010 548 2049; baseline -0.017 0"><span class='ocrx_word' id='word_1_159' title='bbox 433 2010 548 2049; x_wconf 71' lang='lat'>1554.</span> 
     </span>
    </p>

    <p class='ocr_par' dir='ltr' id='par_1_10' title="bbox 428 2080 957 2121">
     <span class='ocr_line' id='line_1_23' title="bbox 428 2080 957 2121; baseline -0.002 -1"><span class='ocrx_word' id='word_1_160' title='bbox 428 2080 539 2121; x_wconf 72' lang='lat' dir='ltr'>Alsa</span> <span class='ocrx_word' id='word_1_161' title='bbox 561 2092 731 2120; x_wconf 74' lang='lat' dir='ltr'>mann:</span> <span class='ocrx_word' id='word_1_162' title='bbox 751 2080 957 2121; x_wconf 85' lang='lat' dir='ltr'>Vinetia.</span> 
     </span>
    </p>
   </div>
  </div>
 </body>
</html>
