2168 3437
419 306 488 345 514
940 304 1166 340 LITTERAE
1193 314 1551 347 QUADRIMESTRES

420 403 467 442 in
487 401 726 441 meliorem
747 399 932 450 frugem
953 411 1054 439 sese
1075 405 1368 451 receperunt.
1392 400 1487 440 Alii
1507 413 1621 441 vero
1649 402 1850 442 nefanda
1875 409 1919 443 et
1946 403 2054 443 abo—

420 471 656 512 minabilia
678 476 873 522 peccata
896 471 1156 511 inueterata
1187 471 1343 512 multis
1372 472 1611 512 lachrimis
1640 473 1976 524 relinquentes,
2008 474 2054 514 111

419 543 661 594 frequente
682 554 768 582 usu
789 542 985 582 rationis
1006 541 1272 582 reddendae
1293 554 1487 594 operum
1514 555 1706 584 suorum
1733 551 2054 594 perseuerant,

419 615 465 654 in
488 625 634 665 eoque
655 619 715 653 no
738 613 888 652 solum
915 612 1003 652 sibi
1033 613 1147 664 ipsis
1177 618 1396 664 prosunt,
1428 613 1510 654 sed
1538 621 1582 654 et
1611 615 1749 665 alios,
1781 616 1946 666 quibus
1977 615 2054 655 ali-

420 683 606 736 quando
630 684 849 724 sinistrae
870 683 1151 735 suspicionis
1173 684 1470 724 occasionem
1494 685 1734 736 dederant,
1758 686 1880 726 bono
1903 697 2053 726 exem-

418 757 493 808 plo
516 767 571 796 ac
594 756 737 795 odore
758 755 983 795 feruentis
1005 755 1327 795 conuersionis
1349 767 1477 806 suae,
1503 756 1548 796 in
1569 757 1691 796 bono
1714 756 1973 807 cofirmant,
1998 768 2054 797 36

419 827 478 867 ad
500 826 786 867 laudandum
806 825 944 866 deum
970 832 1254 877 prouocant;
1285 826 1349 866 ita
1375 832 1425 866 ut
1454 827 1670 877 cotigerit
1697 828 1822 879 quod
1849 828 2053 879 quadam

418 898 490 938 die
512 897 746 937 dominica
768 897 957 949 quidam
977 897 1023 937 in
1044 903 1207 937 nostra
1228 898 1428 937 66616513
1450 898 1615 938 videns
1637 910 1919 939 concursum
1941 900 2055 939 mul-

418 976 572 1009 torum
594 969 654 1008 ad
675 968 956 1008 cofitendum
986 974 1029 1008 et
1057 967 1199 1008 smum
1225 968 1539 1009 eucharistiae
1566 976 1914 1010 sacramentum
1943 970 2056 1010 reci-

415 1040 650 1092 piendum,
675 1045 719 1079 et
737 1040 858 1080 inter
874 1040 1002 1090 ipsos
1022 1050 1316 1090 cognoscens
1333 1040 1561 1091 quosdam
1577 1041 1760 1080 Vicinos
1777 1052 1902 1090 suos,
1922 1046 2053 1081 tanta

416 1111 502 1151 fuit
524 1111 885 1162 compunctione
902 1116 1142 1162 permotus
1160 1116 1204 1150 et
1224 1110 1482 1161 cosusione,
1505 1117 1555 1150 ut
1572 1112 1733 1162 largas
1750 1122 1979 1163 spargens
1994 1112 2055 1151 la-

417 1182 637 1233 chrimas,
663 1182 722 1222 ad
743 1193 886 1222 unum
907 1187 1119 1221 nostrum
1137 1182 1389 1222 accesserit
1408 1182 1661 1222 obsecrans
1678 1187 1726 1222 ut
1743 1182 1895 1234 ipsum
1913 1182 2052 1222 etiam

416 1254 692 1304 dignaretur
712 1253 873 1293 audire
895 1259 944 1293 ut
967 1252 1233 1293 cofiteretur
1252 1258 1450 1304 peccata
1471 1264 1569 1303 sua,
1595 1253 1835 1293 obtestans
1857 1265 1906 1293 se
1928 1253 2051 1293 dein-

416 1337 525 1376 ceps
564 1324 747 1365 vicinos
786 1335 896 1364 suos
941 1324 1231 1363 imitaturum
1277 1323 1324 1363 in
1370 1323 1745 1375 frequentatione
1792 1336 2057 1365 sacramen-

414 1402 585 1436 torum.

496 1466 831 1507 Restitutiones
853 1466 994 1506 etiam
1015 1476 1117 1517 gra.
1143 1465 1320 1506 domini
1342 1477 1436 1506 non
1457 1478 1639 1518 paucae
1667 1466 1821 1506 factae
1847 1473 1979 1518 sunt,
2013 1472 2057 1507 et

415 1539 602 1591 aliquae
638 1538 847 1589 ipsarum
875 1549 1031 1577 rerum
1066 1548 1125 1576 ex
1150 1537 1408 1588 longinquo
1444 1543 1655 1589 tempore
1691 1537 1976 1589 debitarum,
2011 1544 2054 1578 et

414 1609 680 1662 specialiter
697 1620 789 1648 una
806 1609 1053 1660 plusquam
1071 1614 1257 1647 centum
1274 1607 1554 1648 ducatorum
1570 1620 1653 1659 per
1670 1609 1887 1649 undecim
1904 1620 2053 1649 annos

413 1681 582 1722 iniuste
603 1691 943 1731 possessorum.
969 1679 1026 1718 Et
1047 1679 1153 1718 licet
1174 1679 1221 1718 in
1239 1679 1337 1719 dies
1355 1690 1528 1730 magna
1545 1679 1676 1719 fieret
1694 1680 1905 1720 accessio
1923 1679 2056 1720 bonis

412 1752 560 1804 ipsius
582 1751 778 1801 obligati
799 1750 858 1790 ad
878 1750 1232 1797 restituendum,
1257 1749 1372 1789 nihil
1394 1750 1644 1790 verebatur
1667 1762 1808 1801 penes
1830 1762 1879 1790 se
1895 1750 2048 1790 aliena

413 1823 648 1873 detinere,
681 1821 812 1861 falsis
842 1820 1123 1872 quibusdam
1152 1820 1411 1860 rationibus
1442 1821 1648 1872 seipsum
1675 1821 1894 1861 fallendo.
1924 1821 2052 1862 Post-

414 1905 553 1946 quam
575 1899 731 1933 autem
754 1892 977 1944 cognovit
999 1892 1205 1932 rationes
1227 1903 1337 1932 suas
1354 1904 1412 1932 ex
1430 1892 1631 1932 avaritia
1649 1899 1693 1932 et
1711 1893 1962 1932 tenacitate
1978 1904 2053 1944 po-

413 1965 505 2005 tius
526 1964 780 2016 procedere
801 1975 942 2014 quam
959 1975 1017 2003 ex
1033 1963 1282 2014 aequitate,
1303 1969 1416 2014 gras
1435 1963 1529 2014 egit
1549 1963 1734 2003 domino
1754 1963 2055 2015 cofessusque

414 2042 483 2077 est
503 2040 699 2088 peccata
722 2047 806 2074 sua
829 2041 871 2074 et
894 2034 1211 2074 comunicauit
1233 2045 1338 2074 cum
1360 2045 1534 2085 magna
1555 2046 1672 2085 pace
1694 2041 1738 2074 et
1755 2035 1933 2075 laetitia
1955 2040 2052 2074 tam

413 2107 552 2159 graui
582 2118 723 2146 onere
752 2106 809 2146 ab
836 2105 1043 2145 humeris
1071 2117 1293 2156 excusso,
1322 2117 1416 2145 non
1444 2105 1680 2146 modicum
1708 2107 1922 2146 leuamen
1953 2117 2052 2146 sen-

413 2179 547 2229 tiens,
573 2176 832 2228 exindeque
854 2177 947 2216 iam
966 2176 1144 2216 am1cus
1161 2182 1320 2216 noster
1336 2182 1420 2217 est.
1442 2175 1577 2217 Alius
1594 2189 1723 2227 Vero,
1744 2188 1885 2216 suasu
1907 2177 2052 2229 preci-

413 2250 592 2302 busque
615 2249 802 2299 nostris‚
828 2248 1013 2288 cuidam
1035 2248 1234 2288 debitori
1257 2259 1356 2298 suo,
1386 2260 1471 2300 pro
1499 2254 1608 2288 tunc
1639 2249 1821 2288 soluere
1852 2259 1945 2288 non
1974 2259 2052 2288 va-

412 2321 540 2372 lenti,
563 2332 657 2360 11011
680 2319 916 2360 modicam
936 2319 1196 2370 quantitate
1218 2319 1407 2359 remisit.

491 2391 728 2432 Multoties
750 2391 797 2430 in
818 2390 1016 2430 diuersis
1043 2390 1255 2442 partibus
1283 2397 1327 2431 et
1353 2391 1469 2431 locis
1497 2402 1725 2431 vocamur
1751 2395 1942 2441 propter
1971 2401 2051 2429 va-

412 2464 507 2503 rias
544 2462 852 2503 necessitates
887 2462 1107 2512 spuales.;
1144 2462 1226 2501 sed
1261 2462 1369 2513 quia
1406 2462 1463 2502 ab
1498 2462 1600 2502 aliis
1632 2461 1755 2501 domi
1791 2460 2051 2501 detinemur

414 2535 619 2585 (nunqua
641 2533 764 2573 enim
794 2532 920 2572 domi
948 2531 1077 2572 deest
1098 2532 1209 2584 quid
1237 2532 1467 2583 agamus),
1490 2544 1582 2572 non
1612 2543 1861 2583 possumus
1883 2531 1929 2571 in
1959 2530 2050 2571 hac

412 2610 546 2657 parte
567 2604 781 2644 omnibus
802 2602 1090 2643 satisfacere:
1115 2609 1297 2643 tantum
1317 2603 1426 2643 illuc
1453 2603 1712 2655 pergimus,
1745 2602 1821 2642 ubi
1851 2601 2049 2642 necessi-

412 2682 556 2717 tatem
585 2675 737 2725 magis
763 2685 932 2724 urgere
959 2673 1194 2724 Videmus,
1223 2680 1334 2725 puta
1371 2673 1430 2714 ad
1463 2674 1708 2714 visendum
1737 2673 1970 2724 1011111105,
2005 2677 2049 2712 et

413 2746 720 2788 morientibus
750 2743 1087 2785 assistendum:
1117 2745 1384 2785 huiusmodi
1419 2751 1573 2785 autem
1611 2744 1944 2795 occupationes
1973 2743 2048 2783 hic

411 2818 678 2869 frequentes
699 2821 822 2865 sunt,
847 2821 984 2866 prout
1006 2815 1098 2855 iam
1122 2816 1239 2856 alias
1260 2822 1368 2856 tuae
1389 2815 1512 2856 Rdae
1535 2816 1705 2868 pater.i
1729 2815 1910 2866 scripsi.

490 2887 615 2928 Inter
637 2887 728 2927 alia
749 2886 1050 2936 monasteria,
1075 2898 1193 2938 quae
1215 2893 1323 2927 sunt
1345 2887 1391 2927 in
1413 2888 1501 2927 hoc
1520 2887 1703 2938 oppido,
1726 2893 1795 2927 est
1813 2885 2048 2938 quoddam

413 2959 594 2999 nouiter
615 2957 825 3007 fundata,
850 2957 898 2996 in
919 2968 1010 3008 quo
1032 2965 1139 2997 sunt
1161 2958 1344 3010 aliquae
1365 2959 1576 3009 virgines
1597 2959 1820 3009 innuptae
1843 2957 1888 2996 in
1911 2956 2043 2996 tutio-

411 3041 508 3069 rem
531 3028 779 3081 quemdam
801 3028 955 3067 locum
978 3040 1003 3067 a
1025 3034 1093 3068 tot
1114 3029 1332 3080 periculis
1354 3028 1491 3069 huius
1512 3028 1670 3069 mundi
1697 3040 1797 3068 sese
1820 3027 2042 3078 recipien-

410 3106 501 3151 tes,
527 3100 635 3151 quid
658 3098 845 3138 interim
863 3099 918 3138 de
936 3098 1048 3150 ipsis
1070 3098 1299 3139 Dominus
1319 3099 1542 3139 decernat
1560 3106 1825 3151 spectantes
1846 3110 1852 3137 :
1876 3096 2047 3137 accidit
2090 3153 2093 3156 ι
