2168 3437
293 299 367 336 256
809 297 1036 333 LlTTERAE
1062 307 1423 339 QUADRIMESTRES

1001 750 1238 805 CCXIX

373 979 420 1016 P.
443 978 664 1017 Antonius
684 979 830 1017 Vinck

417 1045 539 1082 Patri
557 1045 727 1092 Ignatio
746 1045 800 1082 de
819 1045 1006 1092 Loyola.

463 1110 684 1154 Messana,
702 1110 725 1148 2
743 1111 849 1159 Maji
870 1111 963 1148 1553
982 1111 1006 1146 ¹.

1072 1355 1169 1433 Πῗῑε

379 1604 566 1655 Gratia,
598 1618 693 1657 pax
714 1612 759 1646 et
780 1606 1102 1647 misericordia
1124 1606 1167 1646 d.
1188 1619 1231 1646 n.
1256 1606 1358 1647 Iesu
1380 1606 1453 1647 X.i
1481 1607 1540 1647 sit
1560 1606 1803 1647 nobiscum
1826 1617 1942 1646 sem-

296 1687 396 1727 per.
420 1676 588 1717 Amen.

377 1747 444 1788 Ne
465 1760 622 1788 rerum
642 1748 937 1789 multitudine
967 1749 1112 1789 simus
1142 1749 1444 1800 prolixiores,
1475 1750 1521 1789 id
1548 1749 1661 1789 facit
1682 1755 1844 1789 nostra
1867 1761 1943 1789 ne-

290 1819 535 1870 gligentia:
554 1826 602 1859 ut
619 1832 733 1860 vero
755 1831 873 1872 quae
896 1827 1003 1860 sunt
1025 1820 1296 1871 scribenda,
1321 1820 1525 1860 breviter
1547 1821 1938 1871 perstringamus,

295 1892 422 1942 cogit
443 1902 529 1931 nos
551 1898 631 1931 tua
652 1891 786 1932 nobis
808 1892 903 1932 iam
932 1892 1113 1943 pridem
1142 1898 1391 1944 perspecta
1422 1892 1664 1943 voluntas,
1690 1891 1738 1931 P.
1777 1892 1824 1931 in
1859 1891 1940 1932 X.⁰

293 1963 397 2003 Iesu
419 1963 862 2003 observandissime.

374 2035 435 2075 Ut
455 2035 598 2085 igitur
619 2047 761 2075 unum
782 2035 928 2075 verbo
949 2035 1103 2076 dicam
1125 2035 1249 2087 quod
1269 2035 1432 2076 audire
1454 2035 1510 2075 de
1533 2035 1803 2075 domesticis
1825 2035 1941 2075 desi-

293 2106 455 2156 deras,
485 2108 644 2146 valent
675 2119 857 2157 omnes,
889 2106 976 2146 Dei
1006 2108 1184 2158 gratia;
1214 2119 1301 2147 nec
1335 2113 1405 2147 est
1439 2107 1706 2158 quisquam,
1741 2107 1815 2146 cui
1849 2119 1943 2147 non

297 2177 506 2218 accessio
536 2177 662 2217 facta
691 2177 749 2217 sit
780 2178 937 2229 aliqua
968 2186 1012 2217 et
1041 2178 1288 2227 virtutum,
1327 2184 1371 2217 et
1407 2178 1448 2227 (a
1486 2178 1651 2229 quibus
1681 2178 1771 2217 hoc
1802 2178 1944 2218 etiam

295 2249 518 2300 exigitur)
555 2250 814 2289 literarum.
848 2248 1130 2289 Scholarum
1157 2255 1314 2289 autem
1342 2249 1463 2289 ratio
1499 2249 1764 2289 huiusmodi
1798 2255 1867 2289 est
1894 2255 1944 2289 ut

296 2320 410 2360 nihil
430 2321 615 2372 penitus
637 2321 696 2361 ad
719 2332 794 2370 ea,
820 2332 940 2372 quae
958 2320 1207 2371 postremis
1229 2320 1651 2371 quadrimestribus
1668 2321 1814 2361 literis
1831 2321 1943 2360 scri-

295 2398 377 2442 pta
411 2398 540 2443 sunt,
572 2391 838 2432 addendum
864 2392 1096 2432 videatur.
1136 2391 1292 2431 Unum
1326 2392 1467 2442 igitur
1497 2398 1712 2443 superest
1744 2392 1942 2444 (opinor)

294 2469 346 2502 ut
368 2463 657 2514 spiritualem
679 2463 883 2503 fructum
911 2468 1234 2513 externorum,
1265 2463 1368 2513 quis
1399 2462 1558 2514 fuerit,
1589 2474 1936 2503 recenseamus.

298 2533 407 2574 Post
434 2533 509 2573 Μ.ἰ
537 2534 778 2574 Benedicti
807 2533 820 2552 ‘³
849 2533 1127 2584 discessum,
1160 2533 1427 2574 auditorum
1453 2533 1500 2573 in
1527 2534 1677 2574 sacris
1706 2534 1944 2574 concioni-

294 2605 382 2644 bus
403 2605 713 2657 frequentiam
734 2605 874 2656 paulo
898 2605 1035 2645 solita
1063 2604 1289 2645 minorem
1313 2605 1438 2656 (nam
1469 2611 1576 2645 ante
1606 2611 1780 2656 quanta
1801 2605 1941 2645 fuerit

297 2688 390 2716 non
412 2677 618 2727 ignoras)
643 2677 817 2716 domini
838 2675 943 2716 Iesu
969 2676 1237 2727 benignitas
1266 2676 1325 2716 ad
1352 2687 1437 2716 nos
1466 2676 1686 2727 adduxit3
1719 2688 1869 2727 neque
1897 2676 1943 2716 id

294 2747 429 2787 festis
456 2754 638 2787 tantum
666 2754 709 2787 et
738 2747 1006 2797 dominicis,
1036 2747 1118 2786 sed
1145 2754 1188 2787 et
1221 2747 1417 2798 singulis
1446 2747 1609 2787 diebus
1641 2747 1944 2798 quadragesi-

298 2830 422 2869 mae,
454 2818 620 2869 quibus
649 2818 921 2870 quotidiana
948 2817 1197 2868 evangelia
1228 2824 1272 2857 et
1302 2817 1510 2869 psalmos
1536 2817 1560 2857 7
1588 2818 1944 2869 poenitentiales

295 2889 593 2940 interpretati
631 2901 804 2929 sumus.
844 2888 946 2940 Qua
975 2889 1023 2929 in
1051 2900 1100 2928 re
1132 2894 1175 2929 et
1202 2888 1459 2940 profecisse
1484 2889 1717 2939 nonnihil,
1751 2895 1794 2929 et
1822 2890 1944 2929 ultra

355 3024 362 3044 ¹
404 3025 663 3059 Autographae,
678 3025 801 3059 duplici
818 3025 850 3052 in
866 3025 955 3059 folio,
969 3032 999 3052 n.
1018 3024 1081 3051 143.
1100 3024 1313 3052 Emendatae
1329 3025 1361 3051 in
1372 3025 1587 3059 paucissimis
1602 3028 1680 3051 sunt
1695 3031 1714 3051 a
1731 3023 1888 3058 Polanco,
1908 3028 1943 3052 et

297 3071 423 3098 harum
437 3072 484 3098 sic
506 3072 763 3099 emendatam-um
787 3073 1027 3106 apographum
1042 3072 1206 3099 habemus
1218 3071 1250 3099 in
1268 3071 1427 3099 Historia
1445 3073 1562 3105 varia,
1578 3076 1601 3100 t.
1618 3079 1640 3106 1,
1657 3071 1714 3100 fol.
1729 3072 1791 3098 345.

354 3120 367 3138 2’
404 3118 494 3153 Mag.
510 3119 715 3147 Benedictus
730 3119 898 3146 Palmius.

2150 789 2168 1117 2.v..-=·...2..,..4...21.2.-„.
2161 753 2168 761 ,
2162 697 2168 706 r
2163 632 2168 639 .
