2168 3437
363 250 434 287 518
876 250 1103 287 LITTERAE
1129 260 1486 293 QUADRIMESTRES

363 353 410 386 at
427 351 483 386 cu
498 346 614 386 lucri
630 346 853 396 spiritalis
873 345 1081 396 foenore,
1105 351 1149 385 et
1169 345 1279 385 boni
1295 346 1452 386 odoris
1468 346 1745 398 fragrantia,
1766 359 1904 398 quem
1925 348 1989 389 illi

364 416 419 456 de
440 416 572 456 nobis
592 422 838 467 gratanter
860 422 1143 467 coceperunt
1167 415 1192 456 ¹.

442 486 532 527 Sed
553 487 898 538 praestantiora
925 488 1063 538 longe
1090 486 1242 527 Patris
1269 487 1546 539 Hieronymi
1572 488 1833 528 indefessus
1863 489 1994 530 labor

363 558 662 609 studiosaque
684 558 914 598 industria
935 558 1071 598 nobis
1093 558 1319 609 suggerit.
1344 558 1434 598 Hic
1454 559 1592 599 tertio
1615 559 1688 599 die
1710 560 1767 599 ab
1791 560 1995 600 aduentu

360 641 460 679 SUO,
484 628 731 669 Natiuitati
752 629 965 680 Virginis
987 640 1140 679 sacro,
1164 629 1384 680 Episcopi
1406 630 1629 681 impulsu,
1658 630 1890 682 frequenti
1918 643 1994 671 au—

360 700 516 740 ditm-u
537 701 870 740 circumstante
893 706 1098 749 caterua,
1124 688 1398 740 concionem
1423 700 1605 752 habuit,
1634 701 1734 752 ipso
1762 702 1995 753 Episcopo

359 779 619 823 praesente,
646 771 901 823 auidasque
919 772 1171 823 praebente
1188 783 1341 823 aures,
1361 772 1408 812 in
1424 783 1548 823 pago
1564 773 1864 823 Beauregard
1883 785 1994 814 nun-

360 849 543 894 cupato
584 842 898 894 Proximoque
934 843 1008 882 die
1043 842 1276 882 dominico
1312 843 1435 882 intra
1469 849 1688 883 octauam
1726 843 1996 884 Natiuitatis

358 913 632 964 Virgineae‚
662 914 709 954 in
740 915 886 954 altero
922 924 1045 965 pago
1073 914 1229 953 vicino
1262 914 1536 954 cocionatus
1566 921 1635 954 est
1664 915 1846 955 iterum.
1885 915 1996 955 Mox

359 984 502 1025 RdiSS'·
526 986 788 1036 Episcopus
808 992 1057 1036 utrumque
1079 984 1092 1002 “²
1117 984 1177 1024 ad
1197 985 1458 1025 visitandos
1479 985 1707 1035 infirmos,
1733 986 1992 1026 incarcera-

358 1062 445 1107 tos,
469 1063 513 1096 et
532 1068 764 1108 pauperes
785 1068 867 1108 per
894 1067 1042 1108 pagos
1071 1056 1383 1096 circuuicinos
1410 1056 1611 1107 legauit:
1640 1058 1805 1109 quibus
1834 1057 1995 1098 decem

359 1127 489 1168 dieru
522 1128 738 1179 periodo,
775 1127 1152 1168 exhortationem
1185 1127 1648 1180 consolationemque
1684 1129 1939 1169 salutarem
1971 1142 1994 1169 e

359 1199 617 1239 visceribus
644 1199 889 1239 charitatis
917 1197 1210 1248 effundendO,
1248 1203 1306 1247 et,
1340 1199 1650 1250 eleemosynis
1679 1200 1736 1240 ab
1765 1200 1997 1251 Episcopo

358 1270 738 1322 subministratis,
762 1270 1034 1311 necessitati
1055 1281 1219 1309 eorum
1240 1269 1573 1321 subueniendo,
1599 1271 1767 1311 animis
1794 1271 1996 1323 corpori-

357 1341 535 1393 busque
559 1353 751 1393 operam
772 1340 1117 1393 impenderunt.

439 1412 547 1453 Post
581 1414 713 1464 haec,
751 1413 1022 1455 imminente
1057 1419 1252 1454 sacroru
1289 1412 1456 1453 ordina
1486 1413 1748 1464 collatione,
1783 1420 1995 1466 uterque,

356 1485 579 1536 Episcopi
600 1485 727 1525 iussu
749 1486 808 1526 ad
830 1486 992 1526 urbem
1009 1486 1395 1527 Clarmontanam
1412 1485 1767 1538 proficiscentiS,
1793 1485 1997 1525 accessit

356 1556 516 1596 vicini]
538 1557 767 1597 coenobii]
787 1557 891 1597 frm.
916 1557 1182 1608 Minimoru‚
1207 1570 1314 1599 cum
1336 1569 1518 1598 summa
1538 1557 1829 1596 humanitate
1857 1568 1883 1596 a
1913 1555 1996 1596 Pa·

356 1633 428 1667 tre
449 1627 698 1668 Minimoru
721 1635 962 1681 exceptus:
981 1629 1090 1669 hinc
1113 1630 1172 1670 ad
1188 1641 1365 1681 pagum
1381 1629 1592 1679 finitimu,
1612 1628 1905 1668 sacerdotem
1920 1638 1994 1679 ge·

356 1699 469 1738 mini
490 1699 727 1740 homicidii
748 1705 831 1740 reu
851 1701 1112 1741 moniturus
1135 1701 1339 1752 captiuu,
1364 1700 1567 1741 deflexit.

436 1769 666 1821 Tempore
687 1776 882 1811 sacroru
909 1772 1076 1812 ordini]
1106 1771 1248 1812 RdiSS·
1272 1773 1509 1824 Episcopi]
1536 1770 1773 1811 subsecuti
1795 1776 1904 1810 sunt
1936 1769 1996 1810 ad

355 1841 594 1882 ciuitatem
616 1841 1001 1882 Clarmontanam
1023 1843 1081 1883 ab
1103 1844 1361 1895 eodemque
1392 1842 1523 1883 missi
1556 1842 1616 1882 ad
1642 1841 1751 1882 fres.
1782 1840 1994 1881 Domini-

355 1924 514 1962 canOS,
539 1913 662 1964 apud
683 1925 799 1965 quos
820 1914 1023 1965 benigne
1044 1915 1243 1966 excepti,
1268 1914 1449 1954 duabus
1470 1913 1688 1953 noctibus
1709 1912 1880 1952 ibidem
1903 1924 1997 1952 mo-

354 1984 445 2024 rati
464 1991 587 2024 sunt:
611 1984 719 2024 hinc
741 1985 800 2025 ad
821 1985 992 2025 fratres
1014 1997 1069 2025 ac
1092 1985 1352 2025 Monachos
1373 1984 1719 2033 Benedictinos,
1740 1983 1863 2035 apud
1881 1995 1998 2035 quos

354 2055 546 2095 totidem
569 2063 723 2096 tresue
744 2062 907 2096 noctes
929 2056 1228 2108 quieuerunt,
1259 2056 1505 2108 utrobique
1533 2056 1693 2106 templi
1721 2067 1776 2095 ac
1804 2066 1996 2094 mensae

354 2127 590 2166 consortio
612 2127 948 2168 humanissime
979 2128 1211 2168 honorati.
1241 2128 1411 2168 Postea
1437 2133 1634 2179 uterque
1662 2126 1998 2166 Nosocomium

353 2209 437 2238 seu
464 2198 824 2249 xenodochium,
862 2198 1006 2239 R.diSS-
1030 2199 1252 2251 Episcopi
1281 2210 1438 2249 suasu,
1477 2197 1604 2249 adiit,
1642 2197 1767 2249 quod
1798 2198 1845 2237 in
1884 2197 1997 2237 urbe

354 2269 699 2310 Clarmontensi
720 2270 859 2310 situm
881 2277 965 2321 est,
992 2270 1203 2311 infirmos
1225 2271 1569 2310 consolaturus.
1595 2268 1658 2309 At
1681 2281 1707 2309 a
1727 2268 1849 2308 Dno.
1874 2267 1991 2309 Can-

354 2341 545 2380 cellario
567 2340 711 2381 R.diSS·
734 2341 970 2393 Episcopi,
995 2341 1275 2393 qui'praeest
1293 2341 1549 2381 redditibus
1566 2339 1847 2380 xenodochii
1865 2340 1996 2380 mini-

354 2413 575 2461 strandiS,
601 2413 721 2453 mira
743 2425 798 2453 ac
819 2425 943 2453 noua
966 2413 1259 2453 humanitate
1281 2412 1467 2464 excepti
1493 2412 1645 2452 ambo.

435 2482 677 2523 Postremo
699 2483 838 2524 demi]
859 2484 947 2535 die,
971 2495 1062 2535 quo
1084 2484 1385 2525 Claromonte
1407 2483 1590 2524 rediere
1612 2482 1671 2523 ad
1697 2481 1871 2522 Arcem
1891 2482 1995 2533 Epi-

354 2555 488 2606 scopi
518 2555 824 2606 Beauregard
854 2560 1163 2607 nucupatam,
1197 2554 1246 2595 P.
1278 2555 1596 2606 Hieronymus
1622 2554 1669 2594 in
1699 2553 1994 2593 xenodochio

355 2625 591 2666 sacrificiu
622 2626 794 2666 Missae
823 2626 1007 2677 obtulit,
1039 2633 1083 2666 et
1112 2627 1355 2667 cocionem
1385 2626 1444 2666 ad
1477 2625 1687 2666 infirmos
1714 2631 1758 2665 et
1786 2630 1995 2665 astantes

356 2697 594 2737 auditores
622 2697 798 2737 habuit.
835 2697 1073 2738 Reuersus
1108 2698 1168 2738 ad
1202 2697 1377 2738 Arcem
1403 2696 1624 2748 Episcopi
1652 2701 1710 2736 cu
1735 2695 1804 2736 fre
1833 2703 1995 2736 nostro

356 2767 565 2819 Morelio,
589 2780 699 2808 mox
720 2780 747 2808 a
768 2768 912 2808 Rſsfiss·
935 2768 1058 2809 Dno.
1082 2769 1333 2809 remittitur
1361 2768 1421 2808 ad
1442 2768 1679 2808 ciuitatem
1701 2767 1994 2808 Clarmonta-

356 2851 481 2890 nam,
504 2846 553 2879 ut
575 2839 769 2880 infirmis
790 2840 1074 2880 xenodochii
1095 2845 1206 2892 spus
1227 2846 1272 2880 et
1293 2839 1505 2891 corporis
1525 2839 1646 2879 ferat
1668 2839 1906 2890 suppetias
1924 2850 1994 2878 sa-

411 2975 420 2995 ¹
463 2976 555 3008 Quae
571 2984 590 3002 a
605 2977 745 3003 vocibus
761 2976 912 3003 Praeter
926 2975 1044 3002 divini
1063 2975 1236 3009 hucusque
1252 2975 1480 3006 continentur.
1497 2975 1585 3002 linea
1600 2974 1808 3008 superducta
1826 2975 1992 3001 cancella-

359 3023 409 3050 vit
426 3022 601 3056 Polancus,
619 3031 658 3050 ne
675 3024 761 3051 forte
777 3031 862 3058 quae
878 3023 918 3050 iis
934 3027 1121 3050 narrantur
1135 3023 1168 3050 in
1186 3023 1375 3057 exemplum
1391 3022 1590 3049 transirent.

412 3069 426 3089 ²
465 3071 606 3105 Le-Bas,
622 3072 764 3104 scilicet,
781 3076 814 3098 et
830 3071 944 3098 Morel.
