2168 3437
374 188 425 225 90
892 188 1122 226 LITTERAE
1148 198 1508 232 QUADRIMESTRES

380 286 595 326 meditati
616 291 738 336 sunt,
764 285 854 325 viri
877 285 1002 325 docti
1024 291 1067 325 et
1084 284 1287 325 nominis
1310 284 1356 325 in
1378 283 1606 335 religione
1637 295 1737 335 sua,
1771 284 2025 325 laetantur-

378 369 470 409 que
491 357 538 397 in
560 357 803 398 audiendis
825 356 1075 397 Societatis
1091 357 1247 407 rebus,
1273 355 1531 408 eidemque,
1556 356 1603 395 in
1624 356 1792 407 quibus
1810 361 2020 408 possunt,

380 429 576 469 libenter
597 435 786 481 praesto
808 434 928 469 sunt.

461 499 550 552 Qui
571 500 758 541 demum
779 501 855 540 hic
879 512 1123 540 manemus
1140 511 1300 540 sumus
1322 512 1380 540 ex
1404 499 1496 540 alia
1517 499 1716 551 epistola
1747 500 1860 540 noti.
1884 499 2023 540 Vale-

379 582 498 623 mus,
523 571 579 612 de
596 579 693 624 quo¹
709 571 913 612 Domino
931 572 1114 623 gratias
1132 572 1331 623 agimus,
1355 571 1544 623 reliqui3
1567 571 1696 611 solus
1716 570 1766 611 P.
1787 576 2020 622 aegrotat:

376 653 543 683 omnes
566 643 956 695 occupationibus
978 643 1093 683 satis
1115 643 1422 683 abundamus.

461 713 749 764 Vallisoleti,
773 715 958 755 kalend.
982 714 1194 767 januarii
1220 713 1334 754 1553.

730 787 956 838 Indignus
976 785 1025 826 P.
1049 786 1108 827 V.
1133 786 1268 837 filius,

1410 930 1485 971 VA
1493 942 1584 971 LDE
1614 929 1860 971 RAvANus.

492 1286 777 1315 Praecedentium
792 1287 907 1314 Patris
922 1287 1062 1320 Joannis
1078 1287 1117 1314 de
1131 1287 1394 1315 Valderrabano
1409 1288 1606 1315 litterarum
1621 1287 1739 1314 italica
1753 1287 1867 1314 versio
1884 1289 1905 1314 ¹.

1156 1501 1255 1543 IHS

458 1714 626 1755 Gratia
642 1720 686 1755 et
707 1726 817 1766 pax,
843 1721 931 1755 etc.

457 1786 599 1827 Molte
622 1798 730 1827 cose
757 1786 874 1837 (R.d0
897 1788 944 1827 in
967 1787 1101 1828 Chr.O
1122 1788 1190 1838 P.)
1214 1789 1253 1828 si
1275 1788 1335 1828 ha
1357 1789 1551 1840 dignato
1582 1789 1613 1828 il
1635 1787 1833 1840 Signore
1860 1793 2024 1828 nostro

373 1859 557 1909 operar’
594 1858 641 1898 in
672 1858 823 1910 questi
854 1858 880 1897 4
905 1859 1021 1899 mesi
1049 1871 1130 1911 per
1156 1859 1187 1899 li
1208 1860 1410 1900 ministri
1438 1860 1483 1900 di
1519 1865 1681 1912 questa
1709 1872 1794 1900 sua
1831 1860 2024 1900 minima

372 1929 692 1981 Compagnia,
718 1941 743 1969 a
767 1931 921 1981 gloria
945 1931 990 1970 di
1012 1942 1097 1970 sua
1120 1931 1223 1970 Mt&
1245 1938 1289 1970 et
1311 1931 1557 1971 confusion
1573 1937 1750 1971 nostra.

455 2001 529 2042 Un
548 2001 754 2053 giovane
777 2002 862 2042 che
884 2003 1045 2042 soleva
1068 2003 1211 2042 molto
1233 2005 1374 2043 esser‘
1402 2003 1511 2043 dato
1534 2004 1622 2053 alle
1639 2003 1801 2043 vanita
1822 2008 1867 2043 et
1889 2003 2019 2042 lasci-

374 2073 451 2113 vie
473 2072 547 2112 del
568 2072 756 2123 mondo,
782 2072 950 2113 adesso
974 2085 1057 2124 per
1078 2085 1181 2124 gra.
1207 2074 1276 2114 del
1301 2074 1373 2115 S.1'
1389 2076 1424 2114 s’
1445 2077 1469 2113 e
1492 2074 1760 2114 confessato
1784 2074 1908 2126 (qual
1928 2086 2022 2114 non

370 2145 536 2184 soleva
557 2155 719 2196 spesso
741 2144 1070 2195 confessarsi);
1093 2145 1261 2185 adesso
1282 2157 1331 2185 se
1353 2145 1568 2186 confessa
1587 2145 1697 2197 ogni
1713 2144 1835 2185 festa
1854 2145 2020 2196 princi-

373 2216 479 2267 pale
495 2221 539 2255 et
554 2214 741 2267 quando
756 2215 992 2255 mancassi
1004 2216 1202 2267 qualche
1217 2217 1360 2266 volta,
1378 2228 1498 2256 vene
1515 2216 1784 2268 piangendo
1801 2227 1828 2255 a
1846 2216 2021 2256 diman-

371 2287 475 2327 dar'
494 2287 704 2339 perdono
726 2299 752 2326 a
780 2293 869 2327 n.¹·0
889 2285 959 2327 S.¹“
976 2287 1097 2327 della
1114 2288 1403 2339 negligentia
1422 2295 1629 2339 passata,
1653 2301 1748 2328 non
1766 2300 1907 2328 senza
1930 2288 2021 2329 edi-

373 2357 584 2398 fication’
609 2363 789 2398 nostra.

456 2429 598 2469 Molte
624 2441 824 2481 persone
854 2430 1133 2470 desiderano
1168 2432 1344 2470 mutar'
1383 2442 1467 2471 sua
1502 2431 1601 2471 vita
1632 2431 1679 2471 in
1715 2431 1907 2482 meglio,
1944 2442 2019 2470 ve-

374 2501 529 2541 nendo
549 2501 597 2541 in
617 2506 781 2542 nostra
803 2512 916 2541 casa
933 2502 1064 2542 accio
1088 2513 1136 2541 se
1156 2502 1186 2541 li
1203 2501 1428 2553 imponga
1446 2502 1645 2553 qualche
1665 2514 1776 2542 cosa
1793 2513 1876 2553 per
1898 2512 2019 2541 esse-

370 2573 529 2625 guirla
550 2579 594 2613 et
615 2580 785 2613 stanno
816 2574 958 2613 molto
991 2572 1223 2613 riformati
1245 2573 1319 2612 nei
1346 2573 1456 2613 boni
1487 2574 1701 2623 costumi,
1733 2578 1777 2613 et
1799 2572 2020 2613 admirati

375 2644 495 2684 della
516 2645 668 2684 cecita
690 2644 774 2684 che
797 2644 952 2684 inanzi
974 2650 1189 2694 stavano,
1214 2643 1452 2684 laudando
1474 2650 1518 2684 et
1538 2644 1778 2685 iubilando
1798 2644 1841 2684 al
1858 2643 1931 2697 ΞΡ

454 2714 489 2754 Il
510 2715 557 2755 di
578 2715 698 2755 della
719 2714 921 2755 nativita
942 2714 1015 2754 del
1031 2712 1100 2754 ΞΕ
1119 2726 1168 2754 se
1186 2714 1285 2754 son’
1300 2713 1556 2755 confessati
1575 2714 1655 2755 300
1676 2726 1876 2767 persone
1898 2725 2018 2766 poco

372 2785 454 2836 piu
475 2798 501 2825 o
522 2797 674 2836 meno,
709 2786 828 2826 onde
849 2797 944 2826 non
972 2785 1113 2837 pochi
1134 2787 1169 2824 s'
1201 2785 1358 2824 hanno
1389 2786 1731 2826 mirabilmente
1767 2785 2016 2836 aggiutati;

372 2857 700 2908 spetialmente
726 2857 867 2908 quelli
893 2856 1018 2908 quali
1045 2856 1283 2896 vivevano
1313 2857 1406 2896 mal
1426 2856 1633 2896 maritati
1654 2862 1699 2896 et
1734 2856 1953 2907 apartati,
1978 2855 2019 2896 si

429 3017 438 3036 ¹
480 3017 577 3045 Folio
592 3018 701 3049 unico.
715 3026 745 3045 n.
761 3017 823 3045 380.
