2168 3437
922 243 1004 281 ΑΝ.
1035 244 1127 281 1553
1775 244 1849 282 333

204 354 298 382 non
333 345 587 391 occupetur
618 339 818 391 penitus.
849 339 964 381 Sunt
997 341 1120 381 enim
1155 341 1329 392 aliquot
1363 342 1410 381 in
1445 341 1617 381 scholis
1653 340 1843 392 assidui,

205 423 404 464 quorum
422 411 574 461 labor,
599 416 649 450 ut
670 421 890 462 magnus,
913 411 978 451 ita
1000 417 1126 452 certe
1154 423 1248 452 non
1278 412 1451 452 irritus.
1477 411 1691 463 Augetur
1722 412 1845 451 enim

207 489 250 524 et
277 482 612 533 discipulorum
638 481 687 521 in
718 481 917 522 virtutes
949 482 1176 533 studium,
1216 489 1260 522 et
1292 483 1340 522 in
1372 483 1537 522 litteris
1567 483 1634 523 sic
1663 494 1846 534 promo-

206 559 318 594 vent
350 559 400 593 ut
433 552 667 592 neminem
696 552 924 593 hactenus
954 553 1129 605 aliquot
1162 565 1346 593 menses
1382 554 1504 605 apud
1539 565 1624 593 nos
1659 553 1846 593 trivisse

206 624 509 676 poenituerit,
543 622 850 675 effectumque
884 629 955 664 est
986 629 1036 664 ut
1064 624 1245 664 maiora
1278 624 1334 664 ab
1365 625 1453 664 hoc
1483 624 1733 665 Societatis
1767 636 1847 664 no-

206 700 332 735 strae
363 694 561 745 collegio
592 694 761 734 civitas
791 694 1016 735 beneficia
1047 700 1092 734 et
1126 695 1323 746 recipiat
1354 700 1398 735 et
1426 701 1596 746 speret.
1630 694 1727 735 Nec
1760 706 1846 735 sua

205 777 286 817 spe
306 764 510 815 ludetur,
535 765 721 816 opinor,
747 766 787 805 si
808 764 938 806 Deus
961 777 1154 805 suorum
1176 771 1375 805 conatus
1397 766 1682 806 secundarit.

285 836 433 876 Actus
454 842 524 876 est
545 836 674 876 hisce
694 835 1028 876 penthecostes
1048 836 1178 876 festis
1201 848 1228 875 a
1248 838 1404 887 pueris
1426 838 1609 888 publice
1631 837 1847 889 dialogus

206 908 252 948 in
273 907 534 948 studiorum
556 907 766 958 laudem,
790 907 1015 947 carmine.
1038 907 1241 947 Habitae
1270 914 1378 947 sunt
1409 914 1454 947 et
1482 908 1658 959 aliquot
1680 908 1846 949 oratio-

205 990 301 1019 nes,
345 978 481 1029 Quod
518 978 603 1018 fuit
642 978 800 1018 multis
839 978 1164 1029 gratissimum
1203 985 1248 1018 et
1283 978 1495 1018 omnibus
1531 979 1845 1030 admirationi;

200 1049 389 1101 jamque
410 1049 546 1089 desiit
568 1049 687 1089 inter
708 1049 880 1099 vulgus
907 1048 1064 1100 opinio
1093 1049 1324 1100 quaedam
1351 1050 1584 1100 grassari,
1615 1050 1727 1090 nulli
1753 1062 1847 1090 ma-

205 1121 279 1172 gis
299 1132 441 1172 quam
470 1120 574 1160 urbi
606 1120 710 1171 ipsi,
743 1120 782 1160 si
811 1119 1047 1171 durasset,
1073 1119 1313 1160 offectura.
1338 1120 1451 1160 Erat
1482 1127 1635 1161 autem
1664 1132 1847 1161 morum

205 1191 590 1232 reformationem
621 1196 1047 1243 quantamcumque
1077 1203 1104 1231 a
1134 1191 1380 1240 societate,
1413 1203 1507 1232 non
1541 1192 1720 1232 litteras
1747 1204 1846 1244 spe-

205 1261 380 1303 randas
407 1273 524 1302 esse.
558 1261 795 1302 Laudetur
817 1262 856 1302 is
878 1262 1069 1314 ubique,
1102 1262 1181 1314 qui
1208 1262 1334 1302 vires
1367 1269 1411 1302 et
1441 1263 1635 1303 contulit
1673 1269 1716 1303 et
1756 1263 1846 1303 col-

204 1334 384 1374 laturus
404 1338 473 1373 est
495 1332 716 1383 maiores,
741 1332 780 1372 si
802 1333 919 1373 tales
940 1345 1026 1373 nos
1047 1334 1422 1385 praebuerimus,
1448 1334 1610 1385 quales
1635 1334 1725 1374 hoc
1753 1346 1848 1374 mu-

204 1416 293 1444 nus
313 1403 562 1444 desiderat.
586 1403 683 1444 Nec
711 1404 861 1444 solum
891 1403 1121 1444 Dominus
1153 1404 1354 1445 fratrum
1384 1417 1526 1456 opera
1556 1417 1705 1445 novos
1735 1417 1849 1445 suae

205 1475 373 1516 vineae
413 1474 630 1526 palmites
669 1474 820 1526 fovet,
858 1475 1041 1527 illisque
1081 1475 1210 1516 addit
1245 1476 1600 1516 incrementum.
1643 1475 1765 1527 Quin
1804 1482 1849 1516 et

204 1546 518 1596 luxurianteS,
548 1544 741 1586 Patrum
761 1552 1035 1586 nostrorum
1060 1547 1320 1587 ministerio
1342 1553 1495 1598 putat,
1525 1554 1569 1587 et
1599 1547 1655 1587 de
1682 1547 1849 1598 quibus

203 1617 331 1657 nulla
352 1628 459 1668 spes
480 1617 661 1657 fructus
682 1628 784 1657 esse
808 1617 1075 1668 videbatur,
1100 1629 1206 1658 cum
1222 1616 1319 1669 jam
1341 1630 1368 1658 a
1389 1618 1546 1658 multis
1575 1618 1710 1658 annis
1731 1618 1845 1658 nihil

204 1688 516 1728 reddidissent
537 1688 711 1740 vixque
731 1688 890 1728 vitalis
910 1689 1120 1729 humoris
1140 1689 1188 1729 in
1209 1690 1397 1729 surculo
1426 1689 1661 1729 tantillum
1688 1700 1846 1741 super-

205 1765 348 1810 esset,
371 1758 532 1810 largos
549 1757 646 1810 jam
667 1759 782 1799 satis
802 1765 1060 1811 proventus
1088 1760 1381 1811 pollicentur.
1405 1760 1463 1800 Et
1483 1761 1663 1800 utinam
1690 1761 1848 1812 plures

206 1830 443 1881 adessent,
475 1830 552 1882 qui
584 1831 865 1882 importunis
894 1831 1067 1872 civium
1100 1831 1320 1884 precibus
1349 1838 1539 1883 possent
1572 1831 1684 1872 dare
1715 1832 1845 1872 satis.

286 1901 566 1942 Detinentur
585 1902 673 1942 nri.
697 1901 872 1943 solidos
894 1902 992 1943 dies
1014 1903 1061 1943 in
1083 1902 1328 1943 audiendis
1357 1902 1729 1943 confessionibus
1749 1909 1847 1943 tum

208 1973 353 2024 domi,
378 1985 468 2025 quo
488 1973 675 2025 plurimi
697 1974 956 2025 confluunt,
981 1974 1045 2014 illi
1065 1986 1159 2014 non
1179 1975 1404 2026 vulgares
1432 1974 1582 2025 cives,
1614 1980 1712 2014 tum
1732 1974 1851 2014 foris

207 2044 254 2084 in
281 2044 575 2095 carceribus,
612 2044 943 2096 ptoxodoehiis
974 2044 1000 2096 ¹,
1031 2046 1289 2096 coenobiis,
1323 2045 1522 2097 privatis
1553 2045 1759 2086 aedibus.
1790 2046 1847 2085 Et

178 2104 182 2109 ⁸
209 2121 306 2156 toto
335 2115 727 2168 quadragesimae
757 2122 965 2168 tempore
994 2116 1183 2157 fuerunt
1214 2117 1620 2168 frequentissimae
1651 2128 1848 2168 occupa-

209 2187 373 2227 tiones.
403 2186 544 2227 Novit
569 2186 698 2227 Deus
727 2193 902 2238 quanta
930 2188 1183 2228 multorum
1209 2189 1432 2239 utilitate,
1465 2188 1543 2239 qui
1574 2188 1639 2228 sic
1671 2187 1849 2227 confes-

210 2257 354 2297 sionis
383 2264 731 2298 sacramentum
762 2258 1062 2310 frequentare
1098 2264 1468 2309 consueverant,
1501 2265 1549 2299 ut
1581 2258 1688 2310 quid
1726 2264 1848 2298 esset

210 2328 483 2379 ignorarent
503 2329 661 2380 plane,
686 2334 766 2369 aut
786 2329 827 2369 si
847 2328 1074 2370 adiissent
1096 2329 1369 2381 aliquando,
1395 2341 1544 2369 annos
1560 2329 1704 2369 ferme
1725 2335 1851 2370 totos

209 2400 256 2439 in
277 2399 540 2449 adulteriiS,
568 2399 727 2451 furtis,
761 2406 805 2440 et
834 2400 953 2440 odiis
980 2407 1024 2441 et
1050 2400 1097 2441 id
1126 2411 1278 2451 genus
1309 2400 1581 2441 criminibus
1612 2400 1847 2440 sexcentis

209 2470 454 2510 triverant.
478 2469 611 2510 Multi
631 2470 814 2522 decem,
839 2471 916 2511 alii
946 2471 1017 2522 15,
1048 2477 1093 2512 et
1122 2470 1175 2512 20
1201 2472 1398 2524 aliquot,
1428 2477 1730 2523 peccatorum
1752 2482 1846 2511 sor—

210 2541 357 2582 didati
392 2553 538 2581 coeno
568 2541 810 2593 vixerant,
841 2543 943 2582 ausi
975 2542 1163 2583 interim
1196 2542 1531 2594 depuratorum
1557 2542 1672 2582 cibis
1699 2542 1844 2583 vesci.

210 2612 267 2653 Et
287 2624 449 2653 omnes
470 2611 735 2664 hujusmodi
756 2613 816 2653 ad
835 2625 921 2653 nos
943 2613 1260 2666 adducuntur,
1285 2613 1340 2654 de
1357 2625 1557 2665 quorum
1583 2614 1733 2653 salute
1750 2612 1848 2665 jam

208 2683 305 2724 fere
326 2683 450 2735 apud
470 2683 682 2723 homines
710 2683 1000 2735 desperatur.
1032 2684 1159 2736 Quos
1186 2684 1335 2735 DeuS,
1368 2690 1508 2736 prout
1535 2683 1633 2735 ejus
1660 2690 1729 2724 est
1758 2685 1847 2724 cle-

210 2755 402 2806 mentia,
426 2755 494 2795 sic
519 2760 678 2795 movet
704 2766 888 2806 omnes,
918 2761 968 2796 ut
996 2755 1112 2796 nihil
1142 2767 1268 2796 nunc
1298 2755 1451 2806 magis
1481 2767 1620 2806 quam
1650 2761 1847 2807 peccata

209 2824 446 2866 horreant.
470 2825 676 2866 Fuerunt
704 2825 899 2877 aliquot,
924 2826 1002 2878 qui
1030 2838 1080 2867 se
1107 2826 1324 2877 religioni
1351 2825 1587 2866 devovere
1609 2826 1774 2877 velint,
1807 2825 1848 2865 si

208 2895 368 2936 liceret
390 2895 588 2937 admitti.

265 3056 275 3076 1
314 3056 762 3084 Xenodochiz·s.Po1.ANcus.
