2168 3437
828 289 908 326 AN.
940 289 1031 327 1554
1679 293 1747 329 707

113 384 233 424 dic0.
257 382 348 424 Sed
369 396 482 424 sane
503 386 606 436 plus
627 392 697 426 est
717 398 858 438 quam
879 387 1019 428 scribi
1044 389 1214 439 possit,
1245 399 1329 427 nec
1363 389 1646 429 mediocrem
1670 401 1747 429 no—

113 455 183 495 bis
204 454 419 494 omnibus
440 455 573 496 affert
599 469 692 496 una
713 470 818 498 cum
847 459 1020 509 gaudio
1049 458 1407 499 admirationem
1435 460 1583 511 plebis
1612 459 1749 511 hujus

114 526 301 566 devotio
323 531 368 565 et
389 537 503 576 erga
524 539 598 567 res
620 527 805 568 divinas
834 529 1038 579 affectio,
1068 541 1208 581 quarn
1228 536 1271 569 et
1293 538 1494 570 externa.
1510 542 1654 582 opera
1676 530 1747 570 de-

115 602 364 647 mostrant,
387 603 452 646 et,
476 597 766 639 internorum
796 607 1006 640 motuum
1033 601 1230 647 conscii,
1263 600 1555 641 confessores
1591 607 1749 641 tacere

115 680 207 707 non
233 675 444 718 possunt.
481 668 531 708 In
559 675 692 709 tanta
717 670 1010 710 multitudine
1041 673 1275 711 excellunt
1301 678 1458 712 tamen
1488 673 1678 724 quidam
1707 680 1751 712 et

116 739 370 790 praecipua
401 739 603 791 quadam
636 741 808 792 pietate
848 742 1145 793 praefulgent
1177 743 1267 783 viri
1300 750 1345 783 et
1377 744 1618 793 mulieres,
1657 745 1748 795 qui,

117 810 290 850 cumin
310 811 483 850 mundo
505 812 618 861 sint,
644 812 700 852 de
721 813 894 853 mundo
911 819 1068 853 tamen
1095 814 1186 853 dici
1214 826 1307 854 non
1334 820 1542 865 possunt.
1568 815 1752 854 Etenim

117 882 274 922 carnis
295 887 339 922 et
360 883 536 923 saeculi
556 883 895 934 blandimenta,
920 896 1052 936 opes,
1076 884 1309 936 fortunas,
1334 897 1382 925 se
1404 886 1602 938 denique
1626 889 1753 938 ipsos

118 965 172 992 ac
195 964 280 993 sua
301 953 457 992 omnia
478 954 543 993 ita
564 966 676 1005 prae
697 954 798 994 Deo
819 955 1000 1007 Deique
1021 956 1198 996 honore
1220 957 1485 1008 negligunt,
1506 964 1554 996 ut
1571 957 1755 1008 quoties

118 1036 235 1076 opus
269 1024 348 1075 sit,
381 1025 557 1064 nullam
588 1025 679 1065 sint
705 1026 873 1066 horum
899 1026 1103 1066 habituri
1137 1027 1385 1068 rationem.
1419 1027 1554 1078 Quod
1584 1040 1754 1079 nequa-

118 1107 258 1146 quam
287 1094 513 1145 dicerem,
536 1095 627 1135 nisi
655 1108 706 1136 re
734 1097 835 1148 ipsa
856 1097 991 1137 nobis
1019 1104 1309 1148 compertum
1336 1099 1381 1138 id
1410 1099 1542 1139 foret.
1569 1099 1756 1139 Nullum

118 1166 241 1206 enim
276 1177 394 1217 opus
422 1166 617 1217 bonum,
648 1167 771 1218 quod
805 1168 904 1207 sive
938 1168 1048 1219 ipsi,
1088 1168 1204 1208 duce
1240 1167 1416 1220 Spiritu
1446 1169 1635 1214 Sancto.
1672 1181 1756 1209 sua

119 1244 282 1290 sponte
307 1238 463 1277 animo
492 1239 812 1290 conceperint,
843 1239 943 1279 sive
965 1250 992 1278 a
1012 1239 1223 1290 patribus
1250 1240 1424 1280 nostris
1456 1241 1757 1280 commissum

119 1309 209 1349 illis
229 1309 388 1360 fuerit,
413 1316 493 1349 aut
515 1309 657 1349 etiam
679 1315 936 1360 ostensum,
960 1310 1336 1361 praetermittere
1367 1311 1555 1351 omnino
1577 1312 1755 1351 volunt.

119 1381 188 1420 Ita
210 1387 255 1420 et
275 1392 507 1432 pauperes
529 1380 775 1432 adjuvant,
799 1388 844 1421 et
866 1387 1074 1421 mortuos
1109 1381 1272 1432 inopes
1299 1382 1547 1433 sepeliunt,
1582 1389 1626 1422 et
1656 1395 1758 1434 pec-

120 1457 307 1491 catores
335 1452 393 1491 ad
421 1452 548 1492 viam
571 1451 777 1502 justitiae
798 1459 1040 1493 revocant.
1069 1453 1128 1492 Et
1156 1452 1320 1503 paucis
1347 1460 1455 1492 ante
1485 1454 1648 1493 diebus
1669 1454 1761 1493 viri

120 1523 233 1573 duo,
258 1523 316 1562 ab
339 1523 412 1563 his
438 1524 677 1573 conversi,
708 1524 754 1563 in
783 1524 1140 1564 admirationem
1167 1524 1237 1563 sui
1264 1525 1536 1564 universam
1558 1524 1679 1564 hanc
1701 1525 1760 1564 ci-

121 1595 316 1634 vitatem
343 1601 693 1634 converterunt.
727 1595 873 1634 Erant
903 1594 1024 1634 enim
1055 1595 1286 1634 malorum
1318 1595 1525 1635 omnium
1552 1596 1761 1646 insignes

121 1666 324 1706 artifices
348 1673 392 1706 et
414 1666 578 1716 duces,
609 1672 678 1716 ut,
709 1667 749 1706 si
776 1677 893 1717 quas
914 1665 1102 1715 caedeS,
1126 1665 1164 1705 si
1186 1665 1310 1717 quod
1342 1665 1465 1706 aliud
1486 1667 1638 1706 scelus
1660 1667 1763 1718 quis

98 1743 303 1789 *optaret
325 1736 511 1787 confici,
536 1737 596 1777 ad
616 1737 717 1777 illos
744 1736 1033 1787 confugeret.
1064 1736 1283 1777 Mulieres
1312 1749 1445 1787 vero,
1470 1749 1645 1789 eaeque
1669 1750 1761 1777 ma-

121 1820 215 1859 gna
237 1820 295 1848 ex
314 1816 447 1860 parte
468 1808 668 1858 nobiles,
694 1809 816 1848 idem
830 1808 1064 1856 „maxime
1087 1808 1207 1847 inter
1237 1809 1522 1859 meretrices,
1545 1821 1695 1861 neque
1718 1809 1763 1848 id

123 1880 321 1930 frustra,
346 1879 529 1919 efficere
551 1885 797 1919 conantur.

203 1950 254 1990 In
275 1951 638 2002 quadragesima
659 1950 856 2001 singulis
878 1950 1038 1990 diebus
1059 1956 1129 1990 est
1156 1962 1183 1989 a
1210 1950 1311 1990 R.d0
1333 1951 1381 1990 P.
1407 1951 1557 1991 Otello
1580 1952 1762 1991 concio-

125 2028 308 2073 natum,
332 2022 463 2062 initio
484 2034 567 2074 per
587 2023 764 2073 aliquot
784 2022 883 2062 dies
904 2022 950 2061 in
971 2023 1141 2072 templo
1163 2021 1315 2062 Divae
1331 2022 1533 2072 Mariae,
1557 2022 1679 2074 quod
1696 2028 1766 2062 est

129 2093 204 2133 hic
225 2093 501 2142 maximum,
526 2093 703 2144 reliquo
727 2104 841 2132 vero
873 2099 1082 2144 tempore
1113 2092 1160 2132 in
1189 2099 1373 2141 nostro;
1404 2093 1579 2133 factum
1610 2100 1767 2133 autem

129 2164 240 2204 illud
258 2164 411 2204 fuerat
431 2168 602 2216 rogatu
624 2165 930 2215 magistratus
957 2162 1094 2214 hujus
1115 2164 1340 2212 civitatis,
1374 2171 1621 2216 propterea
1643 2164 1767 2216 quod

129 2235 314 2286 adesse,
338 2236 417 2287 qui
448 2236 707 2276 conductus
738 2235 910 2283 fuerat,
940 2234 1191 2286 impeditus
1221 2235 1344 2275 mala
1374 2235 1643 2275 valetudine
1673 2248 1767 2276 non

130 2313 360 2358 potuerat.
398 2308 481 2347 Est
516 2313 672 2347 autem
705 2307 951 2357 utrobique
985 2306 1114 2345 illum
1148 2306 1368 2346 comitata
1408 2306 1574 2357 ingens
1609 2309 1769 2359 populi

128 2379 399 2428 multitudo,
424 2391 545 2430 quae
566 2389 689 2418 nunc
723 2389 907 2429 quoque
937 2378 1106 2418 diebus
1135 2376 1264 2417 festis
1293 2389 1348 2417 ac
1379 2378 1624 2418 dominicis
1646 2389 1769 2429 auge

129 2459 202 2491 tur
232 2450 387 2502 potius
417 2462 558 2501 quarn
586 2450 840 2500 decrescit;
871 2455 919 2489 ut
950 2449 1200 2501 plurimum
1232 2449 1355 2488 enim
1388 2449 1453 2488 ita
1483 2450 1671 2500 plenum
1699 2457 1770 2490 est

131 2523 371 2573 templum,
396 2528 445 2561 ut
464 2521 546 2561 vix
566 2521 724 2572 plures
745 2532 913 2571 capere
929 2531 1068 2572 posse
1085 2520 1313 2560 videatur.
1335 2519 1578 2571 Tantoque
1601 2520 1770 2561 affectu

132 2593 327 2633 verbum
348 2592 457 2643 Dei,
480 2592 732 2643 praecipue
759 2592 1000 2641 mulieres,
1035 2597 1402 2642 prosequuntur,
1425 2598 1497 2640 ut,
1521 2592 1560 2632 si
1581 2592 1770 2643 quando

132 2664 295 2704 morbo
317 2664 472 2715 aliquo
500 2662 625 2703 domi
653 2663 974 2712 detineantur,
1004 2662 1189 2702 mittant
1218 2661 1346 2713 ipsae
1384 2662 1525 2712 alias,
1563 2674 1681 2711 quae
1708 2663 1770 2710 id,

132 2735 256 2786 quod
277 2735 530 2784 audierint,
555 2734 802 2785 diligenter
831 2733 921 2773 illis
948 2732 1169 2773 referant.
1193 2732 1370 2772 Diebus
1392 2738 1548 2772 autem
1568 2734 1769 2784 veneris,

132 2812 238 2858 post
258 2805 633 2846 Resurrectionis
662 2804 855 2854 festum,
887 2804 1220 2844 Ecclesiastem
1251 2803 1514 2844 Salomonis
1544 2804 1666 2844 idem
1688 2804 1772 2844 Pa-

134 2885 204 2917 ter
234 2883 303 2917 est
334 2877 683 2928 interpretatus.
715 2875 778 2916 At
808 2888 921 2916 vero
957 2875 1118 2915 diebus
1152 2875 1283 2915 festis
1313 2881 1357 2915 et
1387 2875 1634 2916 dominicis
1665 2875 1775 2929 Jobi

133 2949 324 2999 librum,
366 2960 504 2999 quem
540 2953 678 2987 antea
713 2947 983 2998 auspicatus
1005 2945 1172 2995 fuerat,
1201 2947 1514 2998 prosequitur.
1545 2945 1775 2998 Adjunxit

136 3032 339 3072 quoque,
363 3019 422 3059 ad
443 3018 670 3070 majorem
691 3018 956 3059 auditorum
985 3017 1208 3067 fructum,
1232 3023 1281 3057 ut
1302 3017 1348 3057 in
1370 3018 1568 3069 singulis
1590 3019 1773 3059 concio-

136 3092 274 3132 nibus
295 3091 531 3131 Psalmum
553 3090 753 3142 aliquem
774 3101 880 3129 curn
900 3088 1161 3139 Evangelio
1184 3087 1452 3139 conjungat.
