2168 3437
845 149 926 185 ΑΝ.
960 147 1053 186 1553
1710 147 1779 184 103

212 248 458 290 Caeterum
479 251 680 298 quatuor
700 246 964 297 puellarum
980 256 1087 295 una,
1112 243 1373 295 Religionis
1394 243 1656 284 institutum
1679 256 1769 284 am-

130 319 271 373 plecti
303 318 490 358 divinae
516 317 782 357 vocationis
811 316 1034 356 instinctu
1057 316 1286 364 animata,
1309 320 1415 366 post
1441 320 1659 354 exactam
1682 314 1770 355 dis-

131 391 396 432 cussionem
416 388 534 428 tanti
552 388 750 439 negotii,
770 388 848 439 pio
872 386 1045 427 affectu
1066 386 1299 437 decrevit,
1320 398 1396 435 ac,
1415 386 1510 426 iam
1523 397 1767 437 persuasa,

131 463 178 503 in
205 460 444 513 proposito
474 466 764 511 perseverat,
804 458 992 499 Christo
1022 457 1228 497 Domino
1259 457 1548 509 spiritalibus
1574 457 1766 508 nuptiis,

131 532 376 573 occasione
397 530 523 581 data,
543 529 880 570 consecranda.
906 528 1146 580 Reliquae,
1170 528 1376 569 fructum
1396 540 1561 568 sacrae
1588 528 1768 568 institu-

131 603 268 644 tionis
291 613 396 642 cum
416 601 610 641 foenore
631 601 986 652 locupletantes,
1012 600 1275 640 animarum
1297 611 1489 640 suarum
1510 599 1769 651 pretiosum

130 675 402 715 thesaurum
441 673 637 712 sollicite
677 678 870 712 servant
912 671 970 711 ab
1012 671 1138 711 omni
1181 670 1461 711 detrimento
1498 671 1768 711 immunem.

130 745 337 794 Duabus,
356 750 544 795 praeter
566 744 708 783 hasce
728 754 899 783 novem
920 741 1203 793 praedictas,
1228 742 1456 782 matronis
1486 743 1772 793 coniugatis,

131 816 368 857 honoratis
391 827 446 855 ac
474 814 709 864 divitibus,
737 813 858 854 Κῶς
898 813 947 853 Ρ.
986 821 1147 853 noster
1181 814 1405 852 nonnulla
1438 813 1773 853 exercitiorum

130 889 372 937 elementa,
403 898 488 926 ceu
514 893 936 938 progymnasmata
968 884 1216 936 quaedam,
1247 896 1331 935 pro
1367 885 1471 936 piae
1508 884 1774 925 affectionis

130 970 292 999 earum
325 958 527 1006 modulo,
552 957 758 1006 tradidit,
788 969 907 1008 quae
936 957 1040 1008 piae
1068 963 1174 996 sunt
1202 963 1247 996 et
1282 956 1338 995 de
1372 956 1505 996 nobis
1535 956 1653 996 bene
1682 968 1771 996 me·

131 1030 262 1070 ritae.
299 1029 479 1080 Cernis,
514 1028 653 1068 Pater
687 1028 1002 1077 observande,
1036 1039 1238 1068 messem
1272 1027 1517 1078 copiosam
1545 1027 1602 1067 ab
1631 1028 1771 1068 unico

129 1101 375 1141 collectam
392 1100 624 1152 operariO.
649 1099 888 1151 Quantum
905 1099 1168 1139 animarum
1190 1099 1373 1139 lucrum
1394 1099 1626 1150 superiori
1648 1110 1774 1139 emo-

128 1173 334 1212 lumento
376 1183 679 1211 accessurum
710 1171 985 1221 arbitraris,
1022 1170 1101 1210 ubi
1135 1170 1372 1210 adiutores
1405 1170 1582 1222 aliquot
1618 1169 1773 1210 Patris

129 1243 357 1284 industria
392 1248 532 1283 nacta
565 1242 705 1282 fuerit
739 1249 783 1282 et
817 1253 976 1282 rerum
1009 1230 1390 1281 necessariarum
1420 1241 1562 1293 (quae
1598 1241 1772 1281 bonam

129 1315 352 1366 temporis
387 1320 589 1366 partem,
623 1325 765 1365 aegre
800 1313 1113 1364 conquisitae,
1149 1313 1236 1352 sibi
1263 1312 1531 1362 vendicant)
1564 1324 1765 1353 commo-

131 1386 231 1426 dior
265 1393 482 1437 suppetet
515 1385 738 1425 facultas!
775 1384 866 1425 Sed
896 1392 1053 1424 utrum
1086 1391 1155 1424 tot
1185 1384 1315 1435 agris
1345 1385 1611 1424 animorum
1635 1396 1769 1425 exco-

129 1457 277 1497 lendis
296 1457 450 1497 Patris
473 1457 568 1508 (qui
589 1458 715 1496 solus
737 1468 927 1496 manum
948 1462 1108 1496 aratro
1131 1455 1366 1505 admovet,
1393 1455 1667 1507 pondusque
1685 1456 1777 1496 diei

132 1535 175 1569 et
197 1534 354 1568 aestus
385 1528 597 1577 sustinet)
627 1527 886 1568 industrius
916 1528 1046 1567 labor
1074 1526 1301 1577 fatigatus
1330 1527 1624 1566 remittatur?
1654 1525 1776 1577 Quid

132 1605 339 1640 cessaret
366 1605 445 1639 aut
480 1599 653 1639 Christi
680 1599 846 1639 vineae
882 1599 1116 1638 culturam
1145 1597 1501 1648 intermitteret,
1541 1598 1614 1638 cui
1650 1598 1776 1638 vires

129 1671 354 1711 exercitio
389 1670 623 1722 frequenti
661 1671 917 1710 alacriores
944 1669 1198 1710 succedere
1233 1681 1289 1709 ac
1320 1669 1499 1709 intendi
1534 1669 1775 1709 videntur?

129 1742 224 1783 Nec
245 1743 334 1782 hoc
355 1741 541 1793 quidem
568 1742 792 1793 temporis
811 1741 1010 1781 articulo
1038 1742 1262 1780 alteruter
1292 1752 1433 1780 sexus
1462 1741 1661 1792 spiritali
1683 1742 1774 1781 cul-

128 1820 234 1854 tura
264 1814 476 1865 privatus
498 1820 583 1853 est.
606 1813 767 1854 Vincit
790 1820 960 1863 tamen,
980 1824 1064 1864 pro
1082 1824 1226 1861 more,
1242 1812 1481 1852 muliebris
1498 1813 1649 1863 pietas
1670 1813 1774 1852 viri-

128 1885 218 1925 lem
257 1884 587 1925 constantiam.
623 1884 744 1924 Nam
779 1890 875 1924 tres
915 1895 1081 1924 sacrae
1117 1883 1352 1934 virgines,
1392 1895 1451 1923 ex
1484 1884 1775 1924 nobilissima

129 1962 259 1996 ortae
276 1956 513 2007 prosapia,
532 1955 848 1995 monasticum
860 1955 1122 1994 institutum
1134 1954 1389 2006 professae,
1407 1965 1513 1994 cum
1525 1955 1664 1994 unico
1678 1966 1773 1994 cer<

127 2033 227 2067 tant
254 2027 516 2077 sacerdote,
548 2038 688 2078 quae,
719 2026 1004 2077 spiritalium
1036 2025 1372 2065 exercitiorum
1399 2025 1613 2065 militiam
1645 2037 1773 2065 exer-

128 2104 302 2149 centes,
321 2098 526 2138 hostium
547 2107 765 2137 strenuae
788 2097 1157 2148 expugnatrices
1175 2096 1367 2136 effectae
1389 2103 1510 2146 sunt,
1535 2103 1578 2136 et
1600 2096 1773 2136 Beatis-

128 2169 232 2209 simi
253 2168 406 2209 Patris
423 2169 664 2209 Benedicti
691 2180 830 2208 sacra
850 2174 1099 2220 sequentes
1131 2168 1346 2219 vestigia,
1381 2167 1570 2208 Christo
1600 2179 1774 2219 sponso

129 2240 313 2280 interna
334 2246 380 2280 et
401 2246 596 2280 externa
618 2240 862 2290 Religione
885 2239 1158 2279 adhaerent.
1185 2237 1417 2279 Sacerdos
1439 2251 1621 2291 quoque
1642 2239 1772 2290 spiri-

129 2311 237 2351 talis
258 2311 410 2362 frugis
429 2312 603 2351 laetam
623 2311 842 2351 fiduciam
865 2311 1033 2350 animis
1055 2311 1229 2350 nostris
1250 2311 1499 2362 persuasit,
1524 2321 1660 2361 quem
1682 2310 1771 2350 Do—

131 2382 285 2422 minus
306 2393 390 2422 sua
408 2382 564 2433 gratia
587 2382 819 2432 dignetur.

209 2453 447 2504 Quantum
467 2465 581 2493 vero
603 2453 663 2493 ad
683 2453 888 2505 reliquos
910 2452 1062 2493 Patris
1083 2448 1269 2492 labores
1290 2452 1505 2503 pertinet,
1528 2464 1615 2492 nec
1634 2452 1680 2492 in
1698 2452 1772 2492 his

127 2524 420 2575 explicandis
456 2525 683 2564 orationis
713 2524 848 2575 copia
869 2524 1004 2564 nobis
1031 2524 1274 2564 subtracta
1302 2531 1397 2573 est;
1429 2524 1512 2563 sed
1543 2523 1771 2575 epistolae

129 2595 395 2646 prolixitas,
420 2607 511 2647 qua
534 2596 678 2635 animi
699 2596 789 2635 mei
805 2595 1002 2635 affectus
1018 2595 1171 2635 Patris
1188 2595 1470 2635 auctoritate
1493 2595 1771 2635 interdictus

125 2672 212 2716 est,
250 2666 389 2706 finem
421 2651 607 2717 suadet,
638 2679 694 2707 ac
721 2666 920 2718 proinde
942 2666 1099 2717 capita
1120 2666 1222 2717 ipsa
1254 2665 1521 2706 summatim
1541 2677 1769 2717 propone-

133 2748 250 2777 mus.
287 2736 465 2777 Diebus
486 2737 684 2788 singulis
713 2737 1034 2777 confessiones
1056 2736 1186 2776 audit
1207 2736 1348 2776 Pater
1369 2737 1415 2776 in
1442 2737 1556 2777 aede
1584 2736 1770 2778 Sanctis

127 2807 413 2859 Martyribus
431 2808 629 2848 Cosmae
652 2815 695 2848 et
717 2808 951 2848 Damiano
973 2820 1132 2859 sacra,
1157 2819 1276 2859 quae
1298 2814 1489 2848 nostrae
1516 2814 1586 2848 est
1606 2820 1767 2859 paroe-

129 2877 228 2918 ciae
248 2879 477 2919 Ecclesia.
500 2878 679 2919 Diebus
699 2880 850 2919 sacris
871 2879 919 2918 in
939 2878 1143 2919 Abbatia
1165 2877 1325 2918 Sancti
1345 2877 1570 2919 Germani
1597 2880 1765 2918 saluta-

127 2949 198 2988 ria
219 2949 539 2990 Poenitentiae
561 2956 605 2990 et
626 2950 952 2990 Eucharistiae
974 2956 1270 2990 sacramenta
1294 2950 1534 3002 utriusque
1550 2961 1690 2990 sexus
1712 2961 1769 2990 ac
