2168 3437
861 270 944 306 AN.
977 269 1069 306 1553
1708 270 1781 307 ‘243

141 367 338 407 tentium
369 366 629 417 frequentia
663 367 767 415 fuit,
805 366 926 406 inter
966 377 1082 417 quos
1115 366 1301 417 plurimi
1330 367 1472 407 totius
1507 379 1619 407 suae
1648 368 1776 408 Vitae

142 438 386 478 historiam
412 438 622 488 generali
649 437 941 477 confessione
969 443 1308 488 exposuerunt;
1339 438 1527 489 quidam
1548 439 1690 478 etiam
1711 439 1776 479 in-

142 508 282 558 firmi,
323 508 533 548 nonnulli
571 509 681 548 item
720 520 911 548 carcere
951 506 1148 556 detenti,
1187 506 1236 546 Ρ.
1273 507 1495 548 Andreae
1533 508 1542 527 ¹
1576 509 1777 550 confessi

143 585 264 619 sunt.

223 649 380 691 Creati
401 655 508 689 sunt
528 650 619 689 duo
641 649 932 700 sacerdotes,
962 649 1009 690 Ρ.
1043 651 1249 703 Joannes
1271 651 1553 692 Franciscus
1574 650 1602 702 ²,
1626 652 1675 692 P.
1699 651 1775 692 Ni-

142 722 302 761 colaus
322 720 626 770 Paradensis,
652 721 730 772 qui
753 721 894 760 etiam
914 721 961 760 in
983 722 1227 762 audiendis
1258 723 1631 762 confessionibus
1663 728 1777 762 stre—

139 803 230 831 nue
251 802 353 831 sese
375 797 708 841 exercuerunt,
732 792 1010 842 praesertim
1031 792 1079 832 P.
1104 792 1143 844 J.
1178 792 1486 842 Franciscus,
1519 793 1642 845 quod
1662 805 1776 833 non-

139 862 254 902 nihil
274 868 381 902 ante
402 861 451 901 P.
474 862 718 902 Nicolaum
740 861 941 913 gradum
962 863 1086 903 hunc
1108 864 1475 904 conscendisset.

220 933 447 973 Doctrina
470 933 726 973 christiana
747 933 864 973 feria
895 939 1048 983 sexta,
1081 940 1130 974 ut
1159 941 1287 985 ante,
1320 935 1477 985 pueris
1507 936 1773 986 exponitur.

140 1005 350 1045 Finierat
370 1015 473 1044 eam
494 1004 632 1055 paulo
661 1010 768 1044 ante
798 1003 942 1044 ferias
970 1005 1217 1056 paschales
1245 1004 1294 1045 P.
1324 1005 1564 1053 Andreas;
1595 1018 1777 1047 succes-

141 1076 200 1116 sit
219 1075 313 1115 iam
333 1075 381 1115 P.
405 1075 445 1128 J.
467 1075 770 1125 Franciscu5,
795 1076 874 1126 qui
895 1076 1107 1115 eamdem
1124 1076 1274 1116 denuo
1293 1088 1319 1116 a
1338 1076 1490 1127 capite
1508 1078 1773 1129 resumpsit,

142 1152 186 1185 et
207 1158 297 1197 quo
320 1146 556 1197 copiosior
575 1146 740 1186 messis
762 1146 867 1186 inde
888 1147 1159 1197 proveniat,
1194 1147 1440 1187 consuevit
1461 1148 1647 1198 singulo
1669 1161 1778 1199 quo-

140 1228 228 1268 que
250 1216 323 1257 die
345 1228 372 1256 a
393 1217 590 1268 singulis
613 1218 819 1269 aliquam
840 1218 939 1257 eius
959 1224 1143 1269 partem
1164 1229 1428 1270 reposcere.

221 1287 346 1339 Mag.
370 1287 614 1328 Salmeron
635 1289 723 1328 hac
745 1288 1108 1340 quadragesima
1129 1289 1176 1329 in
1197 1290 1369 1340 templo
1392 1290 1780 1331 Annuntiationis

143 1359 449 1399 concionatus
471 1364 561 1409 est3
584 1371 726 1410 porro
754 1360 987 1411 quomodo
1018 1371 1185 1400 munus
1213 1360 1303 1400 hoc
1333 1361 1568 1412 exegerit,
1599 1362 1781 1401 creditu

144 1429 280 1470 vobis
300 1441 440 1481 quam
467 1430 594 1470 dictu
626 1430 760 1470 nobis
785 1430 968 1470 facilius
995 1436 1130 1482 puto;
1161 1431 1314 1471 dicam
1342 1437 1499 1471 tamen
1526 1443 1670 1472 unum
1700 1438 1779 1472 aut

142 1502 340 1541 alterum
362 1501 418 1541 de
443 1501 622 1551 multis,
654 1514 678 1541 e
707 1501 873 1552 quibus
902 1507 1090 1542 caetera
1118 1502 1207 1553 ipsi
1235 1502 1405 1542 minori
1435 1503 1623 1554 negotio
1654 1504 1778 1543 colli-

140 1583 273 1622 gere,
297 1583 438 1624 quam
458 1584 544 1612 nos
565 1572 832 1623 significare
860 1573 1088 1624 poteritis.
1118 1573 1350 1625 Imprimis
1378 1575 1626 1614 universos
1646 1574 1742 1614 fere
1763 1574 1780 1593 ⁵

141 1643 458 1694 amplissimae
485 1644 624 1683 huius
651 1644 856 1684 civitatis
878 1643 1129 1695 primarios
1164 1645 1292 1684 viros
1321 1657 1375 1684 ac
1406 1646 1624 1685 mulieres
1653 1646 1778 1686 audi-

139 1719 265 1754 tores
285 1714 448 1754 habuit
468 1715 740 1765 continuos,
764 1715 812 1755 ni
832 1715 994 1755 forsan
1014 1716 1226 1755 nonnulli
1253 1716 1298 1756 id
1328 1717 1553 1768 temporis
1574 1717 1778 1768 negotiis

139 1785 405 1825 forensibus
426 1786 833 1837 praepedirentur:
858 1785 1024 1826 deinde
1047 1786 1188 1838 (quod
1208 1787 1378 1826 mirum
1399 1788 1483 1837 est)
1507 1788 1552 1827 in
1575 1788 1692 1838 dies,
1718 1788 1778 1829 ad

140 1857 353 1897 ultimum
374 1857 515 1897 etiam
534 1869 680 1909 usque
710 1858 852 1909 diem,
887 1858 1177 1898 audientium
1203 1860 1506 1899 accrescebat
1537 1872 1776 1911 numerus,

139 1928 257 1968 adeo
279 1939 413 1979 sane,
438 1935 486 1968 ut
506 1929 658 1979 locus,
684 1929 858 1980 alioqui
879 1929 1239 1981 capacissimus,
1265 1931 1646 1971 concurrentium
1663 1933 1778 1972 mul-

139 1999 383 2039 titudinem
404 2000 486 2039 vix
506 2011 674 2051 capere
695 2006 868 2051 posset.
891 2000 1009 2051 Iam,
1034 2001 1073 2040 si
1093 2001 1270 2051 lubeat,
1289 2002 1493 2052 gratiam
1511 2035 1518 2050 ,
1543 2003 1773 2054 spiritum,

141 2069 424 2121 doctrinam,
456 2071 685 2111 sermonis
719 2082 774 2111 ac
806 2071 1042 2111 rationum
1075 2072 1358 2123 claritatem,
1395 2073 1593 2125 denique
1622 2074 1776 2114 omnia

141 2141 253 2192 alia,
277 2141 443 2192 quibus
464 2153 576 2181 usus
597 2147 691 2193 est,
715 2142 1003 2182 adamussim
1030 2142 1226 2192 referre,
1258 2143 1384 2184 haud
1416 2144 1553 2184 dubie
1581 2145 1778 2196 epistola

140 2213 188 2252 in
217 2212 388 2252 iustum
408 2213 628 2253 volumen
658 2220 968 2253 excresceret.
992 2213 1083 2253 Pro
1120 2214 1192 2254 his
1226 2215 1442 2255 omnibus
1474 2216 1634 2266 igitur,
1669 2216 1777 2265 hoc,

140 2282 263 2334 quod
284 2288 329 2323 et
349 2283 448 2334 ipse
469 2284 656 2335 saepius
676 2284 850 2335 audivi,
872 2284 992 2325 dico:
1017 2285 1223 2325 omnium
1239 2286 1418 2326 scilicet
1435 2287 1778 2327 auditorumiu-

140 2354 284 2403 dicio,
307 2354 389 2394 vix
410 2354 609 2394 similem
629 2354 824 2407 Neapoli
851 2355 1062 2395 auditum
1089 2367 1192 2396 esse
1220 2357 1630 2408 concionatorem;
1655 2359 1779 2398 unde

140 2425 262 2465 inter
283 2431 470 2465 caetera
492 2431 538 2465 et
558 2425 671 2465 illud
692 2432 996 2466 consecutum
1018 2433 1087 2466 est
1104 2425 1119 2445 4
1140 2433 1208 2478 ut,
1239 2440 1346 2468 cum
1375 2429 1543 2468 civitas
1572 2436 1679 2469 ante
1702 2430 1779 2469 ad-

142 2501 334 2536 ventum
366 2495 521 2536 Patris
555 2508 648 2536 non
682 2496 874 2547 perinde
908 2503 1071 2537 nostra
1105 2499 1373 2548 praesentia
1409 2499 1691 2551 afficeretur,
1729 2501 1775 2541 in

141 2567 515 2618 praesentiarum
535 2567 758 2607 universa
780 2567 988 2619 Collegio
1016 2580 1155 2620 quam
1182 2570 1385 2610 maxime
1412 2570 1593 2621 faveat3
1624 2572 1776 2612 volue-

140 2644 248 2678 runt
269 2637 458 2690 quidam
480 2650 504 2678 e
525 2638 800 2689 primatibus
821 2639 929 2679 hinc
950 2640 1056 2680 inde
1086 2641 1409 2692 eleemosynas
1436 2641 1565 2682 Patri
1592 2654 1676 2693 pro
1699 2643 1777 2683 sti-

140 2708 309 2760 pendio
331 2709 625 2749 emendicare
643 2721 650 2760 ;
673 2721 837 2750 verum
860 2716 1041 2750 tantum
1069 2711 1216 2751 abfuit
1236 2718 1285 2751 ut
1306 2712 1395 2752 hoc
1417 2712 1703 2764 admitteret,
1727 2719 1779 2753 ut

198 2893 208 2913 ¹
248 2893 285 2921 P.
302 2893 460 2921 Andreas
473 2894 512 2921 de
529 2893 668 2921 Oviedo.

200 2941 214 2960 ‘2
251 2940 398 2974 Joannes
409 2941 614 2969 Franciscus
630 2941 794 2969 Araldus.

195 2988 210 3007 ⁵
240 2988 324 3022 fere
338 2988 481 3016 inseruit
496 2989 675 3016 Polancus.

196 3037 211 3057 4
247 3036 364 3064 Verba
379 3037 464 3064 haec
481 3038 573 3064 unde
594 3037 688 3064 inter
709 3038 851 3063 caetera
876 3038 966 3065 illud
987 3041 1211 3066 consecutum
1229 3042 1281 3066 est
1296 3041 1333 3066 ut
1353 3044 1430 3068 sunt
1447 3041 1594 3075 Polanci3
1610 3042 1775 3070 Peltanus

142 3084 232 3111 enim
247 3085 393 3112 dixerat:
410 3088 444 3112 et
459 3092 533 3112 rem
551 3085 601 3112 ita
617 3085 747 3112 luthere
761 3084 842 3112 hinc
857 3085 1032 3120 velfacile
1049 3087 1214 3120 colligere
1229 3089 1296 3119 est,
1311 3095 1406 3115 nam.
