2168 3437
888 269 970 304 Ax.
1004 268 1095 306 1554
1739 272 1810 309 665

175 363 316 402 aliam
337 364 634 404 occasionem
655 366 1039 416 praestolamur„
1073 366 1158 407 His
1180 368 1462 417 rationibus,
1487 369 1707 420 theologo
1728 381 1804 421 pa-

173 445 277 473 rum
299 434 473 485 dignis,
496 435 630 475 nobis
651 435 926 477 satisfacere
947 437 1138 478 studuit.

252 504 563 557 Posteaquam
586 518 843 547 consensus
864 508 1193 559 theologorum
1221 512 1491 562 extorqueri
1517 523 1611 551 non
1639 513 1802 563 potuit,

170 576 518 625 supersedimus
540 577 777 618 laboribus
797 578 940 619 hisce.
963 579 1027 619 At
1048 580 1238 631 quidam
1259 580 1508 622 Societatis
1528 583 1707 623 amicus
1722 595 1805 635 per

169 645 365 687 fratrem
394 658 551 698 suum,
583 648 795 689 Aedilem
825 649 870 690 S.
903 649 1084 702 Sulpitii
1116 652 1209 703 (qui
1241 653 1393 701 locus,
1428 665 1454 693 a
1481 652 1804 704 jurisdictione

169 716 389 769 Episcopi
410 719 609 768 alienus,
642 719 881 761 Cardinali
912 721 1143 762 Turnensi
1172 720 1385 763 subditus
1410 725 1510 774 est),
1541 725 1804 766 libertatem

167 787 415 839 Evangelii
434 790 737 841 praedicandi
758 791 870 831 mihi
891 792 1143 832 conciliare
1164 793 1354 834 studuit.
1383 794 1446 834 At
1475 807 1615 847 quum
1636 796 1802 836 Pastor

166 859 287 899 illius
322 861 570 909 ecclesiae,
602 861 765 902 doctor
798 863 1065 914 theologus,
1094 864 1229 904 nobis
1256 876 1423 915 parum
1456 867 1555 917 spei
1589 867 1799 917 donaret,

166 931 335 971 frivola
357 932 539 972 ratione
560 932 782 983 petitores
799 934 1036 985 repulsam
1056 935 1184 986 passi
1205 941 1327 976 sunt.

247 1001 457 1042 Tandem
492 1003 786 1044 consiliarius
821 1005 1030 1057 quidam,
1069 1005 1411 1057 impensissime
1449 1020 1561 1060 erga
1601 1008 1802 1050 Societa—

166 1081 258 1112 tem
279 1072 498 1123 affectus,
523 1074 754 1115 Dominus
774 1074 850 1116 Du
870 1075 1000 1116 Mont
1031 1076 1062 1127 ¹,
1086 1077 1158 1117 his
1188 1078 1370 1118 cavillis
1392 1085 1435 1118 et
1457 1081 1707 1120 multorum
1729 1093 1801 1121 ca-

165 1144 352 1184 lumniis
383 1144 610 1197 offensus,
644 1153 833 1187 strenue
860 1158 961 1188 rem
987 1153 1201 1188 nostram
1236 1150 1532 1200 aggreditur;
1572 1151 1667 1191 adit
1696 1152 1801 1204 Epi—

165 1227 361 1267 scopum
387 1215 721 1267 parisiensem,
753 1217 1025 1259 facultatem
1051 1218 1164 1258 mihi
1192 1219 1442 1270 petiturus,
1476 1227 1523 1261 ut
1553 1223 1677 1274 apud
1698 1235 1801 1263 san-

164 1292 289 1326 ctam
315 1286 593 1327 Trinitatem
619 1289 843 1338 postridie
873 1289 1144 1329 concionari
1172 1290 1283 1329 mihi
1313 1290 1385 1331 fas
1413 1293 1491 1340 sit,
1522 1293 1797 1345 Episcopus,

164 1358 370 1409 alioquin
403 1357 682 1400 Consiliario
716 1360 1132 1410 familiarissimus,
1161 1362 1402 1412 respondit
1433 1364 1678 1416 theologos
1714 1365 1799 1405 sibi

164 1429 379 1469 retulisse
400 1428 682 1470 Societatem
703 1437 913 1472 nostram
930 1443 1030 1472 rem
1051 1445 1152 1473 esse
1170 1434 1379 1474 illicitam
1400 1445 1541 1486 seque
1561 1447 1800 1493 nunquam

163 1511 249 1540 nec
284 1501 595 1541 concionandi
633 1513 720 1542 nec
754 1502 1073 1544 confessiones
1108 1504 1327 1545 audiendi
1360 1505 1632 1547 facultatem
1667 1508 1800 1547 nobis

162 1571 521 1621 permissurum,
545 1573 655 1623 nisi,
681 1575 915 1614 communi
944 1586 1073 1615 more
1094 1576 1381 1628 reliquorum
1403 1576 1731 1629 Sacerdotum,
1755 1586 1798 1618 et

162 1643 382 1693 potestati
411 1648 455 1682 et
479 1642 793 1694 jurisdictioni
823 1657 936 1685 suae
963 1646 1232 1686 subdamur.
1266 1647 1362 1687 Iam
1393 1649 1529 1688 tertio
1560 1650 1796 1700 repulsam

161 1713 288 1763 passi
310 1712 512 1754 Domino
540 1715 731 1766 negotia
754 1721 912 1756 nostra
943 1718 1339 1759 commendamus.
1370 1718 1474 1759 Fiat
1506 1720 1681 1771 optima
1711 1720 1796 1760 Dei

163 1784 405 1835 voluntas,
430 1797 570 1836 quam
590 1798 727 1826 nemo
749 1787 935 1828 irritare
956 1794 1111 1839 potest
1132 1790 1413 1830 mortalium.

241 1855 343 1895 Hoc
378 1868 537 1896 mense
575 1856 727 1898 Patris
768 1859 970 1910 impulsu
1011 1859 1071 1900 ad
1111 1859 1363 1901 Abbatiam
1405 1862 1679 1913 quamdam,
1725 1865 1797 1903 cui

160 1927 368 1967 nondum
389 1926 601 1968 Societas
627 1929 916 1980 innotuerat,
948 1930 1142 1980 missus,
1173 1932 1446 1972 concionem
1474 1933 1545 1973 bis
1572 1933 1714 1973 habui
1734 1933 1796 1982 iu-

158 1998 297 2038 bilaei
318 2010 344 2038 a
364 1998 589 2039 Pontifice
614 1999 804 2041 Summo
833 2001 1001 2041 indulti
1030 2008 1239 2053 tempore
1271 2014 1377 2043 cum
1406 2003 1527 2043 bona
1558 2004 1794 2055 religiosa-

159 2080 264 2109 rum
293 2075 337 2109 et
365 2071 622 2111 astantium
654 2072 921 2112 auditorum
950 2073 1099 2124 fruge.
1130 2073 1300 2113 Mirum
1327 2079 1397 2114 est
1427 2085 1568 2125 quam
1595 2075 1796 2126 benigne

158 2140 328 2181 ibidem
348 2153 442 2181 non
473 2142 611 2182 modo
642 2149 867 2194 exceptus
888 2144 987 2195 ipse
1008 2144 1199 2193 fuerim,
1224 2145 1306 2185 sed
1336 2144 1547 2186 Societas
1570 2146 1789 2187 universa

160 2211 353 2252 mirifice
385 2219 551 2253 evecta
578 2213 736 2264 fuerit,
768 2215 1169 2266 circumcingente
1204 2227 1277 2255 me
1306 2216 1511 2268 undique
1542 2217 1795 2268 Virginum

161 2294 352 2323 corona.
376 2283 502 2324 Laus
524 2285 583 2324 sit
604 2284 707 2325 Deo
730 2292 905 2326 nostro.

240 2353 310 2394 De
340 2340 495 2394 Patris
526 2355 763 2396 laboribus
798 2357 922 2408 apud
952 2356 1195 2405 Senatum,
1230 2369 1346 2409 quos
1380 2370 1474 2398 non
1513 2360 1796 2411 suscepisset

159 2425 248 2465 nisi
271 2431 464 2465 coactus
489 2432 588 2466 tum
608 2426 830 2478 Episcopi
844 2427 873 2478 ²,
904 2434 1001 2468 tum
1022 2429 1281 2468 amicorum
1301 2429 1489 2469 hortatu
1508 2442 1563 2470 ac
1588 2431 1796 2482 negotio-

158 2507 260 2536 rum
283 2497 552 2548 occasione,
576 2498 804 2548 proximis
834 2499 981 2539 literis
1009 2500 1168 2549 latius,
1192 2512 1250 2540 ne
1271 2501 1541 2551 prolixitate
1568 2514 1795 2542 veneran-

159 2567 268 2607 dam
288 2566 626 2608 Paternitatem
646 2575 775 2626 tuam
792 2569 1043 2611 offendam.

237 2637 402 2678 Patres
422 2638 684 2691 fratresque
702 2640 912 2681 universi
938 2653 1162 2693 prospere
1184 2643 1362 2693 valent,
1393 2654 1449 2682 ac
1481 2654 1566 2683 suo
1596 2643 1794 2694 fungun-

157 2715 233 2748 tur
255 2709 428 2759 officio,
453 2721 595 2761 seque
616 2716 742 2750 totos
763 2710 1074 2752 Reverentiae
1096 2718 1203 2752 tuae
1221 2712 1558 2754 officiosissime
1575 2713 1792 2759 offerunt,

157 2780 370 2830 tradunt,
405 2780 646 2831 dedicant,
679 2794 879 2833 quorum
912 2783 1016 2834 pios
1046 2783 1240 2824 affectus
1273 2791 1530 2836 sanctaque
1560 2785 1792 2825 desideria

157 2851 401 2891 sacrificiis
431 2858 475 2891 et
507 2852 797 2893 orationibus
827 2853 918 2893 tuis
943 2852 1134 2904 juvare,
1164 2866 1467 2905 promovere,
1491 2867 1547 2895 ac
1568 2855 1792 2907 perficere

212 3036 221 3055 ¹
262 3035 350 3063 Vide
366 3036 461 3070 Prat,
478 3037 499 3063 1.
516 3044 555 3067 c..
571 3042 662 3070 part.
677 3044 727 3071 111,
742 3037 798 3063 lib.
815 3044 836 3070 1,
852 3044 932 3071 pag.
943 3036 1006 3064 203.

210 3083 224 3102 2
263 3084 420 3118 Intellige
436 3083 758 3118 Claramontanum,
773 3091 839 3111 non
853 3083 1091 3111 Parisiensem.
