<?xml version="1.0" encoding="UTF-8"?>
<!DOCTYPE html PUBLIC "-//W3C//DTD XHTML 1.0 Transitional//EN"
    "http://www.w3.org/TR/xhtml1/DTD/xhtml1-transitional.dtd">
<html xmlns="http://www.w3.org/1999/xhtml" xml:lang="en" lang="en">
 <head>
  <title>
</title>
<meta http-equiv="Content-Type" content="text/html;charset=utf-8" />
  <meta name='ocr-system' content='tesseract 3.04.00' />
  <meta name='ocr-capabilities' content='ocr_page ocr_carea ocr_par ocr_line ocrx_word'/>
</head>
<body>
  <div class='ocr_page' id='page_1' title='image "./litteraequadrime1402lain_0206.png"; bbox 0 0 2168 3437; ppageno 0'>
   <div class='ocr_carea' id='block_1_1' title="bbox 313 242 1448 284">
    <p class='ocr_par' dir='ltr' id='par_1_1' title="bbox 313 242 1448 284">
     <span class='ocr_line' id='line_1_1' title="bbox 313 242 1448 284; baseline -0.004 -3"><span class='ocrx_word' id='word_1_1' title='bbox 313 243 388 281; x_wconf 74' lang='lat'>202</span> <span class='ocrx_word' id='word_1_2' title='bbox 829 242 1057 279; x_wconf 80' lang='lat' dir='ltr'>LITTERAE</span> <span class='ocrx_word' id='word_1_3' title='bbox 1084 250 1448 284; x_wconf 82' lang='lat' dir='ltr'>QUADRIMESTRES</span> 
     </span>
    </p>
   </div>
   <div class='ocr_carea' id='block_1_2' title="bbox 308 334 1962 2823">
    <p class='ocr_par' dir='ltr' id='par_1_2' title="bbox 309 334 1959 534">
     <span class='ocr_line' id='line_1_2' title="bbox 391 334 1958 389; baseline -0.003 -9"><span class='ocrx_word' id='word_1_4' title='bbox 391 339 643 380; x_wconf 87' lang='lat' dir='ltr'>Praeterea</span> <span class='ocrx_word' id='word_1_5' title='bbox 677 340 715 379; x_wconf 90' lang='lat' dir='ltr'>si</span> <span class='ocrx_word' id='word_1_6' title='bbox 753 339 809 379; x_wconf 92' lang='lat' dir='ltr'>de</span> <span class='ocrx_word' id='word_1_7' title='bbox 841 344 1005 379; x_wconf 91' lang='lat' dir='ltr'>nostro</span> <span class='ocrx_word' id='word_1_8' title='bbox 1043 337 1235 389; x_wconf 89' lang='lat' dir='ltr'>antiquo</span> <span class='ocrx_word' id='word_1_9' title='bbox 1272 337 1315 377; x_wconf 82' lang='lat' dir='ltr'>&#39;et</span> <span class='ocrx_word' id='word_1_10' title='bbox 1351 336 1574 378; x_wconf 89' lang='lat' dir='ltr'>derelicto</span> <span class='ocrx_word' id='word_1_11' title='bbox 1609 336 1719 376; x_wconf 91' lang='lat' dir='ltr'>nido</span> <span class='ocrx_word' id='word_1_12' title='bbox 1752 334 1762 355; x_wconf 92' lang='lat'>¹</span> <span class='ocrx_word' id='word_1_13' title='bbox 1799 335 1958 376; x_wconf 87' lang='lat' dir='ltr'>forsan</span> 
     </span>
     <span class='ocr_line' id='line_1_3' title="bbox 309 406 1959 462; baseline -0.002 -11"><span class='ocrx_word' id='word_1_14' title='bbox 309 411 525 462; x_wconf 77' lang='lat' dir='ltr'>ignores,</span> <span class='ocrx_word' id='word_1_15' title='bbox 550 411 666 451; x_wconf 90' lang='lat' dir='ltr'>scito</span> <span class='ocrx_word' id='word_1_16' title='bbox 684 423 691 451; x_wconf 92' lang='lat'><strong>:</strong></span> <span class='ocrx_word' id='word_1_17' title='bbox 715 409 823 450; x_wconf 70' lang='lat' dir='ltr'>S.tae</span> <span class='ocrx_word' id='word_1_18' title='bbox 844 410 1023 450; x_wconf 88' lang='lat' dir='ltr'>Mariae</span> <span class='ocrx_word' id='word_1_19' title='bbox 1046 421 1072 449; x_wconf 93' lang='lat' dir='ltr'>a</span> <span class='ocrx_word' id='word_1_20' title='bbox 1093 408 1242 449; x_wconf 89' lang='lat' dir='ltr'>Passu</span> <span class='ocrx_word' id='word_1_21' title='bbox 1263 407 1388 448; x_wconf 89' lang='lat' dir='ltr'>horti</span> <span class='ocrx_word' id='word_1_22' title='bbox 1409 406 1724 459; x_wconf 89' lang='lat' dir='ltr'>loc[ationem]</span> <span class='ocrx_word' id='word_1_23' title='bbox 1749 419 1842 447; x_wconf 91' lang='lat' dir='ltr'>non</span> <span class='ocrx_word' id='word_1_24' title='bbox 1864 412 1959 447; x_wconf 91' lang='lat' dir='ltr'>tam</span> 
     </span>
     <span class='ocr_line' id='line_1_4' title="bbox 313 479 1631 534; baseline -0.003 -12"><span class='ocrx_word' id='word_1_25' title='bbox 313 483 507 533; x_wconf 87' lang='lat' dir='ltr'>amicos,</span> <span class='ocrx_word' id='word_1_26' title='bbox 532 494 674 534; x_wconf 89' lang='lat' dir='ltr'>quam</span> <span class='ocrx_word' id='word_1_27' title='bbox 695 481 1009 533; x_wconf 91' lang='lat' dir='ltr'>nosmetipsos</span> <span class='ocrx_word' id='word_1_28' title='bbox 1030 479 1187 521; x_wconf 91' lang='lat' dir='ltr'>taedio</span> <span class='ocrx_word' id='word_1_29' title='bbox 1209 479 1437 520; x_wconf 87' lang='lat' dir='ltr'>affecisse.</span> <span class='ocrx_word' id='word_1_30' title='bbox 1627 479 1631 483; x_wconf 77' lang='grc'><strong>”</strong></span> 
     </span>
    </p>

    <p class='ocr_par' dir='ltr' id='par_1_3' title="bbox 313 550 1959 666">
     <span class='ocr_line' id='line_1_5' title="bbox 391 550 1959 606; baseline -0.003 -12"><span class='ocrx_word' id='word_1_31' title='bbox 391 554 587 606; x_wconf 75' lang='lat' dir='ltr'>Insuper</span> <span class='ocrx_word' id='word_1_32' title='bbox 609 554 773 605; x_wconf 85' lang='lat' dir='ltr'>domus</span> <span class='ocrx_word' id='word_1_33' title='bbox 794 558 1024 593; x_wconf 92' lang='lat' dir='ltr'>renovata</span> <span class='ocrx_word' id='word_1_34' title='bbox 1046 551 1297 592; x_wconf 81' lang='lat' dir='ltr'>conductio</span> <span class='ocrx_word' id='word_1_35' title='bbox 1316 562 1410 591; x_wconf 91' lang='lat' dir='ltr'>non</span> <span class='ocrx_word' id='word_1_36' title='bbox 1426 550 1655 591; x_wconf 82' lang='lat' dir='ltr'>minorem</span> <span class='ocrx_word' id='word_1_37' title='bbox 1672 561 1810 602; x_wconf 91' lang='lat' dir='ltr'>quam</span> <span class='ocrx_word' id='word_1_38' title='bbox 1830 550 1959 602; x_wconf 86' lang='lat' dir='ltr'>prior</span> 
     </span>
     <span class='ocr_line' id='line_1_6' title="bbox 313 625 713 666; baseline -0.003 0"><span class='ocrx_word' id='word_1_39' title='bbox 313 626 467 666; x_wconf 88' lang='lat' dir='ltr'>attulit</span> <span class='ocrx_word' id='word_1_40' title='bbox 489 625 713 665; x_wconf 90' lang='lat' dir='ltr'>laborem.</span> 
     </span>
    </p>

    <p class='ocr_par' dir='ltr' id='par_1_4' title="bbox 310 693 1958 809">
     <span class='ocr_line' id='line_1_7' title="bbox 391 693 1958 748; baseline -0.003 -11"><span class='ocrx_word' id='word_1_41' title='bbox 391 696 532 737; x_wconf 80' lang='lat' dir='ltr'>Vitae</span> <span class='ocrx_word' id='word_1_42' title='bbox 555 703 746 737; x_wconf 88' lang='lat' dir='ltr'>nostrae</span> <span class='ocrx_word' id='word_1_43' title='bbox 768 697 1008 748; x_wconf 80' lang='lat' dir='ltr'>exemplar</span> <span class='ocrx_word' id='word_1_44' title='bbox 1027 696 1292 736; x_wconf 89' lang='lat' dir='ltr'>animarum</span> <span class='ocrx_word' id='word_1_45' title='bbox 1310 706 1473 735; x_wconf 91' lang='lat' dir='ltr'>curam</span> <span class='ocrx_word' id='word_1_46' title='bbox 1489 694 1750 743; x_wconf 89' lang='lat' dir='ltr'>invenerat,</span> <span class='ocrx_word' id='word_1_47' title='bbox 1772 693 1846 733; x_wconf 80' lang='lat' dir='ltr'>cui</span> <span class='ocrx_word' id='word_1_48' title='bbox 1862 693 1958 744; x_wconf 89' lang='lat' dir='ltr'>plu-</span> 
     </span>
     <span class='ocr_line' id='line_1_8' title="bbox 310 766 1472 809; baseline -0.003 0"><span class='ocrx_word' id='word_1_49' title='bbox 310 769 434 809; x_wconf 89' lang='lat' dir='ltr'>rium</span> <span class='ocrx_word' id='word_1_50' title='bbox 454 768 799 809; x_wconf 88' lang='lat' dir='ltr'>Parochiarum</span> <span class='ocrx_word' id='word_1_51' title='bbox 823 767 1168 808; x_wconf 78' lang='lat' dir='ltr'>administratio</span> <span class='ocrx_word' id='word_1_52' title='bbox 1192 767 1350 807; x_wconf 91' lang='lat' dir='ltr'>oblata</span> <span class='ocrx_word' id='word_1_53' title='bbox 1372 766 1472 806; x_wconf 86' lang='lat' dir='ltr'>fuit.</span> 
     </span>
    </p>

    <p class='ocr_par' dir='ltr' id='par_1_5' title="bbox 309 839 1959 964">
     <span class='ocr_line' id='line_1_9' title="bbox 392 839 1959 891; baseline -0.003 -10"><span class='ocrx_word' id='word_1_54' title='bbox 392 840 467 881; x_wconf 82' lang='lat' dir='ltr'>Ad</span> <span class='ocrx_word' id='word_1_55' title='bbox 489 840 609 881; x_wconf 88' lang='lat' dir='ltr'>haec</span> <span class='ocrx_word' id='word_1_56' title='bbox 630 841 911 891; x_wconf 88' lang='lat' dir='ltr'>templorum</span> <span class='ocrx_word' id='word_1_57' title='bbox 939 851 1021 880; x_wconf 91' lang='lat' dir='ltr'>seu</span> <span class='ocrx_word' id='word_1_58' title='bbox 1043 839 1324 879; x_wconf 75' lang='lat' dir='ltr'>sacellorum</span> <span class='ocrx_word' id='word_1_59' title='bbox 1345 843 1630 887; x_wconf 77' lang='lat' dir='ltr'>structuras,</span> <span class='ocrx_word' id='word_1_60' title='bbox 1655 841 1814 888; x_wconf 81' lang='lat' dir='ltr'>utpote</span> <span class='ocrx_word' id='word_1_61' title='bbox 1837 847 1959 876; x_wconf 91' lang='lat' dir='ltr'>cam-</span> 
     </span>
     <span class='ocr_line' id='line_1_10' title="bbox 309 910 1295 964; baseline -0.004 -11"><span class='ocrx_word' id='word_1_62' title='bbox 309 912 465 964; x_wconf 91' lang='lat' dir='ltr'>panile</span> <span class='ocrx_word' id='word_1_63' title='bbox 487 918 532 952; x_wconf 94' lang='lat' dir='ltr'>et</span> <span class='ocrx_word' id='word_1_64' title='bbox 555 912 739 963; x_wconf 88' lang='lat' dir='ltr'>altaria,</span> <span class='ocrx_word' id='word_1_65' title='bbox 764 910 985 952; x_wconf 90' lang='lat' dir='ltr'>resarciri</span> <span class='ocrx_word' id='word_1_66' title='bbox 1007 910 1295 951; x_wconf 79' lang='lat' dir='ltr'>curavimus.</span> 
     </span>
    </p>

    <p class='ocr_par' dir='ltr' id='par_1_6' title="bbox 309 979 1959 1239">
     <span class='ocr_line' id='line_1_11' title="bbox 391 979 1958 1033; baseline -0.003 -10"><span class='ocrx_word' id='word_1_67' title='bbox 391 983 584 1024; x_wconf 86' lang='lat' dir='ltr'>Interim</span> <span class='ocrx_word' id='word_1_68' title='bbox 605 983 652 1023; x_wconf 91' lang='lat' dir='ltr'>in</span> <span class='ocrx_word' id='word_1_69' title='bbox 680 983 840 1023; x_wconf 89' lang='lat' dir='ltr'>schola</span> <span class='ocrx_word' id='word_1_70' title='bbox 869 987 1122 1033; x_wconf 89' lang='lat' dir='ltr'>patuerunt</span> <span class='ocrx_word' id='word_1_71' title='bbox 1151 992 1394 1022; x_wconf 77' lang='lat' dir='ltr'>musarum</span> <span class='ocrx_word' id='word_1_72' title='bbox 1417 979 1604 1032; x_wconf 83' lang='lat' dir='ltr'>januae.</span> <span class='ocrx_word' id='word_1_73' title='bbox 1635 980 1840 1020; x_wconf 80' lang='lat' dir='ltr'>Doctum</span> <span class='ocrx_word' id='word_1_74' title='bbox 1874 986 1958 1020; x_wconf 92' lang='lat' dir='ltr'>est.</span> 
     </span>
     <span class='ocr_line' id='line_1_12' title="bbox 311 1053 1689 1108; baseline -0.004 -12"><span class='ocrx_word' id='word_1_75' title='bbox 311 1055 461 1095; x_wconf 85' lang='lat' dir='ltr'>Fama</span> <span class='ocrx_word' id='word_1_76' title='bbox 494 1055 785 1108; x_wconf 89' lang='lat' dir='ltr'>praevaluit,</span> <span class='ocrx_word' id='word_1_77' title='bbox 822 1060 1074 1106; x_wconf 81' lang='lat' dir='ltr'>postquam</span> <span class='ocrx_word' id='word_1_78' title='bbox 1107 1053 1411 1105; x_wconf 83' lang='lat' dir='ltr'>gymnasium</span> <span class='ocrx_word' id='word_1_79' title='bbox 1447 1058 1689 1102; x_wconf 88' lang='lat' dir='ltr'>creverat,</span> 
     </span>
     <span class='ocr_line' id='line_1_13' title="bbox 311 1122 1959 1178; baseline -0.003 -11"><span class='ocrx_word' id='word_1_80' title='bbox 311 1138 597 1178; x_wconf 87' lang='lat' dir='ltr'>quamquam</span> <span class='ocrx_word' id='word_1_81' title='bbox 618 1127 815 1167; x_wconf 90' lang='lat' dir='ltr'>aliorum</span> <span class='ocrx_word' id='word_1_82' title='bbox 838 1125 1138 1174; x_wconf 90' lang='lat' dir='ltr'>detrimento,</span> <span class='ocrx_word' id='word_1_83' title='bbox 1170 1136 1289 1176; x_wconf 88' lang='lat' dir='ltr'>quae</span> <span class='ocrx_word' id='word_1_84' title='bbox 1317 1124 1504 1176; x_wconf 89' lang='lat' dir='ltr'>quidem</span> <span class='ocrx_word' id='word_1_85' title='bbox 1533 1135 1609 1164; x_wconf 91' lang='lat' dir='ltr'>res</span> <span class='ocrx_word' id='word_1_86' title='bbox 1636 1123 1761 1163; x_wconf 92' lang='lat' dir='ltr'>melli</span> <span class='ocrx_word' id='word_1_87' title='bbox 1787 1122 1847 1163; x_wconf 87' lang='lat' dir='ltr'>fel</span> <span class='ocrx_word' id='word_1_88' title='bbox 1880 1123 1959 1162; x_wconf 91' lang='lat' dir='ltr'>mi—</span> 
     </span>
     <span class='ocr_line' id='line_1_14' title="bbox 309 1199 446 1239; baseline -0.007 -1"><span class='ocrx_word' id='word_1_89' title='bbox 309 1199 446 1239; x_wconf 91' lang='lat' dir='ltr'>scuit.</span> 
     </span>
    </p>

    <p class='ocr_par' dir='ltr' id='par_1_7' title="bbox 308 1267 1958 1394">
     <span class='ocr_line' id='line_1_15' title="bbox 391 1267 1958 1320; baseline -0.004 -9"><span class='ocrx_word' id='word_1_90' title='bbox 391 1270 487 1311; x_wconf 92' lang='lat' dir='ltr'>Nec</span> <span class='ocrx_word' id='word_1_91' title='bbox 509 1270 598 1310; x_wconf 91' lang='lat' dir='ltr'>hoc</span> <span class='ocrx_word' id='word_1_92' title='bbox 620 1270 847 1310; x_wconf 80' lang='lat' dir='ltr'>reticebo:</span> <span class='ocrx_word' id='word_1_93' title='bbox 871 1270 1051 1310; x_wconf 91' lang='lat' dir='ltr'>oblatos</span> <span class='ocrx_word' id='word_1_94' title='bbox 1073 1268 1218 1309; x_wconf 89' lang='lat' dir='ltr'>libros</span> <span class='ocrx_word' id='word_1_95' title='bbox 1237 1267 1388 1320; x_wconf 84' lang='lat' dir='ltr'>gratis</span> <span class='ocrx_word' id='word_1_96' title='bbox 1411 1267 1786 1319; x_wconf 80' lang='lat' dir='ltr'>acceptavimus:</span> <span class='ocrx_word' id='word_1_97' title='bbox 1816 1272 1860 1306; x_wconf 94' lang='lat' dir='ltr'>et</span> <span class='ocrx_word' id='word_1_98' title='bbox 1885 1277 1958 1306; x_wconf 93' lang='lat' dir='ltr'>ac-</span> 
     </span>
     <span class='ocr_line' id='line_1_16' title="bbox 308 1340 1101 1394; baseline -0.005 -11"><span class='ocrx_word' id='word_1_99' title='bbox 308 1343 519 1394; x_wconf 90' lang='lat' dir='ltr'>ceptatio</span> <span class='ocrx_word' id='word_1_100' title='bbox 541 1342 710 1382; x_wconf 80' lang='lat' dir='ltr'>exinde</span> <span class='ocrx_word' id='word_1_101' title='bbox 731 1341 913 1393; x_wconf 82' lang='lat' dir='ltr'>gratior</span> <span class='ocrx_word' id='word_1_102' title='bbox 935 1340 1101 1381; x_wconf 91' lang='lat' dir='ltr'>evasit.</span> 
     </span>
    </p>

    <p class='ocr_par' dir='ltr' id='par_1_8' title="bbox 310 1408 1958 1536">
     <span class='ocr_line' id='line_1_17' title="bbox 393 1408 1958 1465; baseline -0.004 -11"><span class='ocrx_word' id='word_1_103' title='bbox 393 1414 490 1454; x_wconf 91' lang='lat' dir='ltr'>Iam</span> <span class='ocrx_word' id='word_1_104' title='bbox 512 1419 738 1465; x_wconf 86' lang='lat' dir='ltr'>superest.</span> <span class='ocrx_word' id='word_1_105' title='bbox 757 1412 851 1453; x_wconf 87' lang='lat' dir='ltr'>R.di</span> <span class='ocrx_word' id='word_1_106' title='bbox 871 1412 945 1453; x_wconf 89' lang='lat' dir='ltr'>D.i</span> <span class='ocrx_word' id='word_1_107' title='bbox 972 1411 1201 1453; x_wconf 91' lang='lat' dir='ltr'>Ludovici</span> <span class='ocrx_word' id='word_1_108' title='bbox 1222 1410 1511 1451; x_wconf 90' lang='lat' dir='ltr'>Maecenatis</span> <span class='ocrx_word' id='word_1_109' title='bbox 1538 1408 1552 1428; x_wconf 72' lang='lat'><strong>²</strong></span> <span class='ocrx_word' id='word_1_110' title='bbox 1579 1409 1823 1461; x_wconf 78' lang='lat' dir='ltr'>suppellex</span> <span class='ocrx_word' id='word_1_111' title='bbox 1850 1420 1958 1449; x_wconf 92' lang='lat' dir='ltr'>ven—</span> 
     </span>
     <span class='ocr_line' id='line_1_18' title="bbox 310 1483 1210 1536; baseline -0.002 -11"><span class='ocrx_word' id='word_1_112' title='bbox 310 1485 467 1526; x_wconf 88' lang='lat' dir='ltr'>dibilis</span> <span class='ocrx_word' id='word_1_113' title='bbox 489 1486 631 1526; x_wconf 89' lang='lat' dir='ltr'>misso</span> <span class='ocrx_word' id='word_1_114' title='bbox 655 1485 907 1536; x_wconf 80' lang='lat' dir='ltr'>cathalogo</span> <span class='ocrx_word' id='word_1_115' title='bbox 929 1483 1210 1536; x_wconf 89' lang='lat' dir='ltr'>proscripta.</span> 
     </span>
    </p>

    <p class='ocr_par' dir='ltr' id='par_1_9' title="bbox 309 1552 1960 1751">
     <span class='ocr_line' id='line_1_19' title="bbox 392 1552 1960 1608; baseline -0.004 -10"><span class='ocrx_word' id='word_1_116' title='bbox 392 1556 483 1598; x_wconf 85' lang='lat' dir='ltr'>Sed</span> <span class='ocrx_word' id='word_1_117' title='bbox 503 1569 561 1597; x_wconf 95' lang='lat' dir='ltr'>ne</span> <span class='ocrx_word' id='word_1_118' title='bbox 582 1568 719 1597; x_wconf 90' lang='lat' dir='ltr'>sacra</span> <span class='ocrx_word' id='word_1_119' title='bbox 740 1556 1014 1608; x_wconf 89' lang='lat' dir='ltr'>prophanis,</span> <span class='ocrx_word' id='word_1_120' title='bbox 1036 1556 1112 1595; x_wconf 89' lang='lat' dir='ltr'>vel</span> <span class='ocrx_word' id='word_1_121' title='bbox 1129 1554 1358 1606; x_wconf 90' lang='lat' dir='ltr'>simplicia</span> <span class='ocrx_word' id='word_1_122' title='bbox 1378 1553 1663 1605; x_wconf 90' lang='lat' dir='ltr'>compositis,</span> <span class='ocrx_word' id='word_1_123' title='bbox 1683 1552 1960 1604; x_wconf 90' lang='lat' dir='ltr'>pharmaco-</span> 
     </span>
     <span class='ocr_line' id='line_1_20' title="bbox 312 1623 1958 1681; baseline -0.004 -12"><span class='ocrx_word' id='word_1_124' title='bbox 312 1630 530 1681; x_wconf 90' lang='lat' dir='ltr'>polarum</span> <span class='ocrx_word' id='word_1_125' title='bbox 565 1640 716 1680; x_wconf 89' lang='lat' dir='ltr'>more,</span> <span class='ocrx_word' id='word_1_126' title='bbox 754 1628 1003 1677; x_wconf 90' lang='lat' dir='ltr'>misceam,</span> <span class='ocrx_word' id='word_1_127' title='bbox 1033 1626 1225 1678; x_wconf 84' lang='lat' dir='ltr'>negotia</span> <span class='ocrx_word' id='word_1_128' title='bbox 1259 1625 1524 1677; x_wconf 81' lang='lat' dir='ltr'>spiritualia</span> <span class='ocrx_word' id='word_1_129' title='bbox 1551 1623 1648 1675; x_wconf 89' lang='lat' dir='ltr'>jam</span> <span class='ocrx_word' id='word_1_130' title='bbox 1678 1623 1958 1674; x_wconf 80' lang='lat' dir='ltr'>segregabo,</span> 
     </span>
     <span class='ocr_line' id='line_1_21' title="bbox 309 1696 1751 1751; baseline -0.003 -11"><span class='ocrx_word' id='word_1_131' title='bbox 309 1701 483 1740; x_wconf 90' lang='lat' dir='ltr'>iterum</span> <span class='ocrx_word' id='word_1_132' title='bbox 504 1706 695 1740; x_wconf 89' lang='lat' dir='ltr'>coactus</span> <span class='ocrx_word' id='word_1_133' title='bbox 715 1699 974 1751; x_wconf 80' lang='lat' dir='ltr'>pauxillum</span> <span class='ocrx_word' id='word_1_134' title='bbox 995 1710 1068 1739; x_wconf 90' lang='lat' dir='ltr'>me</span> <span class='ocrx_word' id='word_1_135' title='bbox 1091 1697 1248 1748; x_wconf 90' lang='lat' dir='ltr'>(immo</span> <span class='ocrx_word' id='word_1_136' title='bbox 1270 1696 1438 1746; x_wconf 79' lang='lat' dir='ltr'>Deum)</span> <span class='ocrx_word' id='word_1_137' title='bbox 1462 1696 1751 1736; x_wconf 89' lang='lat' dir='ltr'>laudaturus.</span> 
     </span>
    </p>

    <p class='ocr_par' dir='ltr' id='par_1_10' title="bbox 309 1768 1962 2098">
     <span class='ocr_line' id='line_1_22' title="bbox 395 1768 1960 1823; baseline -0.004 -11"><span class='ocrx_word' id='word_1_138' title='bbox 395 1771 519 1823; x_wconf 87' lang='lat' dir='ltr'>Quot</span> <span class='ocrx_word' id='word_1_139' title='bbox 540 1783 567 1810; x_wconf 86' lang='lat' dir='ltr'>a</span> <span class='ocrx_word' id='word_1_140' title='bbox 588 1771 961 1811; x_wconf 85' lang='lat' dir='ltr'>confessionibus</span> <span class='ocrx_word' id='word_1_141' title='bbox 982 1782 1064 1810; x_wconf 91' lang='lat' dir='ltr'>seu</span> <span class='ocrx_word' id='word_1_142' title='bbox 1086 1782 1112 1810; x_wconf 92' lang='lat' dir='ltr'>a</span> <span class='ocrx_word' id='word_1_143' title='bbox 1140 1769 1334 1809; x_wconf 72' lang='lat' dir='ltr'>secretIs</span> <span class='ocrx_word' id='word_1_144' title='bbox 1363 1768 1648 1818; x_wconf 81' lang='lat' dir='ltr'>audiverim,</span> <span class='ocrx_word' id='word_1_145' title='bbox 1678 1774 1852 1819; x_wconf 89' lang='lat' dir='ltr'>quotve</span> <span class='ocrx_word' id='word_1_146' title='bbox 1884 1778 1960 1806; x_wconf 82' lang='lat' dir='ltr'>ex-</span> 
     </span>
     <span class='ocr_line' id='line_1_23' title="bbox 309 1837 1960 1892; baseline -0.004 -9"><span class='ocrx_word' id='word_1_147' title='bbox 309 1843 419 1883; x_wconf 88' lang='lat' dir='ltr'>inde</span> <span class='ocrx_word' id='word_1_148' title='bbox 440 1843 681 1883; x_wconf 84' lang='lat' dir='ltr'>Ecclesiae</span> <span class='ocrx_word' id='word_1_149' title='bbox 704 1842 1015 1882; x_wconf 85' lang='lat' dir='ltr'>sacramentis</span> <span class='ocrx_word' id='word_1_150' title='bbox 1044 1840 1460 1892; x_wconf 85' lang='lat' dir='ltr'>participaverint,</span> <span class='ocrx_word' id='word_1_151' title='bbox 1492 1840 1691 1879; x_wconf 83' lang='lat' dir='ltr'>aliorum</span> <span class='ocrx_word' id='word_1_152' title='bbox 1718 1844 1818 1878; x_wconf 85' lang='lat' dir='ltr'>esto</span> <span class='ocrx_word' id='word_1_153' title='bbox 1848 1837 1960 1877; x_wconf 90' lang='lat' dir='ltr'>iudi-</span> 
     </span>
     <span class='ocr_line' id='line_1_24' title="bbox 310 1910 1962 1969; baseline -0.004 -14"><span class='ocrx_word' id='word_1_154' title='bbox 310 1915 457 1955; x_wconf 86' lang='lat' dir='ltr'>cium:</span> <span class='ocrx_word' id='word_1_155' title='bbox 496 1914 721 1955; x_wconf 89' lang='lat' dir='ltr'>memoria</span> <span class='ocrx_word' id='word_1_156' title='bbox 756 1914 878 1954; x_wconf 90' lang='lat' dir='ltr'>enim</span> <span class='ocrx_word' id='word_1_157' title='bbox 910 1913 1044 1953; x_wconf 82' lang='lat' dir='ltr'>fallit.</span> <span class='ocrx_word' id='word_1_158' title='bbox 1082 1912 1174 1954; x_wconf 94' lang='lat' dir='ltr'>Sed</span> <span class='ocrx_word' id='word_1_159' title='bbox 1205 1924 1300 1953; x_wconf 92' lang='lat' dir='ltr'>non</span> <span class='ocrx_word' id='word_1_160' title='bbox 1334 1923 1407 1952; x_wconf 89' lang='lat' dir='ltr'>me</span> <span class='ocrx_word' id='word_1_161' title='bbox 1439 1912 1554 1951; x_wconf 89' lang='lat' dir='ltr'>latet</span> <span class='ocrx_word' id='word_1_162' title='bbox 1591 1910 1887 1969; x_wconf 89' lang='lat' dir='ltr'>diversorum</span> <span class='ocrx_word' id='word_1_163' title='bbox 1918 1915 1962 1949; x_wconf 91' lang='lat' dir='ltr'>et</span> 
     </span>
     <span class='ocr_line' id='line_1_25' title="bbox 312 1980 1960 2038; baseline -0.004 -12"><span class='ocrx_word' id='word_1_164' title='bbox 312 1986 516 2038; x_wconf 89' lang='lat' dir='ltr'>plurium</span> <span class='ocrx_word' id='word_1_165' title='bbox 534 1986 888 2036; x_wconf 88' lang='lat' dir='ltr'>monacharum,</span> <span class='ocrx_word' id='word_1_166' title='bbox 909 1985 1163 2036; x_wconf 80' lang='lat' dir='ltr'>virginum,</span> <span class='ocrx_word' id='word_1_167' title='bbox 1183 1983 1446 2024; x_wconf 89' lang='lat' dir='ltr'>Doctorum</span> <span class='ocrx_word' id='word_1_168' title='bbox 1463 1988 1508 2022; x_wconf 91' lang='lat' dir='ltr'>et</span> <span class='ocrx_word' id='word_1_169' title='bbox 1524 1982 1721 2022; x_wconf 89' lang='lat' dir='ltr'>divitum</span> <span class='ocrx_word' id='word_1_170' title='bbox 1742 1980 1960 2021; x_wconf 90' lang='lat' dir='ltr'>confiten-</span> 
     </span>
     <span class='ocr_line' id='line_1_26' title="bbox 311 2057 653 2098; baseline -0.003 0"><span class='ocrx_word' id='word_1_171' title='bbox 311 2058 426 2098; x_wconf 84' lang='lat' dir='ltr'>tium</span> <span class='ocrx_word' id='word_1_172' title='bbox 449 2057 653 2097; x_wconf 88' lang='lat' dir='ltr'>devotio.</span> 
     </span>
    </p>

    <p class='ocr_par' dir='ltr' id='par_1_11' title="bbox 310 2124 1961 2466">
     <span class='ocr_line' id='line_1_27' title="bbox 392 2124 1961 2179; baseline -0.004 -11"><span class='ocrx_word' id='word_1_173' title='bbox 392 2128 495 2169; x_wconf 95' lang='lat' dir='ltr'>Non</span> <span class='ocrx_word' id='word_1_174' title='bbox 517 2128 663 2168; x_wconf 86' lang='lat' dir='ltr'>defuit</span> <span class='ocrx_word' id='word_1_175' title='bbox 685 2127 872 2168; x_wconf 90' lang='lat' dir='ltr'>demum</span> <span class='ocrx_word' id='word_1_176' title='bbox 892 2128 1094 2179; x_wconf 88' lang='lat' dir='ltr'>piscatio</span> <span class='ocrx_word' id='word_1_177' title='bbox 1118 2127 1398 2167; x_wconf 92' lang='lat' dir='ltr'>animarum.</span> <span class='ocrx_word' id='word_1_178' title='bbox 1418 2124 1683 2165; x_wconf 87' lang='lat' dir='ltr'>Adiunctae</span> <span class='ocrx_word' id='word_1_179' title='bbox 1704 2130 1811 2163; x_wconf 90' lang='lat' dir='ltr'>sunt</span> <span class='ocrx_word' id='word_1_180' title='bbox 1830 2134 1961 2174; x_wconf 87' lang='lat' dir='ltr'>prae—</span> 
     </span>
     <span class='ocr_line' id='line_1_28' title="bbox 310 2195 1961 2250; baseline -0.004 -10"><span class='ocrx_word' id='word_1_181' title='bbox 310 2207 441 2241; x_wconf 88' lang='lat' dir='ltr'>terea</span> <span class='ocrx_word' id='word_1_182' title='bbox 463 2200 742 2249; x_wconf 89' lang='lat' dir='ltr'>errantium,</span> <span class='ocrx_word' id='word_1_183' title='bbox 767 2205 929 2250; x_wconf 89' lang='lat' dir='ltr'>utpote</span> <span class='ocrx_word' id='word_1_184' title='bbox 960 2197 1427 2246; x_wconf 86' lang='lat' dir='ltr'>concubinariorum,</span> <span class='ocrx_word' id='word_1_185' title='bbox 1458 2195 1886 2247; x_wconf 87' lang='lat' dir='ltr'>blasphemantium</span> <span class='ocrx_word' id='word_1_186' title='bbox 1918 2200 1961 2234; x_wconf 85' lang='lat' dir='ltr'>et</span> 
     </span>
     <span class='ocr_line' id='line_1_29' title="bbox 311 2267 1961 2320; baseline -0.004 -8"><span class='ocrx_word' id='word_1_187' title='bbox 311 2271 450 2311; x_wconf 90' lang='lat' dir='ltr'>huius</span> <span class='ocrx_word' id='word_1_188' title='bbox 476 2271 658 2311; x_wconf 88' lang='lat' dir='ltr'>farinae</span> <span class='ocrx_word' id='word_1_189' title='bbox 686 2270 967 2310; x_wconf 88' lang='lat' dir='ltr'>miserorum</span> <span class='ocrx_word' id='word_1_190' title='bbox 994 2269 1336 2320; x_wconf 90' lang='lat' dir='ltr'>correptiones,</span> <span class='ocrx_word' id='word_1_191' title='bbox 1367 2267 1745 2317; x_wconf 84' lang='lat' dir='ltr'>exhortationes,</span> <span class='ocrx_word' id='word_1_192' title='bbox 1776 2277 1961 2305; x_wconf 88' lang='lat' dir='ltr'>necnon</span> 
     </span>
     <span class='ocr_line' id='line_1_30' title="bbox 311 2338 1955 2389; baseline -0.004 -6"><span class='ocrx_word' id='word_1_193' title='bbox 311 2342 736 2383; x_wconf 87' lang='lat' dir='ltr'>reconciliationes.</span> <span class='ocrx_word' id='word_1_194' title='bbox 760 2340 896 2382; x_wconf 83' lang='lat' dir='ltr'>Adde</span> <span class='ocrx_word' id='word_1_195' title='bbox 927 2341 1255 2381; x_wconf 86' lang='lat' dir='ltr'>tribulatorum</span> <span class='ocrx_word' id='word_1_196' title='bbox 1284 2339 1650 2389; x_wconf 88' lang='lat' dir='ltr'>consolationes,</span> <span class='ocrx_word' id='word_1_197' title='bbox 1680 2338 1955 2383; x_wconf 81' lang='lat' dir='ltr'>amicorum.</span> 
     </span>
     <span class='ocr_line' id='line_1_31' title="bbox 312 2410 1664 2466; baseline -0.005 -11"><span class='ocrx_word' id='word_1_198' title='bbox 312 2426 594 2466; x_wconf 90' lang='lat' dir='ltr'>pauperum,</span> <span class='ocrx_word' id='word_1_199' title='bbox 617 2413 924 2465; x_wconf 90' lang='lat' dir='ltr'>hospitalium</span> <span class='ocrx_word' id='word_1_200' title='bbox 945 2412 1330 2463; x_wconf 81' lang='lat' dir='ltr'>infirmorumque</span> <span class='ocrx_word' id='word_1_201' title='bbox 1351 2410 1664 2451; x_wconf 90' lang='lat' dir='ltr'>visitationes.</span> 
     </span>
    </p>

    <p class='ocr_par' dir='ltr' id='par_1_12' title="bbox 313 2479 1961 2751">
     <span class='ocr_line' id='line_1_32' title="bbox 394 2479 1960 2536; baseline -0.005 -10"><span class='ocrx_word' id='word_1_202' title='bbox 394 2485 486 2527; x_wconf 87' lang='lat' dir='ltr'>Sed</span> <span class='ocrx_word' id='word_1_203' title='bbox 506 2497 564 2526; x_wconf 92' lang='lat' dir='ltr'>ne</span> <span class='ocrx_word' id='word_1_204' title='bbox 585 2496 782 2525; x_wconf 90' lang='lat' dir='ltr'>numero</span> <span class='ocrx_word' id='word_1_205' title='bbox 805 2485 960 2536; x_wconf 92' lang='lat' dir='ltr'>potius</span> <span class='ocrx_word' id='word_1_206' title='bbox 990 2495 1132 2536; x_wconf 90' lang='lat' dir='ltr'>quam</span> <span class='ocrx_word' id='word_1_207' title='bbox 1158 2495 1208 2523; x_wconf 94' lang='lat' dir='ltr'>re</span> <span class='ocrx_word' id='word_1_208' title='bbox 1240 2483 1341 2534; x_wconf 89' lang='lat' dir='ltr'>ipsa</span> <span class='ocrx_word' id='word_1_209' title='bbox 1371 2481 1578 2522; x_wconf 89' lang='lat' dir='ltr'>taedium</span> <span class='ocrx_word' id='word_1_210' title='bbox 1607 2480 1838 2530; x_wconf 86' lang='lat' dir='ltr'>adferam,</span> <span class='ocrx_word' id='word_1_211' title='bbox 1871 2479 1960 2519; x_wconf 89' lang='lat' dir='ltr'>hoc</span> 
     </span>
     <span class='ocr_line' id='line_1_33' title="bbox 313 2550 1961 2608; baseline -0.005 -10"><span class='ocrx_word' id='word_1_212' title='bbox 313 2569 457 2598; x_wconf 90' lang='lat' dir='ltr'>unum</span> <span class='ocrx_word' id='word_1_213' title='bbox 486 2557 668 2608; x_wconf 90' lang='lat' dir='ltr'>accipe:</span> <span class='ocrx_word' id='word_1_214' title='bbox 706 2556 975 2597; x_wconf 86' lang='lat' dir='ltr'>Daemones</span> <span class='ocrx_word' id='word_1_215' title='bbox 1009 2555 1274 2595; x_wconf 80' lang='lat' dir='ltr'>exorcismo</span> <span class='ocrx_word' id='word_1_216' title='bbox 1311 2553 1546 2605; x_wconf 89' lang='lat' dir='ltr'>repulsos:</span> <span class='ocrx_word' id='word_1_217' title='bbox 1576 2552 1660 2592; x_wconf 79' lang='lat' dir='ltr'>sed</span> <span class='ocrx_word' id='word_1_218' title='bbox 1691 2563 1785 2591; x_wconf 79' lang='lat' dir='ltr'>non</span> <span class='ocrx_word' id='word_1_219' title='bbox 1812 2550 1961 2599; x_wconf 76' lang='lat' dir='ltr'>nobis,</span> 
     </span>
     <span class='ocr_line' id='line_1_34' title="bbox 315 2622 1956 2679; baseline -0.005 -10"><span class='ocrx_word' id='word_1_220' title='bbox 315 2629 541 2679; x_wconf 65' lang='lat' dir='ltr'>Domine,</span> <span class='ocrx_word' id='word_1_221' title='bbox 564 2639 659 2668; x_wconf 77' lang='lat' dir='ltr'>non</span> <span class='ocrx_word' id='word_1_222' title='bbox 682 2628 814 2668; x_wconf 73' lang='lat' dir='ltr'>nobis</span> <span class='ocrx_word' id='word_1_223' title='bbox 836 2631 886 2667; x_wconf 78' lang='lat' dir='ltr'>at</span> <span class='ocrx_word' id='word_1_224' title='bbox 907 2625 1188 2667; x_wconf 69' lang='lat' dir='ltr'>nominituo</span> <span class='ocrx_word' id='word_1_225' title='bbox 1210 2626 1270 2665; x_wconf 76' lang='lat' dir='ltr'>dcl</span> <span class='ocrx_word' id='word_1_226' title='bbox 1292 2624 1529 2676; x_wconf 72' lang='lat' dir='ltr'>gloriam:</span> <span class='ocrx_word' id='word_1_227' title='bbox 1557 2629 1601 2664; x_wconf 90' lang='lat' dir='ltr'>et</span> <span class='ocrx_word' id='word_1_228' title='bbox 1628 2634 1774 2673; x_wconf 79' lang='lat' dir='ltr'>regno</span> <span class='ocrx_word' id='word_1_229' title='bbox 1806 2622 1956 2662; x_wconf 94' lang='lat' dir='ltr'>coelo-</span> 
     </span>
     <span class='ocr_line' id='line_1_35' title="bbox 315 2698 957 2751; baseline -0.003 -11"><span class='ocrx_word' id='word_1_230' title='bbox 315 2711 418 2740; x_wconf 86' lang='lat' dir='ltr'>rum</span> <span class='ocrx_word' id='word_1_231' title='bbox 441 2700 694 2751; x_wconf 86' lang='lat' dir='ltr'>adscriptis</span> <span class='ocrx_word' id='word_1_232' title='bbox 716 2698 957 2750; x_wconf 82' lang='lat' dir='ltr'>gaudium.</span> 
     </span>
    </p>

    <p class='ocr_par' dir='ltr' id='par_1_13' title="bbox 395 2767 1960 2823">
     <span class='ocr_line' id='line_1_36' title="bbox 395 2767 1960 2823; baseline -0.006 -12"><span class='ocrx_word' id='word_1_233' title='bbox 395 2770 590 2823; x_wconf 90' lang='lat' dir='ltr'>Suscipe</span> <span class='ocrx_word' id='word_1_234' title='bbox 624 2777 870 2823; x_wconf 90' lang='lat' dir='ltr'>praeterea</span> <span class='ocrx_word' id='word_1_235' title='bbox 908 2769 1160 2810; x_wconf 88' lang='lat' dir='ltr'>conciones</span> <span class='ocrx_word' id='word_1_236' title='bbox 1197 2779 1329 2808; x_wconf 92' lang='lat' dir='ltr'>meas</span> <span class='ocrx_word' id='word_1_237' title='bbox 1362 2767 1635 2816; x_wconf 90' lang='lat' dir='ltr'>nonnullas,</span> <span class='ocrx_word' id='word_1_238' title='bbox 1671 2777 1757 2805; x_wconf 90' lang='lat' dir='ltr'>nec</span> <span class='ocrx_word' id='word_1_239' title='bbox 1792 2775 1960 2815; x_wconf 89' lang='lat' dir='ltr'>sperne</span> 
     </span>
    </p>
   </div>
   <div class='ocr_carea' id='block_1_3' title="bbox 368 2974 1953 3058">
    <p class='ocr_par' dir='ltr' id='par_1_14' title="bbox 368 2974 1953 3058">
     <span class='ocr_line' id='line_1_37' title="bbox 372 2974 1271 3011; baseline -0.003 -6"><span class='ocrx_word' id='word_1_240' title='bbox 372 2978 379 2998; x_wconf 89' lang='lat'><strong>¹</strong></span> <span class='ocrx_word' id='word_1_241' title='bbox 421 2977 509 3005; x_wconf 86' lang='lat' dir='ltr'>Vide</span> <span class='ocrx_word' id='word_1_242' title='bbox 524 2977 691 3011; x_wconf 76' lang='lat' dir='ltr'>POLANco,</span> <span class='ocrx_word' id='word_1_243' title='bbox 711 2977 918 3010; x_wconf 78' lang='lat' dir='ltr'>chronicon,</span> <span class='ocrx_word' id='word_1_244' title='bbox 932 2980 955 3004; x_wconf 87' lang='lat' dir='ltr'>t.</span> <span class='ocrx_word' id='word_1_245' title='bbox 971 2983 1007 3010; x_wconf 91' lang='lat'>11,</span> <span class='ocrx_word' id='word_1_246' title='bbox 1023 2983 1101 3010; x_wconf 82' lang='lat' dir='ltr'>pag.</span> <span class='ocrx_word' id='word_1_247' title='bbox 1116 2975 1179 3008; x_wconf 82' lang='lat'>166,</span> <span class='ocrx_word' id='word_1_248' title='bbox 1196 2982 1227 3002; x_wconf 90' lang='lat' dir='ltr'>n.</span> <span class='ocrx_word' id='word_1_249' title='bbox 1240 2974 1271 3002; x_wconf 87' lang='lat'>8.</span> 
     </span>
     <span class='ocr_line' id='line_1_38' title="bbox 368 3018 1953 3058; baseline -0.006 -5"><span class='ocrx_word' id='word_1_250' title='bbox 368 3024 381 3044; x_wconf 76' lang='lat'>2</span> <span class='ocrx_word' id='word_1_251' title='bbox 419 3025 524 3052; x_wconf 79' lang='lat' dir='ltr'>Dnus.</span> <span class='ocrx_word' id='word_1_252' title='bbox 537 3024 732 3052; x_wconf 82' lang='lat' dir='ltr'>Ludovieus</span> <span class='ocrx_word' id='word_1_253' title='bbox 747 3025 785 3052; x_wconf 91' lang='lat' dir='ltr'>de</span> <span class='ocrx_word' id='word_1_254' title='bbox 803 3023 980 3058; x_wconf 86' lang='lat' dir='ltr'>Mendoza,</span> <span class='ocrx_word' id='word_1_255' title='bbox 1000 3023 1038 3050; x_wconf 88' lang='lat' dir='ltr'>de</span> <span class='ocrx_word' id='word_1_256' title='bbox 1055 3030 1119 3057; x_wconf 89' lang='lat' dir='ltr'>quo</span> <span class='ocrx_word' id='word_1_257' title='bbox 1139 3023 1238 3057; x_wconf 84' lang='lat' dir='ltr'>plura</span> <span class='ocrx_word' id='word_1_258' title='bbox 1259 3022 1428 3049; x_wconf 88' lang='lat' dir='ltr'>Polancus</span> <span class='ocrx_word' id='word_1_259' title='bbox 1449 3024 1483 3048; x_wconf 88' lang='lat' dir='ltr'>et</span> <span class='ocrx_word' id='word_1_260' title='bbox 1499 3019 1705 3048; x_wconf 85' lang='lat' dir='ltr'>Orlandinus</span> <span class='ocrx_word' id='word_1_261' title='bbox 1721 3023 1754 3046; x_wconf 86' lang='lat' dir='ltr'>et</span> <span class='ocrx_word' id='word_1_262' title='bbox 1771 3019 1803 3045; x_wconf 92' lang='lat' dir='ltr'>in</span> <span class='ocrx_word' id='word_1_263' title='bbox 1827 3018 1953 3045; x_wconf 83' lang='lat' dir='ltr'>Cartas</span> 
     </span>
    </p>
   </div>
   <div class='ocr_carea' id='block_1_4' title="bbox 314 3073 621 3107">
    <p class='ocr_par' dir='ltr' id='par_1_15' title="bbox 314 3073 621 3107">
     <span class='ocr_line' id='line_1_39' title="bbox 314 3073 621 3107; baseline -0.003 -7"><span class='ocrx_word' id='word_1_264' title='bbox 314 3073 358 3100; x_wconf 79' lang='lat' dir='ltr'>de</span> <span class='ocrx_word' id='word_1_265' title='bbox 375 3073 447 3100; x_wconf 83' lang='lat' dir='ltr'>San</span> <span class='ocrx_word' id='word_1_266' title='bbox 464 3073 621 3107; x_wconf 80' lang='lat' dir='ltr'>Ignacio.</span> 
     </span>
    </p>
   </div>
  </div>
 </body>
</html>
