2168 3437
386 278 455 316 380
893 277 1120 315 LITTERAE
1147 288 1508 321 QUADmMEs‘rREs

387 376 556 423 tiones,
582 373 806 424 invidiae,
826 374 1192 425 desperationes,
1212 380 1309 414 tum
1324 375 1554 426 virorum,
1576 381 1673 416 tum
1693 376 2022 428 foeminarum,

385 446 578 485 minoris
598 444 719 484 forte
740 444 955 495 periculi,
980 444 1072 484 imo
1093 450 1137 484 et
1157 445 1394 496 gravioris
1414 445 1461 485 in
1490 447 1746 498 nonnullis,
1771 447 1939 498 quippe
1962 447 2022 487 ad

385 517 624 567 propriam
644 515 731 555 sibi
751 515 898 567 vitam
920 515 1235 565 adimendam,
1261 516 1461 556 CHRisro
1479 515 1693 568 juvante,
1723 518 1886 557 sedata
1913 524 2021 558 sunt

385 593 522 637 atque
543 585 796 625 exstincta:
820 586 922 625 aliis
943 585 1140 637 denique
1162 586 1253 626 alia
1274 592 1381 626 sunt
1402 586 1586 636 effecta;
1610 599 1798 639 nempe,
1821 588 2024 629 fornica-

384 664 523 705 tores,
548 656 760 707 adulteri,
785 656 1119 706 concubinarii,
1138 662 1368 708 raptores,
1388 658 1568 708 illisque
1586 659 1729 698 multo
1747 658 2019 708 deteriores

382 728 605 768 haeretici
626 739 719 767 non
741 727 901 778 pauci,
927 727 983 767 ab
999 727 1259 778 iniquitate,
1278 727 1490 779 perfidia,
1510 728 1778 779 impuritate
1794 735 1838 769 et
1855 729 2022 780 rapina

382 799 692 850 resipuerunt.
735 797 949 849 Plerique
983 809 1099 838 vero
1127 809 1292 838 eorum
1318 798 1680 850 frequentiorem
1706 800 2022 851 postmodum,

382 876 493 921 puta
521 869 956 919 hebdomadariam,
986 874 1298 918 menstruam,
1328 869 1618 918 bimestrem,
1649 876 1737 911 etc.
1770 870 2020 911 confessio-

380 953 485 980 nem
507 941 701 980 subinde
722 946 951 992 repetunt.
975 940 1109 980 Duae
1137 951 1251 980 vero
1274 940 1395 980 inter
1426 940 1511 980 hos
1533 941 1816 991 insigniores
1844 942 2019 982 adulte-

381 1024 460 1052 rae
495 1011 768 1061 extiterunt,
798 1022 949 1062 neque
977 1022 1151 1062 genere
1180 1022 1330 1062 neque
1358 1011 1546 1051 fortuna
1573 1011 1825 1063 ignobiles,
1857 1012 2023 1064 flagitii

380 1088 534 1122 autem
555 1082 793 1132 adulterii,
827 1081 1163 1122 veneficiorum
1193 1087 1333 1133 atque
1363 1082 1410 1122 id
1438 1093 1589 1134 genus
1616 1083 1845 1122 scelerum
1873 1083 2022 1135 inqui-

380 1154 677 1194 natissimae:
720 1154 868 1193 altera
903 1153 1133 1204 siquidem
1175 1153 1333 1193 multis
1373 1153 1510 1193 annis
1556 1153 1729 1205 duplici
1773 1154 2020 1194 moechata

380 1225 623 1275 adulterio,
647 1225 796 1264 altera
816 1224 1065 1275 pauciores
1093 1223 1280 1275 quidem
1309 1235 1481 1271 annOS,
1514 1224 1595 1264 sed
1626 1225 1782 1264 multis
1813 1231 2020 1265 scortum

379 1296 533 1347 procis
568 1296 781 1347 exposita
813 1295 914 1335 fuit.
949 1295 1019 1336 Ea
1046 1301 1205 1335 tamen
1234 1295 1432 1335 istarum
1459 1295 1583 1346 apud
1609 1307 1694 1335 nos
1726 1296 1809 1335 sub
1841 1296 2021 1336 confes-

379 1367 508 1407 sione
532 1367 695 1418 (quam
715 1373 764 1407 ut
795 1367 1070 1407 simularent
1093 1366 1149 1406 de
1173 1378 1303 1406 more
1325 1377 1408 1406 suo
1439 1366 1749 1417 advenerant)
1773 1367 2022 1407 conversio

379 1445 517 1490 atque
539 1438 864 1489 resipiscentia
896 1437 1068 1488 extitit,
1092 1443 1164 1488 ut,
1195 1436 1591 1488 frequentioribus
1625 1443 1730 1489 post
1766 1437 2018 1478 confessio-

377 1509 533 1556 nibus,
563 1510 719 1549 multis
747 1508 1024 1560 lachrymis,
1050 1509 1096 1548 in
1119 1508 1285 1548 altaris
1316 1508 1537 1548 convivio
1567 1508 1726 1559 rigare
1755 1508 1898 1560 pedes
1928 1508 2021 1549 Do-

378 1581 489 1621 mini
511 1592 604 1620 non
626 1581 857 1620 desinant.
889 1579 986 1620 Nec
1017 1591 1185 1620 vereor
1215 1579 1326 1630 quin
1359 1579 1552 1619 dimissa
1582 1579 1674 1619 sint
1702 1586 1745 1619 et
1773 1579 1886 1631 ipsis
1917 1591 2018 1631 pec-

378 1661 483 1692 cata
505 1653 664 1701 multa,
689 1651 875 1703 quando
898 1652 1094 1691 multum
1115 1651 1329 1702 diligunt.
1353 1650 1515 1702 Neque
1533 1651 1730 1690 alterum
1752 1651 2020 1702 quemdam,

379 1724 466 1763 etsi
504 1723 721 1774 festinus,
765 1722 919 1762 adhuc
958 1711 1154 1762 tacitum
1192 1722 1481 1773 praeteribo,
1524 1721 1601 1773 qui
1642 1721 1803 1761 decem
1847 1727 1925 1761 aut
1965 1734 2019 1761 eo

378 1794 576 1846 amplius
608 1806 757 1834 annos
778 1793 1046 1834 foedissime
1067 1793 1115 1833 in
1136 1793 1451 1833 concubinatu
1482 1793 1721 1832 volutatus
1751 1798 2016 1844 corruptus-

377 1877 485 1917 que,
524 1866 663 1917 gravi
690 1865 880 1905 tandem
901 1865 1063 1904 morbo
1085 1864 1369 1915 flagitiosam
1400 1864 1713 1916 increpitante
1744 1864 1905 1914 vitam,
1938 1864 2020 1904 vix

377 1938 453 1978 vel
474 1938 541 1977 sic
563 1936 757 1977 affectus
777 1936 927 1987 potuit
956 1948 981 1975 a
1009 1935 1298 1975 confessario
1335 1934 1505 1975 adduci
1532 1941 1581 1975 ut
1609 1936 1684 1974 vel
1714 1935 1760 1974 in
1790 1940 2014 1983 extremo,

378 2009 500 2061 quod
527 2019 752 2060 praesens
784 2006 1104 2056 incumbebat,
1137 2006 1264 2046 vitae
1292 2011 1337 2046 et
1364 2006 1529 2045 salutis
1562 2006 1857 2056 discrimine,
1894 2005 2019 2046 foca—

376 2082 494 2121 riam
513 2080 780 2129 dimitteret,
804 2078 992 2128 dimisit,
1019 2088 1204 2117 omnem
1226 2077 1585 2117 fornicationem
1601 2076 1850 2128 abjuravit,
1873 2088 2021 2129 eoque

376 2158 613 2203 postremo
636 2149 813 2190 infinita
836 2148 925 2189 Dei
946 2148 1192 2188 clementia
1214 2147 1421 2197 devenit,
1447 2154 1497 2187 ut
1516 2148 1910 2199 gravissimorum
1930 2148 2019 2188 sibi.

378 2223 594 2264 conscius
614 2222 866 2271 scelerum,
891 2220 979 2259 sibi
1000 2225 1126 2260 totus
1147 2219 1338 2270 diffisus,
1363 2230 1546 2259 summa
1566 2219 1613 2259 in
1641 2218 1729 2259 Dei
1757 2219 2017 2259 misericor-

378 2295 455 2335 dia
475 2294 644 2334 fiducia
672 2298 891 2340 mortem,
922 2298 1019 2331 tum
1045 2292 1092 2331 in
1120 2291 1297 2342 flagitia
1330 2291 1809 2341 animadversionem,
1844 2297 1941 2330 tum
1972 2291 2019 2330 in

378 2366 583 2407 futuram
618 2376 802 2405 omnem
839 2363 1026 2403 divinae
1062 2362 1266 2403 offensae
1304 2363 1569 2403 cautionem
1604 2369 1649 2403 et
1676 2363 1858 2413 fugam,
1894 2363 2018 2402 vitae

378 2438 465 2490 ipsi
487 2437 545 2488 (si
566 2437 632 2477 sic
660 2434 761 2475 Deo
780 2434 986 2486 placeat)
1008 2434 1337 2485 praeelegerit,
1359 2434 1618 2485 laetiorque
1641 2442 1699 2484 et,
1719 2445 1858 2485 quam
1877 2439 1924 2473 ut
1941 2445 2018 2473 ex-

378 2510 553 2560 plicare
575 2518 758 2559 queam,
790 2505 1085 2556 tranquillior
1113 2516 1217 2544 eam
1246 2504 1385 2544 fuerit
1413 2505 1800 2556 praeamplexus;
1823 2505 1888 2544 ita
1905 2516 2018 2544 sane

378 2587 427 2620 ut
448 2579 602 2629 Pater,
633 2578 710 2630 qui
731 2575 1010 2618 moribundo
1032 2581 1169 2627 atque
1193 2576 1353 2626 agenti
1375 2576 1580 2616 animam
1603 2576 1770 2624 astitit,
1804 2587 1909 2615 eam
1939 2576 2017 2615 ho-

379 2652 551 2691 minem
586 2655 784 2690 mortem
819 2658 1010 2700 passum
1043 2645 1263 2697 affirmet,
1302 2647 1376 2687 cui
1412 2659 1546 2687 nemo
1581 2659 1673 2687 non
1714 2647 1923 2687 invideat
1961 2658 2016 2686 ac

378 2722 654 2773 gratuletur.
679 2719 770 2760 Sed
797 2719 914 2759 haec
942 2718 998 2758 de
1025 2717 1251 2769 ejusmodi
1280 2718 1500 2758 videntur
1530 2718 1761 2769 sufficere;
1792 2729 1885 2758 non
1907 2729 2017 2769 pau-

379 2805 459 2833 cas
493 2792 616 2832 enim
652 2791 842 2831 chartas
877 2790 1115 2841 expleam,
1146 2789 1185 2829 si
1211 2789 1484 2840 singillatim
1519 2796 1688 2829 cuncta
1725 2800 2013 2829 recenseam.

380 2863 443 2903 At
464 2874 587 2902 nunc
608 2861 664 2901 de
687 2861 874 2902 scholis,

461 2933 641 2973 Paucos
663 2932 868 2984 quidem,
893 2943 1058 2982 nempe
1089 2931 1331 2981 octoginta
1352 2931 1456 2982 plus
1478 2931 1629 2971 minus
1658 2931 1881 2970 habemus
1913 2930 1921 2949 ¹
1952 2930 2017 2970 di·

436 3093 442 3111 ¹
487 3092 677 3117 habuimus
694 3091 874 3117 hactenus
896 3090 1070 3117 Polancus.
