<?xml version="1.0" encoding="UTF-8"?>
<!DOCTYPE html PUBLIC "-//W3C//DTD XHTML 1.0 Transitional//EN"
    "http://www.w3.org/TR/xhtml1/DTD/xhtml1-transitional.dtd">
<html xmlns="http://www.w3.org/1999/xhtml" xml:lang="en" lang="en">
 <head>
  <title>
</title>
<meta http-equiv="Content-Type" content="text/html;charset=utf-8" />
  <meta name='ocr-system' content='tesseract 3.04.00' />
  <meta name='ocr-capabilities' content='ocr_page ocr_carea ocr_par ocr_line ocrx_word'/>
</head>
<body>
  <div class='ocr_page' id='page_1' title='image "./litteraequadrime1402lain_0045.png"; bbox 0 0 2168 3437; ppageno 0'>
   <div class='ocr_carea' id='block_1_1' title="bbox 847 242 1772 281">
    <p class='ocr_par' dir='ltr' id='par_1_1' title="bbox 847 242 1772 281">
     <span class='ocr_line' id='line_1_1' title="bbox 847 242 1772 281; baseline -0.003 0"><span class='ocrx_word' id='word_1_1' title='bbox 847 244 930 281; x_wconf 83' lang='lat' dir='ltr'>AN.</span> <span class='ocrx_word' id='word_1_2' title='bbox 965 243 1057 281; x_wconf 80' lang='lat'>1552</span> <span class='ocrx_word' id='word_1_3' title='bbox 1729 242 1772 278; x_wconf 75' lang='lat'>41</span> 
     </span>
    </p>
   </div>
   <div class='ocr_carea' id='block_1_2' title="bbox 139 338 1795 3080">
    <p class='ocr_par' dir='ltr' id='par_1_2' title="bbox 139 338 1782 1030">
     <span class='ocr_line' id='line_1_2' title="bbox 140 338 1777 394; baseline -0.004 -11"><span class='ocrx_word' id='word_1_4' title='bbox 140 354 269 384; x_wconf 90' lang='lat' dir='ltr'>mum</span> <span class='ocrx_word' id='word_1_5' title='bbox 289 341 633 394; x_wconf 83' lang='lat' dir='ltr'>spiritualibus,</span> <span class='ocrx_word' id='word_1_6' title='bbox 657 347 706 382; x_wconf 91' lang='lat' dir='ltr'>ut</span> <span class='ocrx_word' id='word_1_7' title='bbox 735 342 834 393; x_wconf 91' lang='lat' dir='ltr'>ipse</span> <span class='ocrx_word' id='word_1_8' title='bbox 863 352 956 380; x_wconf 90' lang='lat' dir='ltr'>non</span> <span class='ocrx_word' id='word_1_9' title='bbox 986 340 1129 380; x_wconf 88' lang='lat' dir='ltr'>semel</span> <span class='ocrx_word' id='word_1_10' title='bbox 1159 339 1321 390; x_wconf 90' lang='lat' dir='ltr'>accepi</span> <span class='ocrx_word' id='word_1_11' title='bbox 1350 349 1376 378; x_wconf 89' lang='lat' dir='ltr'>a</span> <span class='ocrx_word' id='word_1_12' title='bbox 1404 338 1521 378; x_wconf 87' lang='lat' dir='ltr'>viris</span> <span class='ocrx_word' id='word_1_13' title='bbox 1540 338 1777 389; x_wconf 88' lang='lat' dir='ltr'>primariis</span> 
     </span>
     <span class='ocr_line' id='line_1_3' title="bbox 142 408 1780 465; baseline -0.004 -12"><span class='ocrx_word' id='word_1_14' title='bbox 142 413 281 465; x_wconf 90' lang='lat' dir='ltr'>hujus</span> <span class='ocrx_word' id='word_1_15' title='bbox 308 411 618 453; x_wconf 80' lang='lat' dir='ltr'>Academiae:</span> <span class='ocrx_word' id='word_1_16' title='bbox 647 411 838 464; x_wconf 88' lang='lat' dir='ltr'>hujusce</span> <span class='ocrx_word' id='word_1_17' title='bbox 869 411 1088 451; x_wconf 89' lang='lat' dir='ltr'>nimirum</span> <span class='ocrx_word' id='word_1_18' title='bbox 1118 409 1365 450; x_wconf 87' lang='lat' dir='ltr'>Societatis</span> <span class='ocrx_word' id='word_1_19' title='bbox 1390 408 1520 448; x_wconf 80' lang='lat' dir='ltr'>viros</span> <span class='ocrx_word' id='word_1_20' title='bbox 1549 419 1642 448; x_wconf 88' lang='lat' dir='ltr'>non</span> <span class='ocrx_word' id='word_1_21' title='bbox 1671 408 1780 448; x_wconf 86' lang='lat' dir='ltr'>hae-</span> 
     </span>
     <span class='ocr_line' id='line_1_4' title="bbox 139 479 1777 534; baseline -0.004 -10"><span class='ocrx_word' id='word_1_22' title='bbox 139 496 243 524; x_wconf 88' lang='lat' dir='ltr'>rere</span> <span class='ocrx_word' id='word_1_23' title='bbox 272 484 319 523; x_wconf 92' lang='lat' dir='ltr'>in</span> <span class='ocrx_word' id='word_1_24' title='bbox 350 483 525 524; x_wconf 90' lang='lat' dir='ltr'>cortice</span> <span class='ocrx_word' id='word_1_25' title='bbox 556 495 735 534; x_wconf 90' lang='lat' dir='ltr'>rerum,</span> <span class='ocrx_word' id='word_1_26' title='bbox 775 494 893 534; x_wconf 88' lang='lat' dir='ltr'>quae</span> <span class='ocrx_word' id='word_1_27' title='bbox 929 482 1110 522; x_wconf 86' lang='lat' dir='ltr'>animos</span> <span class='ocrx_word' id='word_1_28' title='bbox 1144 481 1204 520; x_wconf 91' lang='lat' dir='ltr'>ad</span> <span class='ocrx_word' id='word_1_29' title='bbox 1239 480 1493 531; x_wconf 78' lang='lat' dir='ltr'>genuinam</span> <span class='ocrx_word' id='word_1_30' title='bbox 1526 479 1777 531; x_wconf 90' lang='lat' dir='ltr'>puritatem</span> 
     </span>
     <span class='ocr_line' id='line_1_5' title="bbox 139 550 1779 606; baseline -0.003 -12"><span class='ocrx_word' id='word_1_31' title='bbox 139 559 440 606; x_wconf 89' lang='lat' dir='ltr'>promovent,</span> <span class='ocrx_word' id='word_1_32' title='bbox 472 554 555 594; x_wconf 91' lang='lat' dir='ltr'>sed</span> <span class='ocrx_word' id='word_1_33' title='bbox 583 554 629 594; x_wconf 89' lang='lat' dir='ltr'>in</span> <span class='ocrx_word' id='word_1_34' title='bbox 657 554 721 593; x_wconf 93' lang='lat' dir='ltr'>eis</span> <span class='ocrx_word' id='word_1_35' title='bbox 748 553 950 605; x_wconf 85' lang='lat' dir='ltr'>penitius</span> <span class='ocrx_word' id='word_1_36' title='bbox 976 551 1298 603; x_wconf 88' lang='lat' dir='ltr'>philosophari</span> <span class='ocrx_word' id='word_1_37' title='bbox 1326 562 1381 590; x_wconf 88' lang='lat' dir='ltr'>ac</span> <span class='ocrx_word' id='word_1_38' title='bbox 1408 550 1622 602; x_wconf 78' lang='lat' dir='ltr'>proximo</span> <span class='ocrx_word' id='word_1_39' title='bbox 1655 550 1779 590; x_wconf 89' lang='lat' dir='ltr'>bona</span> 
     </span>
     <span class='ocr_line' id='line_1_6' title="bbox 141 621 1780 675; baseline -0.004 -9"><span class='ocrx_word' id='word_1_40' title='bbox 141 625 229 666; x_wconf 90' lang='lat' dir='ltr'>fide</span> <span class='ocrx_word' id='word_1_41' title='bbox 258 625 620 665; x_wconf 86' lang='lat' dir='ltr'>communicare.</span> <span class='ocrx_word' id='word_1_42' title='bbox 654 624 969 675; x_wconf 84' lang='lat' dir='ltr'>Quamobrem</span> <span class='ocrx_word' id='word_1_43' title='bbox 996 629 1041 662; x_wconf 93' lang='lat' dir='ltr'>et</span> <span class='ocrx_word' id='word_1_44' title='bbox 1070 623 1278 674; x_wconf 89' lang='lat' dir='ltr'>ipsorum</span> <span class='ocrx_word' id='word_1_45' title='bbox 1308 622 1484 673; x_wconf 82' lang='lat' dir='ltr'>aliquot</span> <span class='ocrx_word' id='word_1_46' title='bbox 1513 621 1780 661; x_wconf 84' lang='lat' dir='ltr'>indicarunt</span> 
     </span>
     <span class='ocr_line' id='line_1_7' title="bbox 139 691 1780 748; baseline -0.003 -12"><span class='ocrx_word' id='word_1_47' title='bbox 139 707 309 748; x_wconf 89' lang='lat' dir='ltr'>parare</span> <span class='ocrx_word' id='word_1_48' title='bbox 332 706 380 735; x_wconf 92' lang='lat' dir='ltr'>se</span> <span class='ocrx_word' id='word_1_49' title='bbox 401 695 461 735; x_wconf 92' lang='lat' dir='ltr'>ad</span> <span class='ocrx_word' id='word_1_50' title='bbox 482 695 823 735; x_wconf 89' lang='lat' dir='ltr'>institutionem</span> <span class='ocrx_word' id='word_1_51' title='bbox 844 693 1176 734; x_wconf 84' lang='lat' dir='ltr'>exercitiorum</span> <span class='ocrx_word' id='word_1_52' title='bbox 1198 692 1512 744; x_wconf 87' lang='lat' dir='ltr'>spiritualium</span> <span class='ocrx_word' id='word_1_53' title='bbox 1529 691 1780 743; x_wconf 90' lang='lat' dir='ltr'>suscipien-</span> 
     </span>
     <span class='ocr_line' id='line_1_8' title="bbox 140 763 1780 818; baseline -0.002 -12"><span class='ocrx_word' id='word_1_54' title='bbox 140 767 268 817; x_wconf 89' lang='lat' dir='ltr'>dam,</span> <span class='ocrx_word' id='word_1_55' title='bbox 291 766 496 818; x_wconf 85' lang='lat' dir='ltr'>peractis</span> <span class='ocrx_word' id='word_1_56' title='bbox 524 766 774 806; x_wconf 86' lang='lat' dir='ltr'>vindemiis</span> <span class='ocrx_word' id='word_1_57' title='bbox 801 764 945 805; x_wconf 89' lang='lat' dir='ltr'>hisce.</span> <span class='ocrx_word' id='word_1_58' title='bbox 972 764 1074 804; x_wconf 90' lang='lat' dir='ltr'>Hoc</span> <span class='ocrx_word' id='word_1_59' title='bbox 1102 763 1206 804; x_wconf 89' lang='lat' dir='ltr'>ideo</span> <span class='ocrx_word' id='word_1_60' title='bbox 1229 764 1453 803; x_wconf 84' lang='lat' dir='ltr'>annotavi</span> <span class='ocrx_word' id='word_1_61' title='bbox 1481 764 1528 803; x_wconf 88' lang='lat' dir='ltr'>in</span> <span class='ocrx_word' id='word_1_62' title='bbox 1554 763 1682 803; x_wconf 89' lang='lat' dir='ltr'>hisce</span> <span class='ocrx_word' id='word_1_63' title='bbox 1702 774 1780 802; x_wconf 91' lang='lat' dir='ltr'>no-</span> 
     </span>
     <span class='ocr_line' id='line_1_9' title="bbox 140 835 1782 889; baseline -0.003 -11"><span class='ocrx_word' id='word_1_64' title='bbox 140 838 272 888; x_wconf 88' lang='lat' dir='ltr'>stris,</span> <span class='ocrx_word' id='word_1_65' title='bbox 297 837 422 889; x_wconf 88' lang='lat' dir='ltr'>quod</span> <span class='ocrx_word' id='word_1_66' title='bbox 449 838 699 889; x_wconf 91' lang='lat' dir='ltr'>plerosque</span> <span class='ocrx_word' id='word_1_67' title='bbox 733 836 942 888; x_wconf 89' lang='lat' dir='ltr'>ipsorum</span> <span class='ocrx_word' id='word_1_68' title='bbox 968 835 1113 876; x_wconf 84' lang='lat' dir='ltr'>veluti</span> <span class='ocrx_word' id='word_1_69' title='bbox 1142 846 1378 875; x_wconf 86' lang='lat' dir='ltr'>remoram</span> <span class='ocrx_word' id='word_1_70' title='bbox 1406 835 1658 886; x_wconf 89' lang='lat' dir='ltr'>quamdam</span> <span class='ocrx_word' id='word_1_71' title='bbox 1678 846 1782 886; x_wconf 92' lang='lat' dir='ltr'>pas-</span> 
     </span>
     <span class='ocr_line' id='line_1_10' title="bbox 140 906 1782 959; baseline -0.002 -10"><span class='ocrx_word' id='word_1_72' title='bbox 140 921 218 949; x_wconf 90' lang='lat' dir='ltr'>sos</span> <span class='ocrx_word' id='word_1_73' title='bbox 240 908 570 949; x_wconf 88' lang='lat' dir='ltr'>subolfecerim</span> <span class='ocrx_word' id='word_1_74' title='bbox 601 907 910 959; x_wconf 91' lang='lat' dir='ltr'>quorumdam</span> <span class='ocrx_word' id='word_1_75' title='bbox 939 906 1345 958; x_wconf 75' lang='lat' dir='ltr'>persuasionibus,</span> <span class='ocrx_word' id='word_1_76' title='bbox 1379 906 1459 946; x_wconf 92' lang='lat' dir='ltr'>sed</span> <span class='ocrx_word' id='word_1_77' title='bbox 1488 917 1655 957; x_wconf 88' lang='lat' dir='ltr'>parum</span> <span class='ocrx_word' id='word_1_78' title='bbox 1684 911 1782 945; x_wconf 91' lang='lat' dir='ltr'>tan-</span> 
     </span>
     <span class='ocr_line' id='line_1_11' title="bbox 141 978 680 1030; baseline -0.002 -11"><span class='ocrx_word' id='word_1_79' title='bbox 141 980 246 1020; x_wconf 90' lang='lat' dir='ltr'>dem</span> <span class='ocrx_word' id='word_1_80' title='bbox 269 978 680 1030; x_wconf 87' lang='lat' dir='ltr'>persuadentibus.</span> 
     </span>
    </p>

    <p class='ocr_par' dir='ltr' id='par_1_3' title="bbox 140 1047 1792 2026">
     <span class='ocr_line' id='line_1_12' title="bbox 221 1047 1789 1102; baseline -0.002 -11"><span class='ocrx_word' id='word_1_81' title='bbox 221 1050 462 1102; x_wconf 86' lang='lat' dir='ltr'>Quantum</span> <span class='ocrx_word' id='word_1_82' title='bbox 483 1050 543 1090; x_wconf 89' lang='lat' dir='ltr'>ad</span> <span class='ocrx_word' id='word_1_83' title='bbox 565 1049 716 1090; x_wconf 92' lang='lat' dir='ltr'>studia</span> <span class='ocrx_word' id='word_1_84' title='bbox 738 1049 937 1089; x_wconf 85' lang='lat' dir='ltr'>fratrum</span> <span class='ocrx_word' id='word_1_85' title='bbox 959 1049 1148 1098; x_wconf 87' lang='lat' dir='ltr'>attinet,</span> <span class='ocrx_word' id='word_1_86' title='bbox 1178 1060 1272 1088; x_wconf 91' lang='lat' dir='ltr'>non</span> <span class='ocrx_word' id='word_1_87' title='bbox 1301 1059 1447 1100; x_wconf 90' lang='lat' dir='ltr'>usque</span> <span class='ocrx_word' id='word_1_88' title='bbox 1474 1047 1590 1088; x_wconf 90' lang='lat' dir='ltr'>adeo</span> <span class='ocrx_word' id='word_1_89' title='bbox 1617 1049 1789 1088; x_wconf 86' lang='lat' dir='ltr'>litteris</span> 
     </span>
     <span class='ocr_line' id='line_1_13' title="bbox 143 1119 1787 1172; baseline -0.002 -10"><span class='ocrx_word' id='word_1_90' title='bbox 143 1122 372 1162; x_wconf 88' lang='lat' dir='ltr'>hactenus</span> <span class='ocrx_word' id='word_1_91' title='bbox 393 1121 671 1162; x_wconf 87' lang='lat' dir='ltr'>desudatum</span> <span class='ocrx_word' id='word_1_92' title='bbox 692 1127 782 1171; x_wconf 90' lang='lat' dir='ltr'>est,</span> <span class='ocrx_word' id='word_1_93' title='bbox 802 1120 926 1172; x_wconf 90' lang='lat' dir='ltr'>quod</span> <span class='ocrx_word' id='word_1_94' title='bbox 953 1121 1167 1160; x_wconf 87' lang='lat' dir='ltr'>consulto</span> <span class='ocrx_word' id='word_1_95' title='bbox 1190 1120 1366 1160; x_wconf 84' lang='lat' dir='ltr'>factum</span> <span class='ocrx_word' id='word_1_96' title='bbox 1397 1126 1466 1159; x_wconf 89' lang='lat' dir='ltr'>est</span> <span class='ocrx_word' id='word_1_97' title='bbox 1493 1120 1550 1159; x_wconf 93' lang='lat' dir='ltr'>ob</span> <span class='ocrx_word' id='word_1_98' title='bbox 1577 1119 1787 1159; x_wconf 89' lang='lat' dir='ltr'>rationes</span> 
     </span>
     <span class='ocr_line' id='line_1_14' title="bbox 140 1191 1785 1246; baseline -0.002 -12"><span class='ocrx_word' id='word_1_99' title='bbox 140 1193 238 1246; x_wconf 91' lang='lat' dir='ltr'>jam</span> <span class='ocrx_word' id='word_1_100' title='bbox 261 1193 406 1234; x_wconf 87' lang='lat' dir='ltr'>semel</span> <span class='ocrx_word' id='word_1_101' title='bbox 434 1193 676 1233; x_wconf 77' lang='lat' dir='ltr'>adductas,</span> <span class='ocrx_word' id='word_1_102' title='bbox 710 1192 900 1233; x_wconf 86' lang='lat' dir='ltr'>Interim</span> <span class='ocrx_word' id='word_1_103' title='bbox 929 1192 1119 1232; x_wconf 88' lang='lat' dir='ltr'>tandem</span> <span class='ocrx_word' id='word_1_104' title='bbox 1150 1197 1387 1232; x_wconf 87' lang='lat' dir='ltr'>cessatum</span> <span class='ocrx_word' id='word_1_105' title='bbox 1417 1197 1485 1231; x_wconf 91' lang='lat' dir='ltr'>est</span> <span class='ocrx_word' id='word_1_106' title='bbox 1516 1191 1704 1230; x_wconf 91' lang='lat' dir='ltr'>minime</span> <span class='ocrx_word' id='word_1_107' title='bbox 1725 1191 1785 1231; x_wconf 90' lang='lat' dir='ltr'>ab</span> 
     </span>
     <span class='ocr_line' id='line_1_15' title="bbox 144 1261 1783 1315; baseline -0.002 -11"><span class='ocrx_word' id='word_1_108' title='bbox 144 1265 250 1304; x_wconf 90' lang='lat' dir='ltr'>aliis</span> <span class='ocrx_word' id='word_1_109' title='bbox 271 1264 702 1313; x_wconf 85' lang='lat' dir='ltr'>exercitationibus,</span> <span class='ocrx_word' id='word_1_110' title='bbox 728 1275 847 1315; x_wconf 90' lang='lat' dir='ltr'>quae</span> <span class='ocrx_word' id='word_1_111' title='bbox 865 1263 1039 1315; x_wconf 88' lang='lat' dir='ltr'>absque</span> <span class='ocrx_word' id='word_1_112' title='bbox 1056 1262 1274 1303; x_wconf 88' lang='lat' dir='ltr'>sanitatis</span> <span class='ocrx_word' id='word_1_113' title='bbox 1291 1262 1567 1302; x_wconf 90' lang='lat' dir='ltr'>detrimento</span> <span class='ocrx_word' id='word_1_114' title='bbox 1589 1261 1688 1301; x_wconf 90' lang='lat' dir='ltr'>fieri</span> <span class='ocrx_word' id='word_1_115' title='bbox 1708 1273 1783 1313; x_wconf 92' lang='lat' dir='ltr'>po-</span> 
     </span>
     <span class='ocr_line' id='line_1_16' title="bbox 143 1333 1786 1386; baseline -0.003 -10"><span class='ocrx_word' id='word_1_116' title='bbox 143 1342 352 1386; x_wconf 90' lang='lat' dir='ltr'>tuerunt,</span> <span class='ocrx_word' id='word_1_117' title='bbox 393 1335 537 1375; x_wconf 90' lang='lat' dir='ltr'>veluti</span> <span class='ocrx_word' id='word_1_118' title='bbox 577 1334 886 1385; x_wconf 88' lang='lat' dir='ltr'>orationibus,</span> <span class='ocrx_word' id='word_1_119' title='bbox 929 1333 1424 1385; x_wconf 89' lang='lat' dir='ltr'>contemplationibus,</span> <span class='ocrx_word' id='word_1_120' title='bbox 1467 1333 1786 1372; x_wconf 89' lang='lat' dir='ltr'>sacrosanctis</span> 
     </span>
     <span class='ocr_line' id='line_1_17' title="bbox 147 1404 1792 1457; baseline -0.002 -10"><span class='ocrx_word' id='word_1_121' title='bbox 147 1406 457 1447; x_wconf 88' lang='lat' dir='ltr'>sacramentis</span> <span class='ocrx_word' id='word_1_122' title='bbox 478 1405 788 1457; x_wconf 86' lang='lat' dir='ltr'>suscipiendis</span> <span class='ocrx_word' id='word_1_123' title='bbox 817 1405 1132 1457; x_wconf 91' lang='lat' dir='ltr'>poenitentiae</span> <span class='ocrx_word' id='word_1_124' title='bbox 1159 1412 1203 1444; x_wconf 93' lang='lat' dir='ltr'>et</span> <span class='ocrx_word' id='word_1_125' title='bbox 1232 1404 1577 1455; x_wconf 84' lang='lat' dir='ltr'>Eucharistiae,</span> <span class='ocrx_word' id='word_1_126' title='bbox 1603 1404 1792 1444; x_wconf 88' lang='lat' dir='ltr'>concio·</span> 
     </span>
     <span class='ocr_line' id='line_1_18' title="bbox 146 1475 1787 1529; baseline -0.002 -11"><span class='ocrx_word' id='word_1_127' title='bbox 146 1477 281 1518; x_wconf 90' lang='lat' dir='ltr'>nibus</span> <span class='ocrx_word' id='word_1_128' title='bbox 303 1478 498 1529; x_wconf 90' lang='lat' dir='ltr'>aliisque</span> <span class='ocrx_word' id='word_1_129' title='bbox 519 1476 565 1517; x_wconf 88' lang='lat' dir='ltr'>id</span> <span class='ocrx_word' id='word_1_130' title='bbox 585 1488 755 1528; x_wconf 89' lang='lat' dir='ltr'>genus,</span> <span class='ocrx_word' id='word_1_131' title='bbox 788 1477 953 1528; x_wconf 90' lang='lat' dir='ltr'>quibus</span> <span class='ocrx_word' id='word_1_132' title='bbox 983 1476 1133 1516; x_wconf 91' lang='lat' dir='ltr'>nostri</span> <span class='ocrx_word' id='word_1_133' title='bbox 1160 1476 1220 1516; x_wconf 88' lang='lat' dir='ltr'>ad</span> <span class='ocrx_word' id='word_1_134' title='bbox 1250 1476 1461 1515; x_wconf 84' lang='lat' dir='ltr'>divinum</span> <span class='ocrx_word' id='word_1_135' title='bbox 1488 1475 1663 1515; x_wconf 89' lang='lat' dir='ltr'>cultum</span> <span class='ocrx_word' id='word_1_136' title='bbox 1684 1486 1787 1526; x_wconf 91' lang='lat' dir='ltr'>pro-</span> 
     </span>
     <span class='ocr_line' id='line_1_19' title="bbox 146 1546 1792 1601; baseline -0.002 -12"><span class='ocrx_word' id='word_1_137' title='bbox 146 1549 351 1601; x_wconf 84' lang='lat' dir='ltr'>ximique</span> <span class='ocrx_word' id='word_1_138' title='bbox 391 1547 765 1588; x_wconf 88' lang='lat' dir='ltr'>aedificationem</span> <span class='ocrx_word' id='word_1_139' title='bbox 804 1547 1044 1587; x_wconf 84' lang='lat' dir='ltr'>efformari</span> <span class='ocrx_word' id='word_1_140' title='bbox 1082 1547 1246 1587; x_wconf 92' lang='lat' dir='ltr'>solent.</span> <span class='ocrx_word' id='word_1_141' title='bbox 1284 1546 1390 1598; x_wconf 91' lang='lat' dir='ltr'>Jam</span> <span class='ocrx_word' id='word_1_142' title='bbox 1422 1558 1559 1597; x_wconf 87' lang='lat' dir='ltr'>verO,</span> <span class='ocrx_word' id='word_1_143' title='bbox 1600 1552 1792 1597; x_wconf 89' lang='lat' dir='ltr'>praeter</span> 
     </span>
     <span class='ocr_line' id='line_1_20' title="bbox 146 1617 1790 1671; baseline -0.002 -11"><span class='ocrx_word' id='word_1_144' title='bbox 146 1620 284 1671; x_wconf 91' lang='lat' dir='ltr'>haec,</span> <span class='ocrx_word' id='word_1_145' title='bbox 318 1625 363 1659; x_wconf 90' lang='lat' dir='ltr'>et</span> <span class='ocrx_word' id='word_1_146' title='bbox 393 1620 547 1660; x_wconf 87' lang='lat' dir='ltr'>studia</span> <span class='ocrx_word' id='word_1_147' title='bbox 584 1625 803 1671; x_wconf 92' lang='lat' dir='ltr'>suscepta</span> <span class='ocrx_word' id='word_1_148' title='bbox 833 1619 1082 1670; x_wconf 82' lang='lat' dir='ltr'>diligenter</span> <span class='ocrx_word' id='word_1_149' title='bbox 1111 1624 1480 1670; x_wconf 87' lang='lat' dir='ltr'>prosequuntur,</span> <span class='ocrx_word' id='word_1_150' title='bbox 1515 1617 1700 1657; x_wconf 89' lang='lat' dir='ltr'>tametsi</span> <span class='ocrx_word' id='word_1_151' title='bbox 1730 1617 1790 1657; x_wconf 91' lang='lat' dir='ltr'>ab</span> 
     </span>
     <span class='ocr_line' id='line_1_21' title="bbox 145 1687 1788 1743; baseline -0.002 -12"><span class='ocrx_word' id='word_1_152' title='bbox 145 1691 201 1732; x_wconf 91' lang='lat' dir='ltr'>iis</span> <span class='ocrx_word' id='word_1_153' title='bbox 222 1703 475 1742; x_wconf 87' lang='lat' dir='ltr'>numquam</span> <span class='ocrx_word' id='word_1_154' title='bbox 495 1702 689 1743; x_wconf 90' lang='lat' dir='ltr'>prorsus</span> <span class='ocrx_word' id='word_1_155' title='bbox 711 1697 946 1731; x_wconf 88' lang='lat' dir='ltr'>cessatum</span> <span class='ocrx_word' id='word_1_156' title='bbox 973 1691 1046 1730; x_wconf 92' lang='lat' dir='ltr'>sit.</span> <span class='ocrx_word' id='word_1_157' title='bbox 1066 1689 1158 1730; x_wconf 83' lang='lat' dir='ltr'>Sub</span> <span class='ocrx_word' id='word_1_158' title='bbox 1180 1689 1311 1729; x_wconf 86' lang='lat' dir='ltr'>initia</span> <span class='ocrx_word' id='word_1_159' title='bbox 1333 1689 1608 1739; x_wconf 88' lang='lat' dir='ltr'>studiorum,</span> <span class='ocrx_word' id='word_1_160' title='bbox 1623 1687 1720 1740; x_wconf 82' lang='lat' dir='ltr'>jam</span> <span class='ocrx_word' id='word_1_161' title='bbox 1741 1689 1788 1728; x_wconf 92' lang='lat' dir='ltr'>in</span> 
     </span>
     <span class='ocr_line' id='line_1_22' title="bbox 146 1760 1790 1815; baseline -0.002 -13"><span class='ocrx_word' id='word_1_162' title='bbox 146 1762 235 1802; x_wconf 88' lang='lat' dir='ltr'>hac</span> <span class='ocrx_word' id='word_1_163' title='bbox 262 1762 523 1803; x_wconf 88' lang='lat' dir='ltr'>Academia</span> <span class='ocrx_word' id='word_1_164' title='bbox 552 1762 823 1815; x_wconf 88' lang='lat' dir='ltr'>propediem</span> <span class='ocrx_word' id='word_1_165' title='bbox 850 1762 1252 1811; x_wconf 90' lang='lat' dir='ltr'>resumendorum,</span> <span class='ocrx_word' id='word_1_166' title='bbox 1277 1761 1459 1813; x_wconf 91' lang='lat' dir='ltr'>publice</span> <span class='ocrx_word' id='word_1_167' title='bbox 1483 1760 1790 1801; x_wconf 90' lang='lat' dir='ltr'>declamaturi</span> 
     </span>
     <span class='ocr_line' id='line_1_23' title="bbox 147 1833 1790 1886; baseline -0.002 -12"><span class='ocrx_word' id='word_1_168' title='bbox 147 1839 277 1884; x_wconf 89' lang='lat' dir='ltr'>sunt,</span> <span class='ocrx_word' id='word_1_169' title='bbox 315 1833 416 1874; x_wconf 91' lang='lat' dir='ltr'>Deo</span> <span class='ocrx_word' id='word_1_170' title='bbox 442 1834 666 1886; x_wconf 91' lang='lat' dir='ltr'>propitio,</span> <span class='ocrx_word' id='word_1_171' title='bbox 697 1834 872 1885; x_wconf 92' lang='lat' dir='ltr'>aliquot</span> <span class='ocrx_word' id='word_1_172' title='bbox 901 1845 959 1873; x_wconf 82' lang='lat' dir='ltr'>ex</span> <span class='ocrx_word' id='word_1_173' title='bbox 990 1833 1186 1883; x_wconf 86' lang='lat' dir='ltr'>nostris;</span> <span class='ocrx_word' id='word_1_174' title='bbox 1211 1845 1266 1872; x_wconf 88' lang='lat' dir='ltr'>ac</span> <span class='ocrx_word' id='word_1_175' title='bbox 1288 1838 1465 1883; x_wconf 87' lang='lat' dir='ltr'>septem</span> <span class='ocrx_word' id='word_1_176' title='bbox 1499 1833 1790 1883; x_wconf 83' lang='lat' dir='ltr'>psalmorum</span> 
     </span>
     <span class='ocr_line' id='line_1_24' title="bbox 147 1901 1790 1957; baseline -0.001 -13"><span class='ocrx_word' id='word_1_177' title='bbox 147 1905 549 1957; x_wconf 88' lang='lat' dir='ltr'>poenitentialium</span> <span class='ocrx_word' id='word_1_178' title='bbox 570 1904 1023 1956; x_wconf 84' lang='lat' dir='ltr'>interpretationem,</span> <span class='ocrx_word' id='word_1_179' title='bbox 1049 1916 1074 1944; x_wconf 94' lang='lat' dir='ltr'>a</span> <span class='ocrx_word' id='word_1_180' title='bbox 1095 1903 1176 1944; x_wconf 47' lang='lat' dir='ltr'>R?</span> <span class='ocrx_word' id='word_1_181' title='bbox 1197 1904 1281 1954; x_wconf 85' lang='lat' dir='ltr'>V.,</span> <span class='ocrx_word' id='word_1_182' title='bbox 1305 1903 1500 1943; x_wconf 84' lang='lat' dir='ltr'>Vicario</span> <span class='ocrx_word' id='word_1_183' title='bbox 1535 1915 1590 1942; x_wconf 92' lang='lat' dir='ltr'>ac</span> <span class='ocrx_word' id='word_1_184' title='bbox 1620 1902 1669 1942; x_wconf 87' lang='grc' dir='ltr'>Ρ.</span> <span class='ocrx_word' id='word_1_185' title='bbox 1695 1901 1790 1943; x_wconf 84' lang='lat' dir='ltr'>Sal-</span> 
     </span>
     <span class='ocr_line' id='line_1_25' title="bbox 148 1975 1306 2026; baseline -0.001 -11"><span class='ocrx_word' id='word_1_186' title='bbox 148 1987 339 2016; x_wconf 90' lang='lat' dir='ltr'>merone</span> <span class='ocrx_word' id='word_1_187' title='bbox 360 1975 495 2016; x_wconf 92' lang='lat' dir='ltr'>nobis</span> <span class='ocrx_word' id='word_1_188' title='bbox 516 1976 773 2026; x_wconf 89' lang='lat' dir='ltr'>decretam,</span> <span class='ocrx_word' id='word_1_189' title='bbox 799 1976 937 2016; x_wconf 89' lang='lat' dir='ltr'>simul</span> <span class='ocrx_word' id='word_1_190' title='bbox 957 1975 1306 2026; x_wconf 80' lang='lat' dir='ltr'>aggrediemur,</span> 
     </span>
    </p>

    <p class='ocr_par' dir='ltr' id='par_1_4' title="bbox 150 2044 1795 2595">
     <span class='ocr_line' id='line_1_26' title="bbox 229 2044 1790 2098; baseline -0.001 -12"><span class='ocrx_word' id='word_1_191' title='bbox 229 2046 384 2098; x_wconf 89' lang='lat' dir='ltr'>Atque</span> <span class='ocrx_word' id='word_1_192' title='bbox 405 2058 459 2087; x_wconf 93' lang='lat' dir='ltr'>eo</span> <span class='ocrx_word' id='word_1_193' title='bbox 482 2046 668 2098; x_wconf 91' lang='lat' dir='ltr'>quidem</span> <span class='ocrx_word' id='word_1_194' title='bbox 694 2053 854 2098; x_wconf 83' lang='lat' dir='ltr'>pacto,</span> <span class='ocrx_word' id='word_1_195' title='bbox 884 2045 983 2086; x_wconf 74' lang='lat' dir='ltr'>R.d0</span> <span class='ocrx_word' id='word_1_196' title='bbox 1010 2046 1084 2097; x_wconf 57' lang='lat' dir='ltr'>P„</span> <span class='ocrx_word' id='word_1_197' title='bbox 1116 2058 1201 2086; x_wconf 89' lang='lat' dir='ltr'>nos</span> <span class='ocrx_word' id='word_1_198' title='bbox 1232 2046 1459 2085; x_wconf 86' lang='lat' dir='ltr'>hactenus</span> <span class='ocrx_word' id='word_1_199' title='bbox 1490 2051 1677 2085; x_wconf 77' lang='lat' dir='ltr'>exercet</span> <span class='ocrx_word' id='word_1_200' title='bbox 1698 2044 1790 2084; x_wconf 93' lang='lat' dir='ltr'>Do-</span> 
     </span>
     <span class='ocr_line' id='line_1_27' title="bbox 151 2117 1791 2169; baseline -0.002 -12"><span class='ocrx_word' id='word_1_201' title='bbox 151 2117 327 2168; x_wconf 89' lang='lat' dir='ltr'>minus,</span> <span class='ocrx_word' id='word_1_202' title='bbox 364 2117 496 2169; x_wconf 90' lang='lat' dir='ltr'>isque</span> <span class='ocrx_word' id='word_1_203' title='bbox 531 2123 600 2158; x_wconf 93' lang='lat' dir='ltr'>est</span> <span class='ocrx_word' id='word_1_204' title='bbox 634 2129 791 2157; x_wconf 89' lang='lat' dir='ltr'>rerum</span> <span class='ocrx_word' id='word_1_205' title='bbox 827 2129 883 2157; x_wconf 92' lang='lat' dir='ltr'>ac</span> <span class='ocrx_word' id='word_1_206' title='bbox 917 2117 1178 2157; x_wconf 90' lang='lat' dir='ltr'>studiorum</span> <span class='ocrx_word' id='word_1_207' title='bbox 1216 2122 1485 2156; x_wconf 89' lang='lat' dir='ltr'>nostrorum</span> <span class='ocrx_word' id='word_1_208' title='bbox 1525 2121 1698 2166; x_wconf 84' lang='lat' dir='ltr'>status,</span> <span class='ocrx_word' id='word_1_209' title='bbox 1741 2122 1791 2155; x_wconf 89' lang='lat' dir='ltr'>ut</span> 
     </span>
     <span class='ocr_line' id='line_1_28' title="bbox 150 2187 1791 2241; baseline -0.001 -13"><span class='ocrx_word' id='word_1_210' title='bbox 150 2194 338 2239; x_wconf 92' lang='lat' dir='ltr'>praeter</span> <span class='ocrx_word' id='word_1_211' title='bbox 358 2189 581 2241; x_wconf 88' lang='lat' dir='ltr'>paucula,</span> <span class='ocrx_word' id='word_1_212' title='bbox 619 2200 738 2240; x_wconf 91' lang='lat' dir='ltr'>quae</span> <span class='ocrx_word' id='word_1_213' title='bbox 760 2188 852 2228; x_wconf 81' lang='lat' dir='ltr'>hue</span> <span class='ocrx_word' id='word_1_214' title='bbox 882 2189 1023 2228; x_wconf 89' lang='lat' dir='ltr'>allata</span> <span class='ocrx_word' id='word_1_215' title='bbox 1054 2193 1182 2238; x_wconf 91' lang='lat' dir='ltr'>sunt,</span> <span class='ocrx_word' id='word_1_216' title='bbox 1216 2187 1275 2227; x_wconf 89' lang='lat' dir='ltr'>ad</span> <span class='ocrx_word' id='word_1_217' title='bbox 1304 2197 1471 2238; x_wconf 89' lang='lat' dir='ltr'>agrum</span> <span class='ocrx_word' id='word_1_218' title='bbox 1501 2198 1637 2226; x_wconf 90' lang='lat' dir='ltr'>suum</span> <span class='ocrx_word' id='word_1_219' title='bbox 1662 2187 1791 2226; x_wconf 90' lang='lat' dir='ltr'>illum</span> 
     </span>
     <span class='ocr_line' id='line_1_29' title="bbox 152 2256 1795 2311; baseline -0.002 -12"><span class='ocrx_word' id='word_1_220' title='bbox 152 2259 480 2310; x_wconf 83' lang='lat' dir='ltr'>excolendum,</span> <span class='ocrx_word' id='word_1_221' title='bbox 514 2271 652 2311; x_wconf 92' lang='lat' dir='ltr'>quem</span> <span class='ocrx_word' id='word_1_222' title='bbox 682 2271 806 2299; x_wconf 90' lang='lat' dir='ltr'>nunc</span> <span class='ocrx_word' id='word_1_223' title='bbox 835 2259 1039 2310; x_wconf 89' lang='lat' dir='ltr'>primum</span> <span class='ocrx_word' id='word_1_224' title='bbox 1072 2258 1427 2298; x_wconf 89' lang='lat' dir='ltr'>submonstrare</span> <span class='ocrx_word' id='word_1_225' title='bbox 1460 2256 1668 2307; x_wconf 84' lang='lat' dir='ltr'>videtur,</span> <span class='ocrx_word' id='word_1_226' title='bbox 1705 2268 1795 2297; x_wconf 87' lang='lat' dir='ltr'>nos</span> 
     </span>
     <span class='ocr_line' id='line_1_30' title="bbox 152 2328 1792 2382; baseline -0.001 -13"><span class='ocrx_word' id='word_1_227' title='bbox 152 2336 335 2370; x_wconf 87' lang='lat' dir='ltr'>tantum</span> <span class='ocrx_word' id='word_1_228' title='bbox 366 2342 537 2382; x_wconf 88' lang='lat' dir='ltr'>parare</span> <span class='ocrx_word' id='word_1_229' title='bbox 571 2331 799 2371; x_wconf 88' lang='lat' dir='ltr'>hactenus</span> <span class='ocrx_word' id='word_1_230' title='bbox 836 2330 1058 2380; x_wconf 74' lang='lat' dir='ltr'>voluerit,</span> <span class='ocrx_word' id='word_1_231' title='bbox 1095 2329 1310 2369; x_wconf 83' lang='lat' dir='ltr'>videmus</span> <span class='ocrx_word' id='word_1_232' title='bbox 1345 2329 1574 2379; x_wconf 89' lang='lat' dir='ltr'>siquidem</span> <span class='ocrx_word' id='word_1_233' title='bbox 1607 2328 1792 2368; x_wconf 90' lang='lat' dir='ltr'>labores</span> 
     </span>
     <span class='ocr_line' id='line_1_31' title="bbox 152 2399 1791 2453; baseline -0.002 -12"><span class='ocrx_word' id='word_1_234' title='bbox 152 2412 450 2452; x_wconf 87' lang='lat' dir='ltr'>nequaquam</span> <span class='ocrx_word' id='word_1_235' title='bbox 471 2401 733 2443; x_wconf 89' lang='lat' dir='ltr'>mediocres</span> <span class='ocrx_word' id='word_1_236' title='bbox 754 2413 839 2442; x_wconf 90' lang='lat' dir='ltr'>nos</span> <span class='ocrx_word' id='word_1_237' title='bbox 861 2413 1073 2452; x_wconf 89' lang='lat' dir='ltr'>manere,</span> <span class='ocrx_word' id='word_1_238' title='bbox 1107 2412 1225 2453; x_wconf 89' lang='lat' dir='ltr'>quos</span> <span class='ocrx_word' id='word_1_239' title='bbox 1255 2400 1343 2440; x_wconf 82' lang='lat' dir='ltr'>hoc</span> <span class='ocrx_word' id='word_1_240' title='bbox 1372 2399 1627 2439; x_wconf 90' lang='lat' dir='ltr'>animosius</span> <span class='ocrx_word' id='word_1_241' title='bbox 1649 2411 1704 2439; x_wconf 87' lang='lat' dir='ltr'>ac</span> <span class='ocrx_word' id='word_1_242' title='bbox 1726 2399 1791 2450; x_wconf 88' lang='lat' dir='ltr'>(ut</span> 
     </span>
     <span class='ocr_line' id='line_1_32' title="bbox 153 2470 1791 2524; baseline -0.002 -12"><span class='ocrx_word' id='word_1_243' title='bbox 153 2472 308 2524; x_wconf 89' lang='lat' dir='ltr'>spero)</span> <span class='ocrx_word' id='word_1_244' title='bbox 348 2472 528 2512; x_wconf 88' lang='lat' dir='ltr'>felicius</span> <span class='ocrx_word' id='word_1_245' title='bbox 564 2472 917 2524; x_wconf 84' lang='lat' dir='ltr'>aggrediemur,</span> <span class='ocrx_word' id='word_1_246' title='bbox 954 2485 1068 2524; x_wconf 91' lang='lat' dir='ltr'>quo,</span> <span class='ocrx_word' id='word_1_247' title='bbox 1111 2471 1284 2512; x_wconf 84' lang='lat' dir='ltr'>Sancta</span> <span class='ocrx_word' id='word_1_248' title='bbox 1325 2470 1586 2511; x_wconf 90' lang='lat' dir='ltr'>obedientia</span> <span class='ocrx_word' id='word_1_249' title='bbox 1620 2470 1791 2521; x_wconf 91' lang='lat' dir='ltr'>ubique</span> 
     </span>
     <span class='ocr_line' id='line_1_33' title="bbox 152 2543 1302 2595; baseline -0.001 -12"><span class='ocrx_word' id='word_1_250' title='bbox 152 2543 408 2595; x_wconf 88' lang='lat' dir='ltr'>praeduce,</span> <span class='ocrx_word' id='word_1_251' title='bbox 433 2543 589 2583; x_wconf 85' lang='lat' dir='ltr'>animo</span> <span class='ocrx_word' id='word_1_252' title='bbox 610 2544 798 2594; x_wconf 90' lang='lat' dir='ltr'>puriore</span> <span class='ocrx_word' id='word_1_253' title='bbox 820 2544 993 2584; x_wconf 90' lang='lat' dir='ltr'>sectari</span> <span class='ocrx_word' id='word_1_254' title='bbox 1015 2543 1302 2584; x_wconf 88' lang='lat' dir='ltr'>conabimur.</span> 
     </span>
    </p>

    <p class='ocr_par' dir='ltr' id='par_1_5' title="bbox 154 2611 1791 2808">
     <span class='ocr_line' id='line_1_34' title="bbox 234 2611 1791 2663; baseline -0.002 -10"><span class='ocrx_word' id='word_1_255' title='bbox 234 2612 392 2654; x_wconf 83' lang='lat' dir='ltr'>Sacris</span> <span class='ocrx_word' id='word_1_256' title='bbox 408 2614 594 2654; x_wconf 89' lang='lat' dir='ltr'>interim</span> <span class='ocrx_word' id='word_1_257' title='bbox 613 2614 668 2655; x_wconf 88' lang='lat' dir='ltr'>R.</span> <span class='ocrx_word' id='word_1_258' title='bbox 692 2615 742 2655; x_wconf 88' lang='lat' dir='ltr'>P.</span> <span class='ocrx_word' id='word_1_259' title='bbox 766 2615 818 2655; x_wconf 92' lang='lat' dir='ltr'>T.</span> <span class='ocrx_word' id='word_1_260' title='bbox 843 2614 1086 2655; x_wconf 90' lang='lat' dir='ltr'>sacrificiis</span> <span class='ocrx_word' id='word_1_261' title='bbox 1108 2621 1152 2655; x_wconf 93' lang='lat' dir='ltr'>et</span> <span class='ocrx_word' id='word_1_262' title='bbox 1173 2614 1366 2654; x_wconf 81' lang='lat' dir='ltr'>excitati</span> <span class='ocrx_word' id='word_1_263' title='bbox 1387 2618 1431 2653; x_wconf 90' lang='lat' dir='ltr'>et</span> <span class='ocrx_word' id='word_1_264' title='bbox 1451 2611 1670 2652; x_wconf 90' lang='lat' dir='ltr'>continuo</span> <span class='ocrx_word' id='word_1_265' title='bbox 1687 2623 1791 2663; x_wconf 91' lang='lat' dir='ltr'>pro-</span> 
     </span>
     <span class='ocr_line' id='line_1_35' title="bbox 154 2682 1791 2737; baseline -0.001 -13"><span class='ocrx_word' id='word_1_266' title='bbox 154 2685 300 2736; x_wconf 87' lang='lat' dir='ltr'>vecti,</span> <span class='ocrx_word' id='word_1_267' title='bbox 326 2696 524 2736; x_wconf 89' lang='lat' dir='ltr'>quorum</span> <span class='ocrx_word' id='word_1_268' title='bbox 551 2684 772 2737; x_wconf 88' lang='lat' dir='ltr'>suffragia</span> <span class='ocrx_word' id='word_1_269' title='bbox 792 2686 839 2726; x_wconf 88' lang='lat' dir='ltr'>in</span> <span class='ocrx_word' id='word_1_270' title='bbox 861 2686 1024 2737; x_wconf 90' lang='lat' dir='ltr'>primis</span> <span class='ocrx_word' id='word_1_271' title='bbox 1042 2691 1429 2736; x_wconf 89' lang='lat' dir='ltr'>caeterorumque</span> <span class='ocrx_word' id='word_1_272' title='bbox 1446 2683 1498 2723; x_wconf 84' lang='lat' dir='ltr'>R.</span> <span class='ocrx_word' id='word_1_273' title='bbox 1525 2682 1574 2723; x_wconf 91' lang='lat' dir='ltr'>P.</span> <span class='ocrx_word' id='word_1_274' title='bbox 1599 2694 1654 2722; x_wconf 93' lang='lat' dir='ltr'>ac</span> <span class='ocrx_word' id='word_1_275' title='bbox 1679 2682 1791 2722; x_wconf 89' lang='lat' dir='ltr'>Fra-</span> 
     </span>
     <span class='ocr_line' id='line_1_36' title="bbox 154 2755 1568 2808; baseline -0.002 -13"><span class='ocrx_word' id='word_1_276' title='bbox 154 2761 278 2795; x_wconf 91' lang='lat' dir='ltr'>trum</span> <span class='ocrx_word' id='word_1_277' title='bbox 300 2755 686 2796; x_wconf 88' lang='lat' dir='ltr'>charissimorum</span> <span class='ocrx_word' id='word_1_278' title='bbox 706 2756 969 2808; x_wconf 89' lang='lat' dir='ltr'>importune</span> <span class='ocrx_word' id='word_1_279' title='bbox 991 2768 1173 2808; x_wconf 91' lang='lat' dir='ltr'>semper</span> <span class='ocrx_word' id='word_1_280' title='bbox 1195 2755 1568 2806; x_wconf 85' lang='lat' dir='ltr'>effiagitabimus.</span> 
     </span>
    </p>

    <p class='ocr_par' dir='ltr' id='par_1_6' title="bbox 235 2825 986 2876">
     <span class='ocr_line' id='line_1_37' title="bbox 235 2825 986 2876; baseline -0.003 -10"><span class='ocrx_word' id='word_1_281' title='bbox 235 2825 479 2876; x_wconf 89' lang='lat' dir='ltr'>Perusiae,</span> <span class='ocrx_word' id='word_1_282' title='bbox 503 2825 602 2866; x_wconf 88' lang='lat' dir='ltr'>Cal.</span> <span class='ocrx_word' id='word_1_283' title='bbox 627 2825 845 2867; x_wconf 88' lang='lat' dir='ltr'>Octobris</span> <span class='ocrx_word' id='word_1_284' title='bbox 870 2826 986 2867; x_wconf 84' lang='lat'>1552.</span> 
     </span>
    </p>

    <p class='ocr_par' dir='ltr' id='par_1_7' title="bbox 235 2895 465 2937">
     <span class='ocr_line' id='line_1_38' title="bbox 235 2895 465 2937; baseline 0 -1"><span class='ocrx_word' id='word_1_285' title='bbox 235 2895 306 2936; x_wconf 94' lang='lat' dir='ltr'>De</span> <span class='ocrx_word' id='word_1_286' title='bbox 328 2896 388 2937; x_wconf 91' lang='lat' dir='ltr'>V.</span> <span class='ocrx_word' id='word_1_287' title='bbox 412 2896 465 2936; x_wconf 88' lang='lat' dir='ltr'>R.</span> 
     </span>
    </p>

    <p class='ocr_par' dir='ltr' id='par_1_8' title="bbox 236 2966 589 3017">
     <span class='ocr_line' id='line_1_39' title="bbox 236 2966 589 3017; baseline 0 -10"><span class='ocrx_word' id='word_1_288' title='bbox 236 2966 384 3008; x_wconf 85' lang='lat' dir='ltr'>Servo</span> <span class='ocrx_word' id='word_1_289' title='bbox 407 2967 589 3017; x_wconf 89' lang='lat' dir='ltr'>inutile,</span> 
     </span>
    </p>

    <p class='ocr_par' dir='ltr' id='par_1_9' title="bbox 948 3038 1573 3080">
     <span class='ocr_line' id='line_1_40' title="bbox 948 3038 1573 3080; baseline -0.008 0"><span class='ocrx_word' id='word_1_290' title='bbox 948 3040 1210 3080; x_wconf 85' lang='lat' dir='ltr'>EVERARDO</span> <span class='ocrx_word' id='word_1_291' title='bbox 1243 3038 1573 3078; x_wconf 82' lang='lat' dir='ltr'>MARCURIANO.</span> 
     </span>
    </p>
   </div>
  </div>
 </body>
</html>
