2168 3437
306 236 380 272 ‘220
822 236 1050 272 LlTTERAE
1076 246 1434 279 QUADRIMEsTREs

307 333 356 373 in
385 333 722 384 tranquillitate
749 344 1007 373 versemur.
1046 333 1374 374 Correctorem
1406 334 1632 374 habemus
1659 334 1814 374 virum
1841 346 1946 386 pro-

306 404 417 444 bum
438 410 481 443 et
503 404 764 443 communis
785 404 998 444 utilitatis
1018 404 1083 444 ita
1105 404 1336 455 cupidum,
1360 410 1410 445 ut
1428 405 1617 445 minime
1638 405 1939 446 obliviscatur

309 486 422 515 suae
443 474 677 525 utilitatis,
708 475 771 515 ait
798 475 921 515 enim
951 486 1000 515 se
1029 475 1153 515 hunc
1183 475 1392 516 laborem
1422 477 1682 528 suscipere,
1711 488 1803 528 quo
1834 488 1946 516 suos

306 557 470 586 omnes
491 545 687 585 affectus
703 546 887 596 penitus
908 546 1167 597 extinguat,
1189 557 1308 597 quos
1328 546 1490 587 habuit
1511 546 1623 587 olim
1640 547 1944 587 vehementis-

308 616 456 656 simos
473 649 482 665 ,
517 620 569 656 ut
596 617 731 656 aiunt
759 616 843 667 qui
872 617 1106 657 hominem
1135 621 1386 657 noverunt.
1418 617 1736 658 Christianam
1767 618 1944 658 institu-

307 688 485 727 tionem
518 687 745 727 docentur
781 688 943 728 diebus
970 688 1102 728 festis
1133 689 1452 740 unusquisque
1488 689 1534 729 in
1568 701 1652 729 suo
1678 689 1943 741 gymnasio;

308 759 367 798 ad
389 758 698 799 confessionis
719 765 876 800 autem
896 758 1254 800 Sacramentum
1281 766 1388 800 sunt
1415 760 1600 800 venturi
1632 761 1836 812 quotidie
1867 761 1946 801 ali-

304 836 440 881 quot,
473 836 613 880 prout
641 830 740 870 dies
769 831 944 870 mensis
970 842 1077 870 cum
1104 830 1369 870 auditorum
1396 843 1590 871 numero
1621 832 1942 872 convenerint.

308 901 438 940 Haec
460 900 516 941 de
536 907 697 941 nostro
720 901 928 952 Collegio
958 902 1083 942 dicta
1109 902 1215 952 sint,
1243 902 1368 953 quod
1393 902 1471 942 ubi
1501 908 1701 954 quatuor
1728 902 1945 943 habuerit

305 972 578 1023 gymnasia,
607 984 702 1012 non
728 972 887 1012 dubito
916 973 1046 1024 quin,
1081 972 1182 1013 Deo
1212 974 1387 1013 nostris
1420 974 1658 1014 laboribus
1687 974 1942 1026 aspirante,

305 1054 530 1094 magnam
551 1043 793 1083 habiturus
815 1044 874 1084 sit
893 1043 1224 1095 frequentiam;
1249 1043 1378 1095 cujus
1407 1045 1475 1085 rei
1506 1056 1592 1085 nec
1619 1045 1728 1085 dum
1759 1045 1944 1097 quidem

307 1114 436 1154 venit
457 1115 730 1165 necessitas,
755 1115 849 1155 iam
870 1121 1028 1155 tamen
1051 1115 1276 1156 imminet.

387 1185 540 1226 Venio
560 1198 684 1226 nunc
705 1186 763 1226 ad
789 1186 1010 1227 Fratrum
1030 1187 1143 1226 mihi
1167 1187 1550 1228 charissimorum
1576 1188 1849 1239 discessum,
1869 1188 1947 1239 qui

304 1262 404 1296 tam
424 1257 555 1297 multi
586 1263 629 1297 et
659 1263 754 1297 tam
782 1258 1050 1309 exercitati,
1085 1270 1190 1298 cum
1218 1258 1263 1298 in
1290 1258 1533 1299 literarum
1562 1259 1743 1309 studiis,
1781 1265 1880 1299 tum
1900 1259 1947 1298 in

306 1327 577 1367 diuinarum
598 1340 755 1368 rerum
773 1328 1167 1381 meditationibus,
1188 1335 1284 1369 tam
1312 1330 1606 1381 experientes
1632 1336 1878 1382 praeterea
1901 1330 1947 1369 in

309 1399 553 1439 audiendis
589 1399 980 1449 confessionibus,
1006 1400 1053 1439 in
1074 1400 1399 1440 ministrandis
1421 1401 1731 1441 sacramentis
1753 1401 1946 1452 aliisque

306 1469 406 1510 eius
428 1470 615 1520 generis
632 1471 916 1510 salutaribus
934 1471 1113 1521 studiis,
1136 1471 1292 1511 tumin
1308 1472 1571 1522 Brasilium,
1592 1478 1689 1512 tum
1706 1472 1752 1512 in
1768 1472 1946 1512 Indiam

307 1541 437 1580 missi
459 1547 581 1592 sunt,
607 1548 656 1581 ut
678 1542 842 1581 merito
859 1553 1042 1581 summa
1063 1554 1224 1582 earum
1241 1543 1484 1583 nationum
1501 1549 1714 1595 speretur
1731 1543 1945 1595 spiritua-

308 1612 364 1652 lis
384 1612 560 1652 utilitas
586 1613 692 1652 inde
710 1619 999 1664 proventura
1015 1614 1038 1653 '.
1058 1613 1106 1653 In
1130 1613 1308 1653 Indiam
1325 1613 1373 1653 Ρ.
1393 1614 1627 1666 Urbanus,
1648 1614 1946 1666 quiCollegio

308 1689 473 1723 nostro
503 1683 770 1724 Coimbriae
795 1684 975 1736 integre
994 1696 1049 1724 ac
1079 1684 1327 1736 diligenter
1349 1685 1571 1736 praefuit,
1592 1691 1637 1725 et
1662 1697 1716 1725 eo
1738 1694 1948 1737 tempore

309 1753 418 1794 huic
434 1754 793 1806 Ulyssiponensi
810 1762 1041 1807 praeerat,
1063 1756 1150 1805 vir,
1167 1761 1353 1808 praeter
1366 1756 1653 1807 singularem
1670 1757 1947 1807 doctrinam,

310 1836 486 1876 magna
508 1826 554 1865 in
575 1826 713 1865 rebus
736 1833 780 1866 et
809 1826 1027 1867 humanis
1049 1834 1094 1867 et
1117 1827 1289 1867 divinis
1316 1827 1565 1878 prudentia
1592 1828 1847 1879 praeditus,
1878 1828 1949 1868 cui

313 1897 451 1936 datus
473 1903 543 1936 est
564 1898 679 1937 satis
700 1898 975 1938 commodus
998 1899 1128 1938 locus
1149 1899 1196 1938 in
1216 1898 1457 1939 Praetoria
1481 1899 1608 1939 navi.
1628 1899 1682 1938 Ei
1703 1910 1862 1939 comes
1883 1906 1952 1939 est

307 1967 447 2008 datus
461 1967 509 2007 P.
525 1968 775 2008 Balthasar
787 1968 917 2019 Diez,
933 1970 1011 2020 qui
1027 1970 1119 2009 iam
1132 1970 1359 2021 grandior
1375 1976 1590 2021 receptus
1606 1970 1653 2010 in
1669 1969 1951 2011 Societatem

311 2045 423 2079 ante
445 2040 621 2091 aliquot
650 2052 812 2090 annos,
844 2042 960 2081 satis
991 2042 1194 2081 ostendit
1220 2053 1361 2092 quam
1393 2049 1532 2092 grata
1565 2041 1623 2081 sit
1650 2041 1752 2081 Deo
1780 2041 1950 2093 Optim.

310 2110 508 2151 Maxim.
534 2111 723 2151 assidua
745 2113 1007 2152 sollicitudo
1027 2124 1082 2152 ac
1099 2113 1354 2152 vehemens
1368 2113 1586 2163 studium,
1608 2113 1731 2164 quod
1748 2113 1851 2164 quis
1869 2113 1955 2153 sibi

309 2182 401 2233 ipsi
419 2182 653 2222 vincendo
673 2183 875 2223 adhibet.
893 2184 1006 2234 Ipse
1021 2183 1385 2235 sz‘bz'plurz'mztm
1402 2184 1668 2234 delrczllere,
1688 2195 1778 2223 sua
1794 2183 1951 2223 omnia

308 2257 593 2302 extenuare,
627 2264 681 2293 ac
715 2255 770 2293 de
795 2266 845 2293 se
872 2258 1115 2305 tamquam
1146 2255 1201 2294 de
1236 2254 1558 2305 sgnavssssmo
1601 2255 1781 2294 Christi
1810 2266 1949 2294 servo

309 2324 516 2374 sentz·re,·
531 2325 594 2364 ad
613 2324 801 2364 labores
821 2329 978 2365 autem
999 2329 1097 2365 tam
1119 2325 1274 2364 alacri
1291 2329 1394 2365 erat
1415 2326 1572 2365 ammo
1604 2329 1657 2366 ut
1693 2325 1950 2365 Coz‘mbricze

307 2396 464 2435 omnis
484 2395 767 2435 conditionis
787 2396 1052 2435 hominibus
1069 2400 1191 2436 esset
1208 2396 1588 2447 acceptissimus
1606 2396 1949 2447 digressurum

309 2471 432 2507 certe
452 2479 633 2518 magna
664 2467 919 2525 multitudo
950 2467 1012 2506 ad
1039 2467 1323 2507 vestibulum
1353 2472 1634 2508 nostrarum
1660 2467 1847 2507 aedium
1869 2480 1948 2507 ex-

304 2539 542 2589 pectabat,
570 2549 687 2589 qnae
714 2539 957 2578 abeuntem
985 2549 1088 2578 cnm
1115 2538 1361 2578 lachrimis
1389 2543 1459 2579 est
1479 2543 1752 2591 prosecuta.
1782 2539 1950 2579 Frater

311 2609 509 2649 Alexius
540 2608 658 2649 Diaz
686 2610 772 2650 fuit
801 2610 981 2660 tertius,
1006 2610 1188 2649 iuvenis
1217 2610 1599 2650 innocentissimo
1633 2611 1788 2650 animo
1819 2616 1864 2650 et
1891 2611 1949 2650 ad

311 2681 613 2720 serviendum
641 2681 856 2721 omnibus
890 2681 1255 2732 promptissimo.
1293 2681 1457 2721 Altera
1487 2682 1531 2721 in
1566 2681 1678 2721 navi
1711 2682 1847 2721 datus
1882 2688 1950 2721 est

310 2750 361 2791 P.
380 2751 665 2791 Franciscus
681 2752 842 2803 Viera,
863 2752 941 2803 qui
957 2753 1214 2803 permultos
1232 2764 1380 2792 annos
1396 2758 1606 2792 nostram
1621 2752 1742 2792 hanc
1761 2752 1950 2792 domum

308 2822 592 2873 gubernavit
613 2834 758 2873 usque
781 2835 834 2862 eo
856 2823 1072 2862 assiduus
1094 2822 1140 2862 in
1160 2823 1458 2874 procuranda
1481 2823 1687 2863 omnium
1714 2824 1878 2873 salute,
1900 2828 1949 2862 ut

367 3006 377 3025 ¹
418 3006 477 3033 “ut
503 3007 624 3033 merito
650 3008 809 3033 nostrum
835 3006 1057 3033 desiderium
1083 3013 1206 3033 earum
1238 3006 1423 3032 nationum
1450 3006 1562 3033 leniat
1591 3006 1732 3032 utilitas
1758 3005 1946 3040 scripserat

309 3051 455 3081 Suarez.
