2168 3437
342 274 413 311 330
853 271 1081 309 LITTERAE
1109 281 1467 314 QUADRIMESTRES

330 368 576 408 miratione
598 373 641 407 et
663 367 1002 407 aedificatione.
1026 365 1282 406 Plurimum
1302 366 1377 406 hic
1398 372 1523 406 certe
1545 366 1644 405 eius
1664 366 1818 416 gratia
1843 365 1851 384 ¹
1875 366 1964 406 fru-

331 446 432 479 ctus
452 438 564 478 facit
593 437 621 478 ⁶³.
652 439 769 478 Eam
797 442 1046 477 conservet
1067 438 1109 477 ei
1136 436 1149 455 ⁵
1176 437 1493 489 pientissimus
1513 437 1757 477 Dominus.
1788 437 1838 477 In
1860 449 1963 477 con-

330 510 608 549 fessionibus
631 508 735 559 (Dei
762 509 932 559 gratia)
954 514 1051 548 tota
1082 508 1443 560 quadragesima
1465 508 1575 556 hae,
1600 514 1644 564 et
1673 507 1792 548 festo
1813 507 1828 526 4
1853 508 1965 548 Pen-

329 586 550 629 tecostes,
580 591 636 619 ac
664 579 880 630 iubilae0‚
911 579 1095 631 publice
1127 577 1141 597 5
1174 579 1250 619 hic
1286 590 1526 629 concesso,
1563 578 1733 618 fuimus
1769 590 1966 630 occupa·

327 651 505 691 tissimi.
530 650 724 690 Plurimi
746 650 886 691 etiam
908 649 1072 690 eodem
1092 650 1185 698 die,
1211 650 1314 690 aliis
1336 649 1558 700 confessi,
1583 650 1642 689 ad
1663 661 1769 700 nos,
1800 650 1965 701 repeti-

327 722 417 762 turi
440 721 795 771 confessionem,
833 728 1065 761 venerunt
1085 753 1092 771 ,
1131 727 1375 772 sperantes
1420 721 1648 760 maiorem
1688 721 1967 760 consolatio—

326 804 445 832 nem.
489 791 819 833 Confessiones
858 793 1104 844 generales
1139 804 1165 832 a
1201 792 1567 844 quadragesima
1599 791 1803 831 maxime
1836 791 1969 841 (nam

324 872 433 904 tunc
451 875 545 903 non
561 863 893 915 potuissemus)
913 864 1177 904 audivimus
1195 864 1464 915 permultas.
1487 863 1659 903 Multos
1677 863 1818 902 etiam
1839 862 1965 902 audi-

328 935 478 974 vimus
508 946 535 974 a
572 935 728 974 multis
760 935 917 983 annis,
947 935 1096 975 tribus
1125 934 1326 985 scilicet,
1357 941 1580 986 quatuor,
1605 945 1709 984 sex,
1734 933 1896 973 decem
1928 940 1972 974 et

325 1005 572 1045 duodecim
593 1017 685 1045 non
703 1005 959 1046 confessos.

402 1076 524 1116 R.‘111S
549 1076 597 1116 Ρ.
633 1076 856 1117 Albertus
884 1077 1145 1128 primorum
1172 1076 1379 1117 civitatis
1414 1076 1592 1116 audivit
1629 1075 1967 1127 confessiones,

325 1154 374 1187 ut
394 1147 723 1199 Magistratus,
749 1147 866 1188 Vice
888 1147 1049 1198 Ducis,
1075 1148 1312 1188 Praetoris
1334 1153 1378 1188 et
1400 1147 1598 1187 aliorum
1613 1147 1851 1187 nobilium.
1872 1147 1963 1187 Hu-

326 1219 397 1259 ius
418 1219 567 1259 nostri
587 1218 741 1259 Patris
772 1224 904 1259 tanta
934 1219 1143 1259 charitas
1177 1224 1267 1269 est,
1291 1224 1341 1258 ut
1369 1218 1491 1270 quod
1522 1218 1582 1258 ad
1608 1218 1812 1270 proximi
1839 1218 1967 1258 iuva-

324 1301 430 1330 men
462 1289 671 1330 futurum
704 1296 873 1341 speret,
911 1290 1026 1330 nihil
1056 1290 1357 1338 intermittat3
1395 1289 1442 1329 in
1477 1289 1849 1329 confessionibus
1885 1301 1959 1329 au-

326 1361 527 1411 diendis,
551 1361 846 1402 xenodochio
868 1368 912 1402 et
940 1373 1132 1402 carcere
1164 1361 1437 1412 visitandis,
1472 1360 1778 1401 consolandis
1813 1361 1968 1411 aegris

327 1438 371 1472 et
408 1432 604 1484 pacibus
639 1432 838 1484 denique
879 1433 1216 1484 componendis
1256 1439 1326 1472 est
1369 1431 1602 1472 assiduus.
1652 1431 1773 1483 Quid
1814 1431 1969 1483 plura?

323 1503 622 1554 gratissimus
645 1515 839 1555 operum
861 1504 960 1543 eius
981 1504 1163 1544 renidet
1184 1503 1313 1543 odor.
1337 1502 1490 1544 Semel
1511 1503 1690 1543 accitus
1719 1502 1779 1543 ad
1806 1503 1965 1543 iuvan-

325 1574 416 1614 dos
438 1573 554 1614 duos
575 1575 805 1626 supplicio
828 1574 991 1614 mortis
1013 1574 1228 1615 addictos
1250 1575 1315 1614 ita
1337 1586 1386 1615 se
1414 1574 1585 1626 gessit,
1621 1579 1670 1614 ut
1697 1586 1724 1614 a
1751 1573 1966 1625 despera-

330 1645 456 1685 tione
476 1645 614 1686 facile
635 1652 898 1697 revocaret,
922 1657 1039 1697 quos
1059 1656 1233 1696 magno
1255 1646 1408 1686 studio
1430 1657 1568 1685 nemo
1589 1645 1718 1697 prius
1734 1656 1963 1685 revocare

327 1721 559 1768 potuerat.

401 1787 688 1828 Monasteria
727 1788 979 1840 Virginum
1016 1794 1216 1841 quatuor
1256 1788 1416 1828 sedulo
1455 1787 1723 1838 visitantur,
1764 1794 1862 1827 tum
1904 1787 1962 1827 ab

321 1858 484 1899 eodem
506 1859 578 1910 P„
602 1865 700 1900 tum
722 1873 749 1900 a
768 1867 931 1901 nostro
954 1860 1100 1901 fratre
1120 1860 1356 1912 Baptista3
1381 1859 1428 1899 in
1449 1859 1638 1911 quibus,
1661 1865 1850 1910 praeter
1870 1859 1959 1909 pri-

322 1936 462 1970 vatas
484 1931 856 1982 exhortationes,
881 1932 1067 1983 saepius
1087 1931 1390 1983 praedicatur
1421 1942 1527 1971 cum
1553 1930 1723 1981 grandi
1751 1930 1958 1970 consola-

321 2001 447 2041 tione
468 2002 854 2054 promotioneque
875 2003 1219 2053 religiosarum.

399 2071 573 2113 Nostra
594 2072 806 2114 Societas
827 2074 903 2114 hic
926 2074 983 2114 ab
1005 2073 1220 2114 omnibus
1243 2072 1371 2113 audit
1392 2084 1533 2124 quam
1555 2072 1741 2123 optime.
1776 2071 1824 2112 Si
1851 2072 1962 2123 quid

319 2150 388 2184 est
410 2144 618 2195 obscuri,
643 2145 682 2184 si
699 2144 810 2196 quid
831 2145 986 2196 ardui,
1011 2145 1135 2196 quod
1158 2145 1218 2185 ad
1241 2144 1448 2185 animam
1469 2148 1725 2184 concernat
1745 2142 1775 2194 ⁶,
1811 2143 1960 2183 confe-

318 2215 426 2255 stim
446 2215 568 2255 idem
592 2215 641 2256 P.
668 2216 940 2268 consulitur,
965 2216 1058 2256 imo
1086 2215 1228 2256 etiam
1256 2215 1314 2256 ab
1346 2215 1447 2267 ipso
1477 2215 1775 2266 Magistratu,
1814 2226 1841 2255 a
1872 2226 1962 2266 quo

320 2286 384 2335 (ut
422 2286 575 2326 maius
619 2287 793 2327 amoris
829 2287 928 2327 eius
963 2287 1010 2327 in
1050 2285 1334 2327 Societatem
1374 2291 1703 2337 argumentum
1737 2285 1960 2337 daretur),

317 2357 487 2397 fuimus
508 2359 651 2398 semel
673 2358 732 2398 ad
752 2358 1078 2410 prandendum
1098 2369 1258 2398 secum
1280 2357 1292 2375 ⁷
1314 2357 1500 2397 invitati
1521 2357 1653 2397 cuius
1684 2357 1806 2397 votis
1838 2356 1962 2407 (nam

319 2439 520 2479 aequum
541 2428 760 2469 duximus
780 2441 875 2469 non
896 2428 1138 2479 renuere),
1164 2429 1254 2469 duo
1277 2428 1618 2468 satisfecerunt.
1643 2427 1731 2468 Die
1751 2428 1802 2468 27
1831 2428 1960 2481 Junii

318 2498 476 2539 Rmus.
502 2498 769 2541 Cardinalis
791 2498 994 2540 Sanctae
1014 2499 1061 2547 ὦ
1080 2500 1127 2540 in
1149 2499 1387 2540 abbatiam
1408 2510 1541 2539 suam
1562 2499 1705 2550 venit,
1731 2499 1788 2539 ab
1804 2499 1960 2550 Eugu-

318 2570 394 2609 bio
418 2570 566 2610 tribus
588 2571 864 2611 milliaribus
895 2571 1160 2611 distantem.
1194 2571 1312 2611 Eum
1339 2570 1638 2610 visitavimus
1663 2568 1677 2588 ⁸
1699 2576 1743 2610 et
1774 2570 1960 2622 quidem

372 2754 380 2773 ¹
423 2757 543 2787 opera.
560 2754 740 2783 PolancuS.

371 2802 384 2819 Ξ
421 2802 636 2835 percipitur.
654 2802 832 2831 Polancus.

371 2849 384 2865 '-
424 2849 494 2875 Sua
511 2850 602 2877 dona
620 2851 707 2878 ineo
724 2853 917 2878 conservet.
937 2851 1115 2879 Polaneus.

376 2898 385 2916 ἰ
418 2897 516 2931 festo
532 2898 662 2925 addidit
680 2899 857 2926 Polancus.

372 2944 385 2962 ³5
421 2945 562 2977 publice
579 2947 658 2974 item
673 2947 829 2974 additum
844 2954 863 2974 a
878 2946 1035 2974 Polanco.

371 2991 385 3009 ⁴³
421 2993 617 3026 pertineat.
631 2994 809 3022 Polancus.

372 3040 382 3055 '¹
421 3047 540 3067 secum
558 3042 683 3069 delevit
700 3043 878 3070 Poiancus.

370 3089 384 3106 δ’
425 3089 629 3116 invisz'mus.
648 3090 823 3118 Polancus.
