2168 3437
878 182 960 219 AN.
990 181 1082 218 1552
1752 181 1799 217 25

166 283 349 336 poterit.
394 281 528 321 Alius
562 280 749 331 quidam
784 279 1022 330 utriusque
1053 277 1170 329 juris
1204 277 1405 327 Doctor,
1442 283 1487 317 et
1520 277 1799 317 Praesidens

169 353 353 404 collegii
373 351 533 392 Sancti
554 350 809 390 Donatiani
830 351 1025 390 multum
1050 349 1212 400 incipit
1239 348 1360 388 affici
1388 347 1631 398 Societati,
1665 348 1729 387 ita
1750 353 1799 387 ut

168 429 363 476 quaerat
395 422 583 463 modum
603 421 889 472 suscipiendi
917 420 1156 460 exercitia.
1185 419 1290 460 Istis
1316 430 1499 471 quoque
1530 418 1692 459 diebus
1721 430 1799 458 no·

167 495 306 535 bilem
327 493 575 545 quemdam
592 491 812 543 juvenem
835 491 1002 542 viginti
1023 502 1272 541 annorum,
1302 489 1566 541 Hispanum
1592 489 1796 539 natione,

167 565 312 606 filium
332 563 643 604 confessionis
663 569 866 612 nostrae,
891 561 1122 613 susceptis
1144 561 1380 603 exercitiis
1396 560 1585 611 nostris,
1605 560 1800 600 colloca—

167 636 320 676 vimus
342 635 465 686 apud
485 634 656 674 fratres
676 633 1012 682 franciscanos,
1037 639 1082 672 et
1105 632 1253 672 induit
1274 632 1337 672 ibi
1357 631 1568 672 habitum
1596 631 1796 671 illorum.

167 707 340 747 Multae
369 706 580 757 virgines
614 705 747 744 nobis
782 703 1058 743 confitentes
1099 702 1271 742 vellent
1306 701 1492 753 quidem
1525 702 1801 753 religionem

167 777 366 829 ingredi,
389 776 471 817 sed
491 776 601 816 boni
621 775 862 826 regiminis
884 773 1171 814 monasteria
1192 773 1361 824 ubique
1383 779 1490 813 sunt
1513 773 1664 825 plena.

248 848 377 888 Haec
407 853 535 898 sunt,
568 852 701 898 pater
728 844 855 894 R.d<³‚
887 856 1006 896 quae
1025 856 1110 896 pro
1133 849 1341 895 tempore
1363 843 1611 884 scribenda
1641 855 1801 883 occur-

167 926 292 960 runt.
316 919 401 959 His
422 919 578 958 valeat
599 918 646 956 in
666 916 868 956 Domino
889 916 1000 968 Jesu
1021 914 1074 955 R.
1099 914 1181 966 V.‚
1207 921 1250 954 et
1277 915 1374 954 suis
1401 915 1699 966 omniumque
1719 914 1802 955 Pa-

170 997 295 1031 trum
329 1002 385 1029 ac
429 989 647 1029 Fratrum
689 987 982 1027 orationibus
1026 998 1111 1026 nos
1146 984 1498 1026 commendatos
1533 986 1705 1026 habere
1741 985 1803 1026 di-

176 1068 360 1113 gnetur.

248 1131 451 1183 Raptim.

247 1201 449 1243 Lovanii
468 1201 493 1240 4
514 1200 821 1252 Septembris,
851 1212 973 1240 anno
999 1199 1115 1239 1552.

249 1273 348 1314 Rae
371 1273 476 1313 V.ae
500 1271 675 1312 Servus
697 1272 744 1311 in
765 1270 988 1322 Domino,
1130 1272 1133 1275 '

1078 1413 1360 1453 HADRIANUS
1379 1412 1643 1460 HADRIANI,

1237 1502 1280 1528 ab
1300 1500 1503 1534 Antuerpia.

253 1703 607 1756 superscriptio
628 1703 678 1743 ln
699 1702 853 1743 altera
864 1701 987 1752 solz'z'
998 1701 1202 1752 pagina.
1231 1663 1346 1740 IfrslS.
1375 1699 1477 1740 R.d0
1502 1700 1548 1739 in
1577 1699 1658 1739 X.⁰
1687 1698 1811 1750 patri

173 1770 322 1821 Mgro.
365 1769 547 1821 Ignatio
585 1769 641 1810 de
674 1769 877 1820 Loyola,
915 1767 1057 1818 guali.
1095 1765 1364 1818 praeposito
1399 1764 1647 1806 Societatis
1681 1764 1806 1817 Jesu.

171 1841 312 1893 Apud
333 1840 418 1882 S.¹11
438 1840 651 1881 Marcum
671 1840 719 1880 in
740 1838 786 1879 S.
811 1838 962 1879 Maria
984 1837 1039 1878 de
1061 1836 1252 1887 strada,
1277 1835 1469 1876 Romae.

254 1912 457 1953 Franco.

253 1983 363 2023 Alia
384 1994 557 2023 manu:
577 1981 727 2033 Quad.
750 1980 981 2031 Lovanio,
1005 1979 1030 2018 4
1050 1978 1176 2032 Sept.
1201 1978 1255 2030 Q.
1279 1978 1325 2019 S.
