2168 3437
872 239 955 276 AN.
987 239 1079 277 1553
1729 238 1801 275 207

160 347 353 387 operam
391 335 639 386 dederunt,
682 341 780 375 toto
819 335 1042 385 triennio,
1083 340 1180 375 toto
1219 334 1561 386 quinquennio,
1604 334 1799 385 quidam

160 406 302 447 etiam
328 405 337 425 ¹
360 413 405 446 et
423 406 682 458 septennio.

240 477 422 518 Morum
442 477 584 517 etiam
603 476 652 517 fit
674 477 878 529 quotidie
899 477 946 517 in
967 477 1130 517 melius
1161 477 1478 517 commutatio.
1511 476 1642 516 Haec
1673 483 1794 524 sunt,

160 560 278 600 quae
300 548 356 588 de
375 547 563 588 scholae
584 546 598 566 ‘³
626 554 816 588 nostrae
843 548 1080 588 nascentis
1110 548 1263 588 adhue
1294 547 1569 587 rudimentis
1600 553 1644 587 et
1673 547 1803 587 ineu-

161 619 343 676 nabulis
358 619 499 659 habui
515 618 805 670 exponenda.
828 618 1029 660 Oramus
1050 618 1303 659 Dominum
1324 618 1477 658 Deum
1506 624 1579 668 ut,
1611 630 1703 670 quo
1733 617 1799 658 fa-

160 702 274 730 vore
294 690 525 742 principia
552 690 668 730 haee
697 689 1093 742 fundamentaque
1115 690 1269 729 iacere
1290 689 1510 740 dignatus
1531 695 1620 739 est,
1646 689 1798 729 media

160 761 323 801 eodem
343 768 655 812 prosequatur
676 766 720 800 et
744 761 918 809 ultima,
943 760 1003 801 ad
1024 759 1147 812 quod
1168 766 1356 800 vestrae
1374 759 1618 800 charitatis
1633 771 1803 811 preces

159 832 414 872 humillime
436 833 757 884 imploramus.

238 903 330 955 Ipsi
351 903 452 943 Deo
484 904 607 954 laus,
638 904 788 943 honor
819 909 864 943 et
893 902 1045 954 gloria
1076 914 1158 954 per
1190 901 1370 943 infinita
1397 902 1602 942 saecula.
1628 901 1800 941 Amen.

237 974 275 1014 E
296 974 505 1026 Collegio
526 980 689 1014 nostro
711 973 966 1024 Patavirm,
991 979 1162 1014 octavo
1195 973 1416 1014 calendas
1437 973 1638 1024 Aprilis,
1674 984 1802 1012 anno>

162 1045 278 1086 1553.

238 1116 378 1170 Jussu
400 1116 554 1157 Patris
574 1115 759 1168 Elpidii.

954 1258 1283 1298 ELEUTHERIUS
1313 1257 1578 1300 PONTANUS.

240 1471 611 1523 Superscm'ptz'o.
648 1474 674 1519 ἢν
701 1471 761 1512 ΑΙ
788 1473 931 1512 molto
953 1470 1053 1512 R.d0
1078 1475 1125 1515 in
1148 1473 1287 1514 Chro.
1317 1472 1366 1513 P.
1398 1473 1428 1513 il
1450 1472 1499 1513 Ρ.
1527 1475 1588 1515 Μ.
1613 1476 1801 1527 Ignatio

156 1543 213 1583 <le
234 1544 416 1595 Loyola
437 1542 680 1594 Preposito
703 1544 923 1594 generale
945 1544 1065 1584 della
1087 1544 1274 1596 Comp.a
1297 1545 1342 1584 di
1361 1545 1486 1598 Jesu.

237 1614 288 1654 In
315 1614 479 1654 Roma.

235 1685 347 1725 Alta
370 1697 539 1725 manu:
560 1685 719 1726 Padoa
744 1685 868 1736 1553,
891 1686 943 1726 25
964 1687 1010 1727 di
1031 1687 1209 1727 Marzo.

236 1757 299 1796 Et
319 1756 443 1796 alla:
466 1756 519 1796 R.
542 1756 615 1797 Ex
635 1756 848 1797 Patavio.

214 1941 224 1961 ¹
264 1941 354 1968 adde
371 1941 490 1968 etiam.
508 1940 606 1968 Pont.

212 1990 225 2008 2'
264 1989 416 2022 Collegii.
434 1988 529 2016 Pont.
