2168 3437
280 247 352 285 453
794 245 1021 282 LITTERAE
1048 256 1407 289 QUADmMESTREs

281 554 530 582 Praecedentes
545 554 661 582 Patris
675 553 792 587 Jacobi
808 553 916 582 Miron
931 555 1070 582 litterae
1086 562 1107 582 a
1121 555 1226 583 Patre
1242 555 1390 584 Polanco
1411 556 1611 584 emendatae
1627 560 1661 584 et
1676 557 1709 584 in
1720 557 1917 592 provincias

1020 603 1145 630 missae
1161 604 1183 630 ¹.

1044 804 1143 881 11315

358 1053 428 1092 Ex
448 1053 595 1093 literis
618 1053 1039 1105 quadrimestribus
1060 1053 1216 1095 Patris
1237 1055 1449 1095 Mironis.

357 1123 549 1175 Decem,
569 1136 595 1164 a
613 1124 899 1165 discessione
915 1125 964 1165 Ρ.
987 1124 1223 1177 Symonis‚
1244 1126 1407 1166 diebus
1425 1126 1555 1167 affuit
1576 1125 1630 1166 R.
1647 1126 1699 1166 T.
1720 1125 1768 1165 Ρ.
1790 1126 1921 1167 Com-

275 1195 523 1235 missarius
540 1195 588 1236 Ρ.
609 1196 929 1248 Hieronymus
945 1196 1141 1248 Natalis,
1161 1196 1412 1238 Societatis
1429 1198 1565 1238 nobis
1582 1197 1796 1238 deferens
1815 1209 1922 1237 con-

278 1266 565 1318 stitutiones,
604 1278 806 1319 ⁴quarum
845 1268 987 1308 editio
1023 1268 1262 1320 ipsiusque
1302 1269 1535 1309 adventus
1569 1275 1750 1309 tantam
1786 1269 1922 1309 nobis

275 1338 491 1378 omnibus
519 1338 566 1378 in
595 1338 799 1379 Domino
824 1339 1052 1379 laetitiam
1079 1345 1124 1379 et
1151 1345 1332 1379 tantam
1366 1340 1631 1380 animorum
1661 1339 1921 1379 innovatio-

277 1421 385 1449 nem
405 1410 581 1460 attulit,
605 1416 831 1461 quantam
852 1411 1092 1462 explicare
1112 1422 1207 1450 non
1234 1411 1479 1462 possimus.
1505 1410 1709 1451 Cernere
1736 1416 1837 1451 erat
1857 1411 1921 1450 in-

276 1481 550 1521 credibilem
571 1481 872 1522 concordiam
895 1487 939 1521 et
968 1493 1135 1533 pacem
1156 1482 1385 1533 omnibus,
1409 1488 1454 1522 et
1475 1493 1650 1523 novum
1673 1481 1921 1533 quemdam

278 1552 540 1602 fervorem,
579 1553 878 1604 acrioresque
907 1553 966 1593 ad
993 1553 1330 1604 perfectionem
1361 1554 1700 1604 capessendam
1729 1553 1921 1605 spiritus

276 1627 504 1675 sumptos.
531 1623 694 1676 Coepit
717 1625 873 1676 itaque
894 1624 967 1665 P.r
988 1625 1307 1676 Hieronymus
1327 1624 1509 1665 Natalis
1527 1624 1796 1676 Olisiponae
1814 1636 1920 1664 con-

276 1695 545 1735 stitutiones
577 1696 729 1747 edere,
769 1697 815 1736 in
846 1697 1014 1748 quibus
1044 1702 1226 1737 tantam
1252 1702 1440 1748 tamque
1471 1696 1685 1736 omnibus
1714 1696 1922 1736 numeris

277 1767 542 1807 absolutam
563 1767 901 1819 perfectionem
923 1768 1170 1819 sensimus,
1189 1775 1240 1808 ut
1261 1779 1384 1808 nunc
1402 1768 1593 1808 tandem
1613 1768 1747 1808 nobis
1764 1767 1919 1808 videa-

278 1850 381 1878 mur
408 1851 573 1879 verum
601 1839 730 1879 illum
759 1838 1009 1880 Societatis
1037 1839 1252 1890 spiritum
1278 1850 1539 1891 agnoscere
1567 1844 1611 1879 et
1642 1838 1918 1890 intelligere,

276 1921 334 1949 ac
354 1921 478 1950 nunc
505 1910 703 1961 denique
725 1911 915 1950 uberem
943 1916 988 1950 et
1016 1910 1282 1951 affluentem
1310 1910 1498 1950 divinae
1525 1911 1709 1962 gratiae
1740 1910 1787 1950 in
1817 1921 1921 1950 eam

278 1981 506 2021 influxum
521 1982 779 2033 percipere.
798 1981 957 2022 Facile
974 1982 1204 2033 explicari
1218 1993 1312 2022 non
1328 1987 1482 2033 potest
1499 1989 1675 2033 quanto
1692 1981 1793 2021 Rex
1809 1992 1920 2032 gau-

280 2051 356 2091 dio
384 2051 523 2092 fuerit
559 2052 769 2104 affectus,
803 2052 913 2092 dum
941 2052 1298 2093 constitutiones
1324 2052 1576 2104 praelegit,
1609 2064 1729 2104 quae
1758 2058 1807 2092 ut
1835 2052 1922 2092 sibi

276 2123 573 2175 conscriptae
607 2123 906 2164 traderentur
941 2124 1146 2175 rogavit.
1186 2123 1420 2165 Videntur
1454 2135 1639 2175 semper
1672 2123 1863 2164 lusitani
1891 2123 1923 2163 ii

277 2195 514 2246 principes
536 2194 696 2235 divino
717 2195 941 2235 instinctu
963 2195 1023 2235 ad
1040 2194 1325 2235 Societatem
1345 2200 1558 2235 nostram
1575 2200 1620 2234 et
1637 2206 1919 2235 conservan-

277 2266 388 2305 dam
408 2272 453 2306 et
473 2265 741 2317 augendam
762 2265 885 2306 duci.

358 2336 522 2389 Coepit
545 2338 702 2389 itaque
724 2348 946 2378 numerus
965 2349 1141 2389 eorum,
1162 2337 1241 2389 qui
1261 2343 1360 2377 tum
1377 2337 1435 2377 ad
1453 2337 1719 2388 conciones,
1743 2343 1842 2377 tum
1863 2337 1922 2377 ad

276 2408 452 2448 Christi
473 2408 737 2448 doctrinam
758 2408 1042 2448 audiendam
1062 2408 1372 2460 confluebant,
1404 2408 1468 2448 ita
1496 2408 1676 2459 augeri,
1713 2414 1763 2448 ut
1789 2408 1923 2449 multi

278 2480 469 2520 domum
490 2480 711 2531 redirent,
736 2479 861 2531 quod
882 2491 962 2520 eos
983 2480 1223 2531 templum,
1248 2480 1335 2520 etsi
1351 2480 1467 2520 satis
1489 2492 1656 2531 capax,
1676 2492 1769 2520 non
1787 2491 1918 2531 cape-

280 2557 366 2590 ret.
403 2550 499 2591 Alii
532 2562 647 2591 vero
678 2550 882 2591 mirabili
920 2550 1125 2602 quodam
1159 2549 1347 2591 fervore
1382 2551 1429 2591 in
1461 2552 1656 2602 templo,
1694 2551 1921 2591 concione

280 2622 460 2672 audita,
483 2622 625 2661 ieiuni
646 2622 912 2672 manebant,
938 2633 996 2662 ne
1017 2627 1123 2673 post
1143 2622 1394 2673 prandium
1414 2622 1546 2662 locus
1568 2621 1627 2662 ad
1649 2621 1823 2662 Christi
1844 2622 1920 2662 do-

279 2693 481 2733 ctrinam
517 2693 798 2733 audiendam
834 2693 1032 2733 deesset.
1068 2693 1430 2734 Confessionum
1465 2699 1623 2733 autem
1657 2693 1920 2745 frequentia

278 2769 461 2804 tantum
482 2764 681 2815 sumpsit
702 2764 1056 2814 incrementum,
1086 2769 1136 2804 ut
1163 2775 1250 2804 nec
1272 2764 1520 2804 duodecim
1540 2775 1599 2804 eX
1626 2764 1800 2804 nostris
1822 2771 1919 2804 tan-

277 2840 353 2874 tae
374 2834 659 2874 multitudini
679 2834 957 2885 sufficerent,
977 2833 1286 2886 effectumque
1312 2840 1382 2875 est
1408 2840 1457 2874 ut
1478 2846 1561 2886 per
1585 2841 1732 2875 totam
1749 2834 1919 2875 hebdo-

279 2905 482 2957 madam,
507 2912 606 2946 tum
628 2906 1003 2946 confessionibus
1023 2905 1281 2957 audiendis,
1301 2911 1399 2946 tum
1420 2905 1718 2946 sanctissimo
1739 2906 1919 2946 Eucha-

338 3067 345 3085 ¹
387 3066 646 3100 Apographum,
661 3065 694 3093 in
710 3066 789 3093 folio
805 3065 940 3100 duplici,
957 3073 1011 3092 nn.
1026 3065 1079 3092 623
1094 3070 1127 3092 et
1141 3065 1203 3092 624.
