2168 3437
301 283 372 321 278
815 285 1042 321 LITTERAE
1069 296 1427 328 QUADRIMESTRES

300 380 506 420 missarii
531 379 538 397 ¹
562 380 870 431 praescripto,
894 380 1163 421 Ferrariam
1190 388 1260 422 est
1286 382 1471 422 missus.
1503 382 1678 434 Magna
1708 384 1939 435 quaedam

300 451 357 490 ab
378 462 432 490 eo
454 456 736 502 spectamuS‚
757 452 928 503 quippe
951 452 1028 504 qui
1049 458 1093 492 et
1110 453 1410 504 simplicitate
1437 454 1702 494 columbina
1730 461 1775 495 et
1796 455 1937 496 admi-

300 521 437 561 rabili
457 521 666 561 bonitate
687 522 747 561 sit
768 528 976 563 ornatus.

379 592 580 642 Magnus
606 592 786 633 fructus
814 594 1134 645 perciperetur
1164 595 1212 635 in
1240 595 1330 635 hac
1356 596 1485 647 urbe,
1509 597 1549 637 si
1583 604 1827 637 manerent
1863 597 1939 638 hic

299 663 505 713 operarii
526 663 650 712 boni,
675 665 912 716 quoniam,
934 665 1043 705 licet
1070 666 1283 706 homines
1311 667 1342 706 ii
1369 667 1460 707 sint
1491 667 1736 719 depravati
1769 674 1813 708 et
1845 669 1938 720 opi-

298 733 489 773 nionum
502 735 814 785 perversitate
826 736 999 785 infecti,
1016 742 1174 777 tamen
1190 737 1409 778 facillime
1423 745 1611 789 possent
1624 739 1682 778 ab
1699 740 1938 780 erroribus

298 804 516 844 revocari
537 805 596 845 ad
618 806 883 857 veritatem,
907 807 1205 859 maximeque
1231 809 1320 848 hoc
1342 814 1566 860 tempore,
1596 822 1706 850 nam
1735 811 1824 861 ille,
1862 811 1940 863 qui

298 876 549 916 seminavit
567 877 797 917 zizaniam
818 889 1031 918 errorum
1054 879 1408 919 lutheranorum
1438 886 1482 920 et
1509 880 1632 921 hanc
1654 881 1817 921 urbem
1846 883 1939 933 opi-

297 946 488 986 nionum
521 948 757 998 pravitate
787 948 1035 999 infecerat,
1067 949 1140 989 die
1171 950 1330 1000 lunae,
1363 950 1453 990 hoc
1475 957 1545 991 est
1575 952 1783 992 calendis
1811 953 1936 1003 maii,

296 1017 481 1068 publice
495 1018 542 1058 in
559 1030 740 1060 summo
757 1023 945 1072 templo,
960 1021 1037 1061 ubi
1054 1021 1217 1061 solitus
1234 1022 1387 1061 suerat
1403 1022 1690 1074 concionari,
1706 1035 1811 1064 cum
1827 1026 1937 1064 mul-

296 1088 357 1128 tis
377 1090 614 1130 mensibus
636 1091 810 1142 egisset
830 1092 1181 1143 poenitentiam,
1207 1093 1373 1133 refellit
1394 1094 1732 1146 revocavitque
1759 1096 1939 1146 pravis-

299 1159 456 1210 simas,
488 1173 603 1212 quas
635 1162 869 1213 emiserat,
897 1163 1156 1214 opiniones,
1188 1175 1237 1203 se
1270 1164 1472 1204 maxime
1495 1166 1762 1206 accusando
1791 1172 1835 1206 et
1863 1179 1940 1207 ve-

297 1231 424 1271 niam
466 1243 491 1271 a
534 1234 705 1284 populo
740 1239 784 1274 et
820 1234 1056 1286 Episcopo
1091 1235 1224 1275 flexis
1270 1236 1468 1286 genibus
1501 1236 1759 1288 precando;
1800 1237 1938 1289 idque

298 1303 507 1343 maxima
529 1305 738 1345 omniurn
759 1305 1066 1346 instructione
1084 1313 1128 1346 et
1151 1306 1397 1357 disciplina
1419 1307 1528 1358 egit.

379 1374 524 1415 Nobis
545 1387 639 1415 non
661 1376 791 1416 deest
812 1376 996 1416 animus
1021 1383 1148 1417 recte
1171 1377 1416 1428 efficiendi,
1441 1389 1606 1418 verum
1633 1378 1808 1419 debiles
1829 1386 1937 1420 sunt

298 1445 427 1485 vires
442 1453 647 1495 nostrae,
671 1447 895 1498 quocirca
910 1454 1017 1499 apte
1031 1459 1283 1499 possumus
1302 1459 1591 1499 cognoscere
1605 1450 1743 1501 quod,
1760 1451 1800 1490 si
1816 1451 1938 1502 quic-

298 1528 438 1567 quam
461 1517 599 1557 officii
618 1524 927 1569 praestamus,
949 1519 993 1559 id
1014 1519 1214 1571 benigne
1237 1526 1281 1559 et
1301 1532 1417 1571 pure
1439 1532 1466 1559 a
1483 1520 1569 1560 deo
1591 1527 1764 1561 manat.
1784 1521 1940 1573 Atque

300 1589 412 1628 illud
450 1594 632 1629 tantum
667 1589 941 1630 deberemus
983 1590 1141 1631 dolere
1177 1591 1300 1642 quod
1341 1603 1434 1631 non
1473 1603 1779 1632 exerceamus
1817 1593 1940 1633 dona

300 1666 496 1711 accepta
531 1667 579 1700 ut
600 1672 687 1712 par
715 1667 785 1701 est
807 1673 862 1701 ac
893 1662 1151 1702 secundum
1183 1663 1404 1713 gratiam,
1436 1674 1576 1714 quam
1603 1675 1786 1704 summa
1812 1664 1939 1704 boni-

301 1737 375 1771 tas
411 1732 547 1772 nobis
587 1733 829 1783 elargitur.
874 1732 1030 1783 Quare
1068 1739 1113 1773 te
1153 1734 1388 1785 supplices
1427 1734 1635 1774 universi
1672 1746 1935 1786 precamur,

299 1801 375 1841 Pr.
407 1803 595 1854 optime,
627 1815 682 1843 ac
711 1815 873 1844 omnes
901 1803 1022 1844 R.dOS
1048 1804 1175 1844 Pres.
1208 1811 1252 1844 et
1281 1805 1488 1845 cnm-‚¹710S
1508 1805 1555 1845 in
1590 1804 1711 1845 Dno.
1749 1805 1856 1846 fres.
1893 1812 1942 1846 ut

301 1873 439 1913 deum
459 1886 544 1925 pro
559 1875 693 1915 nobis
710 1875 853 1915 oretis
870 1887 976 1927 quo,
998 1875 1056 1916 ab
1073 1887 1128 1915 eo
1145 1875 1352 1927 perfecto
1368 1887 1499 1927 grae.
1518 1876 1690 1916 lumine
1714 1883 1759 1917 et
1777 1888 1941 1917 amore

301 1945 435 1985 nobis
457 1957 698 1996 concesso,
722 1947 956 1998 possimus
975 1947 1244 1998 perspicere
1272 1953 1316 1987 et
1336 1947 1562 1998 perficere
1583 1948 1683 1989 eius
1702 1949 1940 1988 sanctissi-

301 2027 428 2056 mam
449 2018 757 2057 Voluntatem.

381 2087 603 2138 Mutinae,
626 2088 691 2128 3.0
711 2100 861 2129 nonas
882 2089 991 2129 maii
1014 2089 1128 2130 1553.

382 2158 524 2209 Tuus,

1201 2305 1489 2345 FRANCISCUS
1519 2305 1725 2345 BoRDON.

383 2517 538 2558 Patris
561 2518 780 2559 Caesaris
802 2518 1111 2570 praescripto,

383 2589 753 2641 Superscrz'ptz‘o.
776 2590 837 2630 Al
857 2590 1001 2630 molto
1024 2589 1125 2629 R.d0
1153 2590 1199 2629 in
1221 2589 1303 2629 Χ.Ο
1324 2590 1444 2640 Pre.,
1469 2590 1498 2629 il
1520 2589 1569 2629 P.
1592 2587 1656 2629 M.
1686 2588 1866 2640 Ignatio
1885 2589 1942 2629 de

301 2659 496 2710 Loona,
520 2660 765 2712 Preposito
784 2661 840 2701 de
860 2662 905 2701 la
922 2661 1214 2713 Compagnia
1231 2661 1277 2701 di
1297 2661 1415 2711 Iesu,
1440 2661 1487 2701 in
1508 2660 1671 2701 Roma.

383 2731 446 2770 Et
466 2731 563 2771 alia
585 2743 744 2772 mann.
764 2732 959 2773 Mutina.
1125 2739 1127 2741 ’

383 2802 545 2842 Manet
566 2803 829 2854 vestigium
851 2815 983 2844 cerae
1005 2804 1189 2844 rubrae.

361 2963 369 2981 ¹
410 2962 523 2990 Patris
539 2964 678 2996 „loannis
694 2965 872 2999 Baptistae
888 2965 999 2992 Viola.
