2168 3437
335 306 405 343 424
849 304 1076 340 LITTERAE
1103 313 1463 345 QUADRIMESTRES

334 401 647 453 provinciam,
673 411 778 440 cum
798 399 886 439 sibi
906 399 1107 450 amplius
1127 399 1330 439 retinere
1353 410 1435 450 per
1458 404 1641 449 tempus
1674 410 1767 438 non
1793 398 1973 448 liceret,

334 473 387 512 R.
406 472 453 512 P.
474 471 679 512 Antonio
698 470 899 511 Vinckio
920 470 1029 510 illuc
1045 470 1203 521 misso,
1224 470 1302 522 qui
1323 469 1369 509 in
1387 469 1498 509 dicti
1513 469 1681 519 Patris,
1704 469 1809 509 vice
1833 468 1843 488 ¹
1867 481 1970 510 suc—

336 543 537 591 cederet,
563 542 787 581 recedens
808 541 914 581 inde
936 540 1144 581 tradidit.
1168 541 1239 581 EX
1261 552 1351 592 qua
1372 552 1423 587 re
1444 540 1625 580 fructus
1649 540 1774 580 haud
1802 540 1972 580 medio-

335 614 448 663 cris,
473 613 613 652 immo
634 612 889 662 maximus,
924 618 1155 663 speratur.
1186 610 1420 652 Suadente
1450 622 1651 662 namque
1682 610 1842 660 Patre,
1875 616 1975 650 tum

337 684 505 724 Comes
526 689 624 723 tum
645 683 744 723 eius
765 695 899 733 uxor,
927 682 987 722 D.
1011 682 1226 733 Isabella,
1249 682 1470 733 Proregis
1490 681 1599 730 filia,
1623 682 1779 721 multis
1799 687 1974 721 vacant

336 754 553 806 operibus
587 753 797 805 pietatis,
829 753 991 805 egenis
1022 754 1348 805 eleemosynas
1376 752 1641 804 largiendo,
1673 751 1973 792 xenodochia

335 825 573 876 erigendo,
596 825 643 864 in
665 824 934 864 carceribus
956 824 1170 864 detentos
1191 823 1446 874 liberando,
1471 825 1698 875 pluraque
1729 823 1820 863 alia
1842 822 1972 862 mise-

336 896 566 936 ricordiae
587 907 729 948 opera
750 906 922 946 magno
951 894 1106 936 studio
1135 906 1218 946 per
1245 894 1346 935 dies
1371 906 1490 946 pene
1518 893 1728 944 singulos
1757 904 1974 933 exercen-

335 967 407 1007 do.
429 967 551 1019 Xpo.
575 967 770 1018 gratias

413 1036 652 1078 Silendum
674 1043 830 1078 autem
849 1048 945 1077 non
962 1042 1032 1077 est
1049 1037 1189 1089 quod,
1207 1042 1314 1089 post
1335 1036 1511 1088 aliquot
1528 1035 1626 1076 dies
1651 1047 1677 1075 a
1695 1035 1806 1075 dicti
1822 1034 1975 1074 Patris

334 1110 419 1150 nri.
455 1109 621 1161 reditu,
657 1108 733 1150 hic
768 1109 939 1149 evenit.
971 1109 1124 1160 Virgo
1160 1107 1392 1160 quaedam
1428 1107 1487 1147 ab
1530 1107 1707 1157 aliquot
1743 1106 1878 1146 annis
1907 1110 1975 1145 tot

333 1181 486 1221 fuerat
507 1193 562 1221 ac
583 1180 726 1221 tantis
747 1186 921 1221 vexata
943 1179 1197 1232 scrupulis,
1222 1185 1271 1219 ut
1293 1191 1388 1219 non
1416 1178 1578 1218 audire
1607 1176 1744 1218 modo
1772 1176 1846 1217 X.i
1873 1189 1975 1218 ver-

334 1253 411 1303 ba,
437 1252 519 1293 sed
545 1265 630 1293 nec
657 1252 734 1292 illa
766 1253 976 1304 cogitare
1005 1257 1165 1303 posset
1192 1251 1285 1290 ullo
1314 1249 1468 1290 modo.
1500 1249 1558 1289 Et
1584 1249 1692 1289 licet
1724 1248 1975 1300 aliquando

335 1323 648 1374 confiteretur,
685 1335 926 1375 nunquam
953 1329 1111 1363 tamen
1138 1322 1262 1362 intra
1292 1321 1382 1362 hoc
1411 1327 1596 1372 tempus
1630 1319 1688 1360 ad
1717 1319 1974 1371 percipien-

334 1396 444 1436 dum
468 1395 793 1436 Eucharistiae
814 1399 1163 1435 sacramentum
1190 1393 1339 1445 potuit
1369 1392 1554 1433 adduci.
1587 1392 1777 1443 Iamque
1806 1390 1862 1430 de
1889 1401 1974 1430 sua

334 1479 450 1519 pene
472 1467 620 1506 salute
641 1466 997 1518 desperaverat3
1021 1476 1164 1516 seque
1184 1464 1306 1504 inter
1326 1462 1702 1504 damnandorum
1727 1472 1974 1502 numerum

334 1546 705 1593 computaverat,
725 1552 830 1581 cum
847 1540 1033 1580 diabolo
1054 1539 1245 1591 eiusque
1261 1538 1540 1579 satellitibus
1561 1536 1799 1588 perpetuis
1820 1535 1975 1575 incen-

334 1613 421 1653 diis
443 1612 761 1652 cruciandam.
785 1611 849 1652 At
869 1610 1239 1662 benignissimus
1267 1609 1496 1649 Dominus
1524 1608 1723 1648 ancillae
1756 1619 1868 1648 suae
1895 1606 1974 1646 hu-

333 1684 575 1724 militatem
594 1683 873 1734 respiciens,
898 1694 1018 1734 quae
1039 1693 1280 1733 nunquam
1311 1679 1527 1721 daemoni
1557 1680 1678 1719 inter
1710 1683 1779 1719 tot
1809 1689 1977 1729 sugge-

332 1755 506 1796 stiones
535 1765 778 1794 assensum
804 1753 1109 1805 praebuerat,
1138 1753 1289 1792 Voluit
1324 1763 1428 1792 eam
1463 1763 1487 1791 e
1523 1750 1857 1801 multiplicibus
1887 1749 1970 1789 ini-

331 1826 440 1867 mici
470 1826 648 1878 laqueis
686 1825 879 1876 eripere.
919 1824 1036 1865 Cum
1072 1824 1195 1864 enim
1224 1823 1296 1863 his
1324 1822 1510 1872 diebus,
1541 1828 1591 1862 ut
1618 1821 1817 1871 solebat,
1847 1819 1977 1860 Patri

331 1909 430 1938 nro.
468 1896 789 1947 confiteretur,
829 1895 1104 1947 persuaderi
1139 1895 1283 1935 etiam
1324 1894 1437 1944 sibi,
1489 1899 1715 1944 operante
1755 1891 1974 1941 Domino,

330 1980 471 2021 passa
493 1979 576 2019 est,
601 1974 650 2008 ut
671 1979 860 2007 sacrum
881 1966 1140 2018 susciperet
1161 1965 1488 2017 Redemptoris
1509 1964 1596 2004 nri.
1621 1975 1807 2015 corpus.
1834 1961 1969 2013 Quod

333 2052 438 2081 cum
459 2040 713 2090 effecisset,
737 2044 867 2079 tanto
890 2044 960 2078 est
979 2038 1154 2089 gaudio
1177 2043 1403 2089 tantaque
1424 2036 1593 2076 mentis
1615 2035 1791 2075 laetitia
1821 2033 1972 2086 perfu-

332 2124 399 2163 sa,
419 2118 469 2152 ut
490 2112 615 2152 omni
631 2111 727 2151 sere
749 2116 905 2151 amoto
927 2111 1162 2161 scrupulo,
1184 2115 1323 2160 atque
1340 2108 1483 2148 animi
1504 2107 1742 2147 anxietate
1760 2106 1969 2156 depulsa,

330 2195 568 2235 nunquam
591 2195 639 2223 se
660 2188 841 2222 tantum
862 2181 1200 2222 consolationis
1222 2180 1503 2231 divinaeque
1525 2177 1785 2218 dulcedinis
1807 2187 1969 2228 exper-

331 2262 427 2295 tam
447 2255 666 2304 fateatur,
693 2254 953 2304 meritoque
975 2252 1188 2303 gaudens
1211 2262 1380 2291 canere
1402 2262 1508 2290 cum
1538 2249 1775 2300 Propheta
1802 2252 1970 2299 potest:

333 2328 485 2378 Quam
506 2337 688 2377 magna
709 2324 964 2365 nmltnudo
987 2322 1254 2364 dulcedinis
1276 2326 1386 2362 tuae
1400 2354 1412 2373 ,
1440 2332 1581 2373 qnam
1608 2318 1902 2361 abscondisti
1919 2317 1972 2358 ti-

331 2397 564 2438 mentibus
585 2400 650 2446 te,·
670 2395 924 2448 perfecisti
939 2394 1007 2434 eis
1027 2393 1114 2446 qui
1131 2396 1329 2445 sperant
1349 2392 1399 2432 in
1420 2396 1463 2433 te
1483 2391 1516 2443 ²,
1537 2398 1624 2432 etc.

411 2468 617 2509 Plurima
638 2473 746 2508 sunt
769 2467 882 2518 alia,
916 2477 1035 2517 quae
1067 2472 1167 2505 tum
1194 2465 1379 2517 publice
1409 2469 1507 2504 turn
1538 2462 1762 2515 privatim
1787 2472 1871 2513 per
1891 2460 1973 2501 Pa-

333 2547 428 2580 tres
450 2551 504 2580 ac
525 2539 632 2579 fres.
668 2539 828 2579 divina
855 2537 1042 2578 bonitas
1074 2535 1224 2577 effecit
1253 2536 1301 2576 in
1330 2533 1616 2576 consolando
1647 2538 1876 2583 moestos,
1910 2532 1972 2572 in·

333 2610 554 2651 struendo
581 2610 744 2661 rudes,
776 2607 987 2649 docendo
1018 2608 1233 2658 ignaros3
1264 2618 1384 2658 quae
1415 2605 1571 2646 omnia
1600 2603 1878 2656 singillatim
1906 2614 1973 2642 re-

334 2694 550 2732 censere,
588 2687 636 2721 ut
671 2693 765 2721 non
803 2679 1145 2726 necessarium,
1185 2678 1249 2718 ita
1284 2688 1534 2729 operosum
1573 2675 1710 2716 nimis
1749 2680 1833 2715 est.
1870 2673 1973 2713 Hoc

334 2764 477 2794 unum
511 2758 669 2793 tamen
704 2751 889 2792 silentio
921 2762 1017 2791 non
1047 2749 1335 2801 praeteribo,
1367 2754 1549 2788 tantam
1582 2758 1684 2787 esse
1712 2757 1794 2797 per
1823 2750 1985 2785 totam-

334 2824 496 2864 urbem
536 2824 592 2864 de
632 2822 866 2864 Societate
901 2828 1063 2862 nostra
1105 2820 1394 2872 opinionem,
1437 2830 1632 2870 eamque
1670 2817 1725 2857 de
1757 2816 1979 2856 Patribus

335 2895 447 2935 nris.
480 2895 875 2944 aestimationem,
912 2898 963 2933 ut
989 2892 1256 2943 frequenter
1285 2891 1345 2931 ad
1380 2889 1639 2931 audiendas
1674 2893 1975 2939 aegrotorum

396 3079 403 3097 ¹
445 3079 569 3105 locum.
586 3078 767 3106 Polancus.

393 3126 406 3144 ‘-'
447 3126 497 3154 Ps.
514 3134 595 3159 xxx,
611 3125 653 3152 20.
