2168 3437
886 255 971 292 AN.
1002 255 1094 292 1554
1740 255 1811 293 603

174 351 313 392 tenda
336 363 526 403 censeo;
549 357 708 403 utpote
736 351 933 402 capillos
960 352 1171 391 vibratos
1197 351 1489 403 frontemque
1517 351 1805 392 calamistra-

174 429 292 474 tam,
335 424 472 475 idque
507 422 693 474 generis
726 422 871 461 multa
908 422 1245 473 contempsisse
1286 422 1473 462 omnino
1515 428 1654 473 atque
1687 421 1806 461 abie-

176 495 319 545 cisse,
362 494 679 546 postridieque
718 493 779 533 ad
816 494 1042 543 templum
1081 493 1331 533 confitendi
1369 493 1523 543 gratia
1560 504 1610 533 se
1650 498 1808 532 contu-

177 566 306 615 lisse,
330 572 552 616 tantaque
575 576 680 605 cum
700 564 873 615 pietate
895 564 1035 604 modo
1057 576 1132 604 res
1162 564 1347 604 divinas
1370 564 1588 615 amplecti
1615 564 1811 615 illasque

178 637 437 686 celebrare,
478 642 527 676 ut
562 635 697 676 huius
731 635 944 686 exemplo
980 635 1095 675 alias
1130 636 1270 675 etiam
1308 635 1485 674 nobiles
1520 635 1808 682 iuvenculas,

179 707 340 748 eodem
361 708 407 747 in
428 719 587 750 errore
607 711 846 756 versatas,
871 704 929 745 ad
952 706 1191 745 meliorem
1211 705 1397 755 frugem
1416 705 1550 745 brevi
1576 705 1811 745 redituras

177 778 313 818 facile
333 784 589 830 speremus.
613 777 789 817 Eodem
808 777 1010 828 pertinet
1031 782 1075 816 et
1096 777 1187 816 alia
1208 777 1440 828 quaedam
1461 776 1620 825 vidua,
1644 776 1812 816 nobilis

178 849 256 889 illa
285 849 470 900 quidem
499 857 543 889 et
569 849 808 900 perdives,
838 859 958 899 quae
989 859 1095 887 cum
1121 859 1297 898 genero
1325 847 1509 898 filiaque
1538 848 1694 888 multis
1724 846 1811 887 dis-

177 919 306 960 sidiis
328 920 596 960 conflictata
618 919 716 969 diu,
739 919 866 959 nulla
887 924 1071 970 poterat
1092 919 1273 958 ratione
1304 918 1481 966 sedari;
1516 919 1598 959 sed
1629 919 1677 959 in
1707 930 1811 958 con-

176 989 379 1030 fessione
406 1003 461 1030 ac
491 997 626 1031 extra
657 1002 762 1030 cum
789 990 1007 1041 precibus
1035 995 1080 1029 et
1115 989 1509 1029 admonitionibus
1543 1001 1684 1041 saepe
1719 990 1812 1041 agi-

175 1067 274 1101 tata
294 1062 448 1111 fuerit,
470 1062 704 1102 obstinato
721 1061 911 1101 tandem
927 1061 1083 1100 animo
1105 1072 1208 1100 esse
1231 1060 1380 1110 desiit,
1402 1060 1460 1099 ad
1480 1061 1813 1112 melioremque

177 1139 381 1172 mentem
401 1144 609 1183 reversa,
627 1144 792 1184 pacem
813 1144 920 1172 cum
943 1132 1035 1172 filia
1052 1142 1321 1183 generoque
1342 1131 1490 1171 inivit.

258 1203 507 1244 Praetereo
544 1203 772 1255 quosdam
806 1203 1099 1254 sacerdotes,
1131 1203 1376 1242 variarum
1402 1202 1708 1242 ecclesiarum
1734 1214 1810 1253 pa-

178 1280 351 1324 stores,
375 1275 435 1315 ad
455 1275 683 1315 maiorem
703 1274 851 1314 nostri
872 1274 1218 1326 probationem,
1242 1286 1327 1314 nos
1349 1274 1535 1324 saepius
1557 1273 1814 1313 insectatos

178 1345 341 1395 fuisse,
366 1353 409 1386 et
430 1346 476 1386 in
498 1347 581 1397 iis,
610 1357 729 1397 quae
759 1345 818 1385 ad
847 1345 1192 1385 confessionem
1221 1356 1499 1396 sacramque
1531 1344 1813 1384 communio-

184 1428 288 1456 nem
318 1417 573 1468 pertinent,
605 1423 649 1457 et
676 1429 796 1468 quae
829 1416 889 1456 ad
915 1417 1166 1456 multarum
1193 1416 1390 1455 salutem
1418 1415 1680 1455 animarum
1716 1427 1813 1466 spe-

180 1493 329 1537 ctant,
354 1494 403 1527 ut
425 1488 504 1539 qui
525 1489 699 1528 nollent
720 1489 891 1544 multos
912 1494 1125 1527 nostrum
1147 1486 1371 1526 accedere
1394 1486 1453 1526 ad
1474 1487 1714 1537 templum,
1740 1498 1812 1526 ne-

180 1570 269 1610 que
302 1559 349 1599 in
376 1559 539 1599 eodem
575 1571 680 1599 cum
714 1558 931 1599 Patribus
965 1558 1199 1609 confiteri,
1239 1558 1363 1609 quod
1398 1558 1607 1598 dicerent
1641 1557 1730 1597 hoc
1766 1569 1814 1597 se

181 1629 325 1670 nihilo
354 1630 507 1670 minus
534 1631 609 1670 vel
643 1630 785 1670 etiam
819 1630 984 1669 melius
1018 1641 1156 1681 posse
1186 1635 1455 1680 praestare,
1486 1629 1664 1668 interea
1700 1628 1816 1668 nihil

179 1708 259 1740 aut
291 1713 459 1752 parum
491 1706 700 1751 agentes.
733 1700 834 1751 Quo
862 1700 911 1740 fit
938 1706 988 1740 ut
1014 1701 1266 1740 multorum
1294 1700 1478 1740 animae
1509 1699 1734 1739 maiorem
1768 1700 1815 1739 in

179 1772 367 1812 modum
388 1772 732 1823 perturbentur,
757 1777 801 1811 et
823 1771 1005 1823 aliquae
1026 1771 1153 1811 haud
1174 1771 1310 1810 dubie
1326 1770 1597 1822 perdantur.

259 1843 410 1894 Virgo
433 1843 663 1894 quaedam
682 1843 830 1882 variis
851 1848 950 1882 tum
971 1842 1156 1882 animae
1177 1848 1275 1882 tum
1296 1842 1509 1893 corporis
1541 1841 1725 1881 dotibus
1750 1841 1813 1880 in-

180 1913 328 1964 signis
362 1919 411 1953 ut
445 1925 587 1965 quae,
625 1920 812 1965 praeter
847 1914 963 1953 alias
999 1913 1227 1965 quasdam
1263 1919 1388 1953 artes
1423 1913 1531 1953 huic
1566 1913 1700 1952 sexui
1739 1912 1815 1951 vel

180 1985 530 2035 accommodas,
554 1985 716 2025 literas
744 1996 929 2036 quoque
957 1985 1195 2036 politiores
1222 1984 1485 2035 didicisset,
1515 1995 1621 2024 cum
1648 1983 1816 2034 viginti

179 2067 327 2096 annos
349 2056 551 2107 quadam
577 2056 623 2095 in
649 2056 876 2106 religione
903 2056 1208 2107 perstitisset,
1241 2061 1285 2095 et
1313 2055 1372 2094 ad
1400 2055 1608 2095 eiusdem
1640 2054 1812 2105 profes-

178 2126 358 2166 sionem
386 2127 512 2166 nullo
535 2133 675 2178 pacto
698 2126 880 2166 admitti
901 2126 1149 2177 valuisset,
1173 2126 1297 2177 quod
1319 2126 1437 2166 aliae
1464 2125 1677 2165 coenobii
1699 2125 1812 2165 eius-

179 2196 305 2248 dem,
341 2198 450 2238 licet
483 2197 640 2238 multis
671 2198 883 2249 partibus
910 2197 1176 2248 inferiores,
1202 2198 1293 2237 hoc
1321 2209 1414 2237 non
1443 2203 1599 2237 essent
1627 2207 1812 2247 passae,

178 2279 236 2306 ne
269 2274 460 2319 propter
487 2281 621 2309 suam
646 2269 791 2320 ipsius
818 2269 1040 2309 Virtutem
1066 2268 1305 2320 praefecta
1335 2268 1619 2319 reliquarum
1647 2268 1812 2307 consti-

179 2344 404 2389 tueretur;
427 2345 558 2379 tanta
578 2339 663 2379 fuit
682 2340 804 2379 mole
824 2340 1136 2380 tentationum
1157 2351 1383 2391 oppressa
1406 2344 1454 2378 ut
1476 2338 1663 2378 omnino
1685 2350 1814 2389 egre-

179 2409 381 2449 deretur.
406 2409 468 2450 At
490 2422 583 2450 non
603 2411 748 2450 multo
770 2416 876 2462 post
896 2416 1106 2462 tempore
1127 2422 1233 2450 cum
1261 2410 1421 2460 aliam,
1459 2409 1646 2449 tametsi
1674 2409 1814 2460 longe

180 2481 454 2530 tenuiorem,
480 2481 695 2531 ingressa
715 2481 878 2521 fuisset
897 2482 1190 2532 religionem,
1214 2480 1477 2532 ibidemque
1498 2481 1650 2520 scelus
1673 2480 1814 2531 quod-

182 2551 290 2590 dam
312 2557 645 2602 perpetrasset,
670 2552 794 2603 quod
815 2563 898 2592 suo
915 2552 1102 2592 nolebat
1123 2558 1332 2602 retegere
1353 2550 1657 2601 confessario,
1677 2551 1814 2591 simu-

181 2623 275 2662 lata
296 2623 536 2673 religionis
564 2622 855 2673 difficultate,
889 2624 1030 2663 aliam
1057 2623 1104 2663 in
1126 2623 1367 2663 civitatem
1397 2633 1447 2662 se
1474 2622 1689 2673 contulit;
1722 2634 1814 2674 quo

180 2693 229 2733 in
254 2694 373 2744 loco,
404 2693 680 2734 coenobium
707 2694 833 2734 aliud
860 2694 1099 2744 virginum
1126 2694 1313 2743 sortita,
1352 2705 1457 2733 cum
1491 2705 1584 2733 non
1618 2694 1814 2733 multum

181 2764 405 2815 temporis
425 2770 795 2816 perseverasset,
827 2771 1017 2816 arrepta
1043 2765 1177 2815 fuga,
1208 2765 1298 2804 huc
1324 2764 1371 2803 in
1400 2764 1564 2804 matris
1594 2775 1705 2804 suae
1737 2763 1813 2804 do-

183 2846 310 2874 mum
329 2835 544 2884 tetendit;
568 2846 657 2886 quo
679 2847 785 2875 cum
812 2835 1034 2875 sacerdos
1061 2835 1272 2886 quidam,
1302 2835 1567 2875 sanctitatis
1595 2835 1814 2886 egregius

182 2905 441 2956 simulator,
464 2905 731 2957 frequenter
754 2912 1052 2956 commearet,
1072 2907 1119 2946 in
1140 2906 1263 2946 hanc
1279 2905 1448 2945 misere
1469 2905 1621 2957 coepit
1638 2905 1811 2957 deperi-

182 2988 248 3026 re,
271 2976 334 3016 ita
356 2983 405 3016 ut
426 2977 759 3016 commercium
779 2977 1096 3017 execrandum
1117 2988 1223 3016 cum
1242 2977 1396 3028 puella
1418 2976 1604 3028 saepius
1625 2976 1813 3016 Christo

183 3053 461 3087 consecrata
490 3059 572 3098 per
605 3047 857 3087 triennium
890 3047 1254 3099 flagitiosissime
1292 3047 1520 3088 habuerit.
1561 3046 1654 3089 Sed
1687 3046 1811 3097 vide,
