2168 3437
926 257 1010 294 AN.
1042 257 1133 294 1553
1769 259 1840 297 329

205 352 424 393 nimirum
459 353 697 393 assiduam
731 360 775 393 et
810 354 924 394 satis
958 354 1245 406 frequentem
1278 355 1325 394 in
1362 356 1509 395 variis
1543 356 1835 406 lectionibus,

204 422 607 475 disputationibus,
632 424 948 476 epistolarum,
981 426 1244 466 orationum
1266 437 1581 478 versuumque
1610 428 1836 479 composi-

204 494 407 534 tionibus
438 494 684 546 diligenter
711 495 987 547 exercendo,
1026 507 1133 536 cum
1167 508 1340 548 magna
1374 487 1473 537 tum
1502 497 1837 549 discipulorum

204 565 496 616 promotione
517 571 615 605 tum
635 566 861 616 omnium,
886 571 931 606 et
953 566 1157 606 maxime
1186 567 1371 618 quidem
1401 574 1671 619 parentum,
1704 569 1834 610 satis-

203 635 426 676 factione:
448 635 593 675 frater
615 636 662 676 in
684 635 870 676 Christo
899 636 1227 687 charissimus,
1251 636 1411 678 Simon
1430 638 1680 680 Bartholus
1704 638 1730 691 ¹,
1764 653 1836 681 co-

202 717 305 746 ram
326 706 607 757 Magistratu
636 706 695 746 ad
722 706 954 747 Calendas
981 706 1263 748 Februarias
1290 720 1464 760 magna
1493 721 1596 750 cum
1631 711 1836 752 omnium

205 777 512 817 admiratione
545 776 707 817 habuit
738 777 1012 818 orationem.
1047 778 1179 818 Unus
1209 778 1541 831 discipulorum
1569 787 1837 823 nostrorum

204 848 317 900 ipsis
339 848 556 888 Calendis
579 847 756 900 Aprilis
779 860 940 889 coram
959 860 1083 890 novo
1104 849 1385 901 Magistratu
1407 851 1547 892 aliam
1568 854 1836 904 pronuntia-

204 921 291 971 vit,
316 932 370 960 eo
390 931 505 960 vero
527 920 785 971 gratiorem
807 920 954 972 quod,
978 932 1032 960 ea
1055 922 1309 972 completa,
1333 922 1526 963 iuvenes
1556 924 1646 964 duo
1676 937 1834 977 seque-

204 998 366 1033 rentur
387 1004 493 1033 cum
515 992 742 1032 versibus,
767 991 977 1043 Quorum
996 993 1112 1033 alter
1135 1004 1241 1033 cum
1261 998 1392 1034 tanta
1421 995 1655 1036 suavitate
1685 998 1834 1048 saphi-

203 1076 285 1104 cos
306 1064 495 1115 cecinit,
519 1069 570 1103 ut
599 1064 674 1104 vel
694 1064 956 1104 litterarum
975 1064 1160 1115 penitus
1181 1070 1399 1116 expertes
1420 1066 1646 1107 maiorem
1665 1068 1712 1108 in
1742 1080 1833 1109 mo-

203 1135 313 1175 dum
338 1134 636 1175 demulceret.

282 1205 374 1246 Res
409 1205 665 1257 spiritualis
699 1205 907 1257 quotidie
934 1206 1074 1246 sumit
1103 1207 1455 1248 incrementum.
1489 1207 1681 1260 Aliquot
1711 1210 1834 1250 iuve-

203 1288 288 1316 nes
337 1276 657 1328 spiritualibus
702 1276 938 1316 exercitiis
979 1277 1173 1317 exerciti
1210 1284 1345 1329 sunt,
1388 1291 1494 1319 cum
1541 1280 1688 1331 exitu,
1736 1280 1836 1321 Deo

202 1346 340 1398 duce,
373 1346 658 1387 felicissimo.
696 1346 983 1398 Quibusdam
1010 1348 1113 1388 aliis
1140 1348 1262 1389 idem
1292 1349 1521 1401 impertiri
1549 1356 1833 1402 poteramus,

202 1418 284 1458 sed
322 1429 484 1458 eorum
525 1418 705 1458 animos
740 1418 910 1458 talibus
952 1419 1189 1460 exercitiis
1224 1419 1237 1438 ²
1273 1432 1517 1471 speramus
1555 1422 1655 1462 iore
1690 1428 1834 1462 matu-

202 1488 364 1530 riores.

282 1560 487 1601 Castella
503 1561 738 1613 ,quaedam
759 1561 805 1601 in
828 1561 1215 1613 quadragesima,
1250 1568 1300 1603 ut
1327 1563 1374 1603 in
1401 1564 1632 1614 superiori
1653 1563 1833 1615 quadri-

202 1632 377 1683 mestri‚
400 1631 668 1683 invisimus3
691 1632 738 1672 in
760 1643 959 1684 quorum
980 1644 1073 1673 uno
1093 1639 1188 1673 tres
1210 1633 1309 1673 dies
1330 1635 1512 1685 egimus
1534 1646 1641 1675 cum
1662 1636 1835 1676 anima-

200 1714 303 1743 rum
323 1703 530 1743 maxima
552 1703 886 1744 consolatione.
913 1703 1033 1744 Nam
1054 1705 1204 1744 nostri
1226 1704 1490 1745 charissimi
1516 1705 1674 1746 fratris
1698 1707 1834 1760 Joan-

199 1773 271 1814 nis
297 1774 537 1826 Baptistae
565 1773 579 1792 ⁷³
608 1774 1039 1826 praedicationibus
1061 1775 1125 1815 ita
1147 1775 1557 1817 inflammabantur
1579 1789 1763 1829 omnes,
1787 1784 1836 1818 ut

200 1845 260 1885 ad
281 1845 598 1885 confessiones
620 1845 699 1885 diu
720 1851 953 1897 noctuque
974 1858 1033 1886 ex
1054 1846 1557 1887 circumadiacentibus
1584 1848 1719 1899 pagis
1740 1849 1833 1900 plu-

199 1915 303 1956 rimi
323 1921 670 1956 concurrerent.
695 1915 746 1956 In
767 1916 870 1956 aliis
898 1916 1088 1957 unicam
1104 1916 1265 1957 habuit
1287 1918 1562 1958 concionem
1578 1917 1607 1969 ⁴,
1630 1919 1712 1959 sed
1730 1931 1835 1960 curn

199 1987 405 2027 maximo
427 1999 610 2038 semper
633 1999 879 2039 concursu,
903 1993 961 2038 et,
986 1993 1036 2028 ut
1058 1988 1245 2039 quidem
1265 1989 1313 2028 in
1334 1989 1665 2040 concionibus,
1696 1991 1763 2030 sic
1789 1991 1835 2030 in

197 2057 581 2098 confessionibus.
619 2057 708 2098 Die
743 2058 982 2099 Passionis
1020 2059 1297 2100 Dominicae
1332 2071 1439 2100 cum
1477 2066 1607 2101 tanto
1649 2061 1836 2102 fervore

197 2128 569 2182 dexteritateque
602 2131 829 2182 mysteria
855 2129 1094 2170 Passionis
1115 2131 1423 2182 praedicavit,
1447 2137 1497 2172 ut
1525 2133 1657 2172 multi
1683 2133 1835 2172 valvis

197 2205 244 2239 et
276 2200 421 2240 muris
455 2201 681 2241 ecclesiae
716 2201 870 2241 scalas
906 2201 1232 2252 admoverent,
1264 2202 1389 2252 quod
1421 2203 1644 2254 populum
1678 2203 1836 2254 templi

197 2281 293 2310 non
327 2277 515 2322 caperet
550 2271 822 2323 amplitudo.
865 2271 1044 2312 Tantus
1078 2272 1461 2313 lachrimantium
1496 2279 1541 2313 et
1576 2273 1834 2314 misericor-

199 2340 325 2381 diam
346 2341 697 2393 implorantium
716 2342 802 2383 fuit
823 2343 1046 2394 strepitus
1067 2349 1117 2383 ut
1138 2343 1238 2384 eius
1265 2344 1451 2396 saepius
1478 2344 1833 2396 interrumpere-

199 2416 273 2452 tur
294 2412 602 2464 praedicatio.
626 2413 805 2453 Diebus
827 2414 1084 2466 quibusque
1106 2413 1368 2454 Dominicis
1396 2427 1490 2455 non
1520 2414 1698 2455 minore
1731 2427 1834 2455 cum

200 2483 355 2534 gratia
377 2483 699 2524 concionatur.
731 2484 976 2535 Vigesima
1003 2484 1210 2525 secunda
1235 2485 1368 2536 Maii,
1400 2485 1509 2525 dum
1537 2486 1833 2538 supplicatio-

200 2565 283 2593 nes
303 2554 563 2605 generales,
589 2566 696 2594 cum
716 2565 800 2605 pro
821 2566 960 2606 pace,
989 2561 1087 2595 tum
1119 2567 1205 2608 pro
1229 2556 1350 2596 aeris
1372 2557 1610 2608 temperie,
1633 2557 1831 2597 celebra·

200 2631 376 2675 rentur,
401 2625 547 2665 voluit
569 2625 626 2665 D.
650 2625 873 2666 Vicarius
894 2638 999 2666 eum
1019 2626 1066 2667 in
1087 2628 1285 2667 ecclesia
1308 2627 1568 2668 cathedrali
1596 2628 1833 2678 praedica-

199 2707 273 2747 re;
298 2696 440 2748 quod,
466 2696 554 2736 Dei
577 2697 816 2748 aspirante
836 2698 1014 2749 gratia,
1045 2698 1155 2739 fecit
1178 2711 1285 2739 cum
1306 2700 1486 2750 ingenti
1518 2700 1724 2740 omnium
1759 2700 1835 2740 ad-

256 2878 268 2898 ¹
307 2878 420 2906 Simon
436 2879 579 2907 Bartoli.
597 2880 660 2907 Hic
676 2881 731 2907 ille
748 2884 809 2915 est,
826 2881 865 2908 de
881 2882 991 2916 quoin
1006 2882 1167 2917 POLAch,
1185 2883 1320 2915 (ῒῖτνοηυ
1335 2887 1347 2910 t
1376 2890 1422 2917 111,
1439 2890 1516 2917 pag.
1529 2883 1577 2917 29,
1590 2887 1703 2911 annot.
1721 2884 1745 2910 1.

254 2925 268 2944 2
302 2928 427 2960 postea
444 2927 490 2954 ad
505 2927 594 2954 talia
611 2928 790 2956 exercitia.
808 2928 984 2957 Polancus.

252 2973 266 2992 3
303 2973 443 3006 Joannis
459 2974 638 3009 Baptistae
654 2975 780 3009 Velati,
796 2983 855 3003 seu
872 2977 910 3003 de
926 2977 1016 3010 Jesu.
1034 2978 1121 3006 Vide
1138 2982 1251 3005 tamen
1271 2986 1356 3012 quae
1372 2978 1411 3005 de
1427 2978 1499 3013 ejus
1516 2978 1733 3006 concionibus
1755 2980 1834 3006 dici-

200 3023 256 3047 tur
275 3020 306 3047 in
323 3021 482 3055 PoLANm,
500 3021 635 3053 chron„
650 3028 671 3049 t.
688 3029 734 3055 111,
750 3030 828 3057 pag.
843 3023 888 3057 30,
901 3033 931 3052 n.
944 3026 976 3052 51
993 3030 1026 3052 et
1040 3029 1152 3054 annot.
1165 3026 1189 3053 1.

252 3067 268 3087 ⁴
305 3067 347 3094 In
364 3068 516 3095 aliorum
532 3069 687 3102 singulis
701 3070 864 3103 singulas
878 3071 1001 3099 Izabmt
1016 3074 1208 3101 conciones.
1226 3072 1403 3100 Polancus.
