2168 3437
404 274 476 311 530
921 273 1149 309 LITTERAE
1176 284 1534 316 QUADR1MEsTREs

406 372 580 423 prium,
605 382 660 410 ac
682 381 739 409 ne
760 381 852 420 qua
873 370 965 409 ullo
987 369 1125 409 modo
1146 370 1447 421 proprietatis
1471 370 1578 410 illuc
1601 371 1796 423 obrepat
1817 373 2037 425 suspicio,

408 443 484 481 vel
514 441 644 480 labes
670 440 920 488 inferatur,
949 446 1133 480 mutant
1167 440 1288 480 inter
1321 452 1371 480 se
1404 452 1653 493 persaepe,
1692 453 1811 493 quae
1845 443 2039 484 honeste

405 517 613 563 possunt.
635 511 960 551 Eucharistiae
977 510 1304 551 Sacrametum
1321 511 1518 563 singulis
1534 512 1731 564 Dnicis.,
1748 524 1888 565 saepe
1903 514 2043 555 etiarn

405 582 717 634 frequentius,
741 582 996 633 recipiunt;
1020 588 1270 634 parentum
1291 589 1335 622 et
1356 588 1668 633 cognatorum
1690 584 1945 636 colloquia,
1968 597 2042 637 pe-

408 660 506 694 stes
528 664 582 693 ac
602 653 836 705 pernicies
857 653 1224 704 monacharum,
1249 653 1412 694 diebus
1433 653 1614 694 Dnicis.
1637 666 1694 695 ac
1722 655 1853 695 festis
1881 667 1939 696 ne
1968 657 2044 696 ad-

405 725 596 765 mittunt
625 724 835 776 quidem3
861 724 1052 776 reliquis
1080 724 1243 764 diebus
1273 725 1337 764 ita
1365 724 1590 776 breuiter,
1620 731 1671 766 ut
1699 727 1853 777 magis
1883 738 2044 767 eorum

403 795 660 836 infirmitati
694 795 741 835 id
772 795 1031 836 concedere
1065 807 1206 847 quam
1233 795 1369 835 ullius
1397 795 1468 835 sui
1501 796 1655 836 solatii
1675 808 1778 848 gra.
1801 797 1957 838 facere
1978 799 2042 838 vi·

402 866 622 917 deantur;
646 867 857 918 adeoque
878 878 935 906 ne
957 866 1003 906 id
1024 866 1211 918 quidem
1232 866 1332 906 sine
1354 866 1536 906 comite.
1562 866 1722 919 Neque
1744 868 1804 908 ad
1834 868 1925 908 hoc
1954 869 2045 909 illis

402 945 530 989 sunt,
554 945 603 978 ut
626 938 826 978 caeteris
846 938 1064 988 cancelli,
1089 937 1170 978 sed
1187 937 1360 977 lamina
1376 943 1558 978 tantum
1577 940 1792 989 angustis
1808 939 2044 980 foramini-

404 1010 489 1049 bus
511 1015 717 1060 pertusa.
743 1008 846 1060 Qua
868 1021 926 1048 ex
946 1021 996 1048 re
1016 1008 1194 1048 factum
1215 1014 1285 1048 est
1306 1015 1356 1048 ut
1376 1009 1637 1060 quarumda
1660 1016 1834 1050 matres
1862 1011 2043 1050 obmur—

402 1093 590 1121 murare
612 1080 851 1132 coeperint
872 1080 1053 1132 privari
1074 1092 1123 1120 se
1144 1079 1344 1120 filiarum
1365 1086 1642 1132 conspectu:
1666 1092 1715 1121 se
1737 1093 1851 1122 vero
1872 1094 1966 1122 non
1993 1082 2042 1122 in

402 1153 447 1193 id
469 1152 687 1203 genuisse
708 1158 759 1192 ut
780 1152 836 1191 iis
858 1151 1047 1191 omnino
1070 1158 1301 1192 carerent.
1327 1151 1413 1192 Cui
1434 1152 1523 1202 rei,
1547 1152 1646 1192 siue
1667 1152 1713 1192 id
1744 1153 1808 1192 ita
1834 1153 2039 1204 volebat,

401 1225 500 1264 siue
521 1230 571 1264 ut
592 1234 754 1263 earum
777 1223 984 1263 animum
1005 1223 1250 1274 probaret,
1275 1223 1550 1274 simulabat,
1575 1228 1633 1263 cu
1655 1235 1704 1263 se
1722 1224 1909 1264 obstare
1924 1225 2044 1264 velle

400 1295 524 1335 R.d¹1⁵
549 1295 623 1335 Pr.
649 1307 743 1335 non
765 1294 962 1344 diceret,
987 1299 1363 1346 proponeretque
1394 1294 1629 1334 vellentne
1657 1294 1898 1335 fenestella
1926 1295 2042 1346 fieri,

400 1379 492 1419 qua
513 1374 558 1407 et
579 1366 740 1406 videre
762 1377 1100 1416 nonnunquam
1129 1372 1304 1405 matres
1332 1371 1375 1405 et
1403 1364 1553 1405 videri
1574 1365 1703 1417 ipsae
1736 1366 1793 1406 ab
1820 1366 1911 1406 illis
1940 1378 2042 1418 pos-

399 1445 526 1489 sent,
558 1437 671 1477 vicit
695 1437 869 1478 Christi
892 1448 1024 1476 amor
1046 1448 1237 1476 carnem
1258 1442 1302 1476 et
1324 1436 1623 1488 sanguinem,
1646 1436 1889 1488 effecitque
1917 1443 1967 1478 ut
1995 1450 2044 1478 se

400 1511 446 1550 id
482 1510 603 1550 nolle
639 1509 992 1561 responderent.
1024 1508 1159 1560 Ipsae
1194 1515 1350 1548 autem
1377 1514 1422 1548 et
1458 1509 1839 1548 communionum
1865 1509 2043 1560 freque-

399 1582 463 1622 tia
485 1586 530 1621 et
551 1581 818 1621 diuinorum
840 1579 1100 1620 officiorum
1122 1580 1292 1619 deuota
1314 1579 1650 1629 celebratione,
1674 1585 1808 1620 tanta
1824 1580 1884 1620 ad
1904 1587 2044 1621 sacra

400 1654 479 1693 illa
514 1653 678 1692 aedem
710 1651 901 1691 hominu
929 1650 1276 1691 multitudinem
1296 1656 1628 1701 attraxerunt,
1662 1656 1711 1690 ut
1739 1663 1884 1702 prope
1911 1652 2044 1703 paria

400 1724 556 1765 omnia
576 1725 708 1763 locus
729 1723 803 1762 ille
827 1734 933 1762 cum
954 1722 1066 1762 Diui
1086 1722 1267 1762 Nicolai
1289 1722 1462 1773 templo
1484 1721 1670 1761 habeat.

478 1795 795 1836 Concionatur
815 1794 876 1833 ibi
897 1793 1028 1833 festis
1049 1805 1103 1833 ac
1135 1793 1314 1832 Dnicis.
1345 1792 1507 1833 diebus
1534 1804 1654 1833 unus
1682 1805 1705 1832 e
1733 1793 1914 1833 Pribus.
1943 1793 2043 1834 Col-

398 1867 508 1917 legii
528 1866 665 1906 huius
687 1865 943 1916 iisdemque
965 1865 1107 1904 etiam
1129 1864 1242 1915 legit
1264 1864 1600 1916 pomeridianis
1636 1864 1764 1904 horis
1794 1876 1849 1904 ac
1881 1865 2044 1905 diebus

398 1939 605 1988 veneris3
631 1943 699 1977 est
721 1944 878 1976 autem
900 1936 1166 1976 auditorum
1186 1947 1409 1976 numerus
1439 1947 1536 1975 non
1567 1936 1788 1986 exiguus:
1818 1937 2042 1988 templum

400 2010 516 2050 satis
538 2020 694 2060 capax
716 2008 886 2058 (minus
914 2013 1072 2048 tamen
1101 2009 1244 2057 nro.);
1275 2006 1536 2046 confessuri
1570 2013 1614 2046 et
1650 2008 2041 2048 communicaturi

399 2081 618 2132 permulti
639 2092 692 2120 eo
716 2079 970 2119 accedunt:
994 2078 1222 2128 breviter,
1243 2078 1408 2118 eadem
1425 2078 1487 2117 ibi
1504 2077 1639 2128 fiunt,
1660 2090 1779 2129 quae
1797 2078 1920 2130 apud
1937 2091 2038 2130 nos,

399 2158 447 2192 ut
468 2159 631 2191 natum
652 2152 699 2191 in
720 2151 810 2190 hoc
832 2151 931 2190 solo
953 2149 1297 2200 deductumque
1319 2150 1426 2189 illuc
1448 2160 1633 2190 ramum
1655 2150 1783 2189 illum
1804 2149 1941 2190 facile
1963 2162 2038 2202 ap-

400 2230 581 2275 pareat.

478 2294 745 2346 Compressi
767 2299 816 2333 ut
836 2292 965 2344 potui
988 2292 1270 2343 orationem,
1295 2291 1379 2332 sed
1405 2303 1491 2332 nec
1522 2293 1589 2332 sic
1620 2292 1750 2332 effeci
1784 2299 1833 2332 ut
1862 2292 2040 2333 breuis-

401 2366 546 2405 simus
568 2376 734 2405 essem.
759 2363 881 2415 Quid
902 2364 941 2403 si
963 2363 1119 2403 onmia
1142 2354 1294 2403 essem
1314 2369 1646 2415 persequutus,
1671 2375 1790 2415 quae
1811 2364 1858 2403 in
1880 2364 1970 2404 hac
1992 2375 2044 2404 re

400 2449 494 2477 non
511 2436 743 2476 immerito
762 2434 1012 2475 scribenda
1028 2434 1321 2474 viderentur?
1337 2434 1482 2474 Multo
1500 2445 1614 2474 sane
1630 2434 1822 2474 fuissem
1839 2435 2040 2485 longior.

400 2508 463 2548 At
485 2520 599 2548 Vero
622 2508 725 2559 quis
746 2519 839 2547 non
859 2506 1093 2547 laudabile
1115 2506 1319 2546 maxime
1340 2506 1525 2546 duxerit
1553 2506 1855 2556 virguncula,
1884 2506 1993 2546 dum
2017 2518 2044 2546 a

401 2580 497 2619 suis
519 2579 840 2619 retraheretur
860 2590 918 2618 ne
939 2578 986 2617 in
1007 2583 1174 2617 sancta
1196 2578 1274 2617 illa
1302 2578 1443 2617 domu
1473 2576 1822 2628 ingrederetur,
1853 2589 2043 2629 respon-

401 2651 525 2690 disse
547 2651 587 2690 si
608 2650 884 2690 morituram
904 2661 953 2689 se
971 2648 1134 2688 eadem
1156 2649 1228 2688 die
1250 2648 1545 2699 intelligeret,
1566 2655 1626 2688 no
1644 2654 1801 2689 tamen
1818 2649 1875 2688 ab
1892 2649 2043 2688 incoe-

401 2728 479 2772 pto
507 2721 790 2761 desituram?
817 2726 863 2760 et
889 2720 1013 2771 quod
1039 2720 1146 2759 huic
1177 2725 1233 2760 cu
1256 2719 1536 2759 obiiceretur
1558 2719 1715 2759 vilitas
1732 2719 1932 2767 habitus,
1953 2731 2043 2770 quo

402 2798 502 2832 erat
525 2792 784 2842 induenda,
808 2791 986 2831 vestiar
1009 2790 1187 2842 (inquit)
1211 2790 1368 2830 herbis
1389 2790 1518 2841 licet,
1543 2801 1631 2841 ego
1651 2796 1810 2830 tamen
1830 2790 1928 2830 ibo:
1957 2791 2040 2831 sed

402 2870 526 2904 tame
549 2863 636 2903 hoc
659 2863 930 2903 omittamus
951 2868 994 2901 et
1018 2862 1111 2901 iam
1139 2862 1231 2901 alio
1266 2861 1321 2911 (si
1348 2861 1551 2909 videtur)
1581 2872 1682 2900 nra.
1712 2873 1762 2902 se
1792 2866 2042 2902 conuertat

405 2936 557 2974 oratio
582 2934 607 2974 ¹.

457 3049 462 3067 ¹
505 3048 553 3075 De
571 3048 623 3075 his
640 3055 724 3082 quae
741 3047 783 3074 ad
800 3047 886 3074 hanc
903 3045 1101 3074 monialium
1121 3045 1337 3072 Ascensionis
1361 3045 1627 3073 translationem
1643 3045 1826 3080 pertinent,
1842 3045 1921 3072 vide
1938 3046 2043 3072 omni-

406 3104 445 3122 no
465 3096 632 3129 PoLArx‘cQ
656 3095 898 3126 ('l1r0112·c0›z,t.
915 3102 962 3128 111,
986 3102 1004 3121 a
1021 3102 1051 3121 n.
1065 3094 1116 3120 497
1129 3094 1171 3121 ad
1185 3101 1215 3121 n.
1228 3092 1291 3120 502.
