<?xml version="1.0" encoding="UTF-8"?>
<!DOCTYPE html PUBLIC "-//W3C//DTD XHTML 1.0 Transitional//EN"
    "http://www.w3.org/TR/xhtml1/DTD/xhtml1-transitional.dtd">
<html xmlns="http://www.w3.org/1999/xhtml" xml:lang="en" lang="en">
 <head>
  <title>
</title>
<meta http-equiv="Content-Type" content="text/html;charset=utf-8" />
  <meta name='ocr-system' content='tesseract 3.04.00' />
  <meta name='ocr-capabilities' content='ocr_page ocr_carea ocr_par ocr_line ocrx_word'/>
</head>
<body>
  <div class='ocr_page' id='page_1' title='image "./litteraequadrime1402lain_0460.png"; bbox 0 0 2168 3437; ppageno 0'>
   <div class='ocr_carea' id='block_1_1' title="bbox 341 264 1462 307">
    <p class='ocr_par' dir='ltr' id='par_1_1' title="bbox 341 264 1462 307">
     <span class='ocr_line' id='line_1_1' title="bbox 341 264 1462 307; baseline 0 -6"><span class='ocrx_word' id='word_1_1' title='bbox 341 265 410 301; x_wconf 73' lang='lat'>456</span> <span class='ocrx_word' id='word_1_2' title='bbox 850 264 1078 301; x_wconf 78' lang='lat' dir='ltr'>LITTERAE</span> <span class='ocrx_word' id='word_1_3' title='bbox 1103 274 1462 307; x_wconf 84' lang='lat' dir='ltr'><strong>QUADRIMESTRES</strong></span> 
     </span>
    </p>
   </div>
   <div class='ocr_carea' id='block_1_2' title="bbox 336 359 1993 3114">
    <p class='ocr_par' dir='ltr' id='par_1_2' title="bbox 341 359 1982 622">
     <span class='ocr_line' id='line_1_2' title="bbox 341 359 1980 412; baseline 0.003 -13"><span class='ocrx_word' id='word_1_4' title='bbox 341 360 471 400; x_wconf 87' lang='lat' dir='ltr'>festis</span> <span class='ocrx_word' id='word_1_5' title='bbox 493 360 654 399; x_wconf 89' lang='lat' dir='ltr'>diebus</span> <span class='ocrx_word' id='word_1_6' title='bbox 677 359 922 400; x_wconf 90' lang='lat' dir='ltr'>confitetur</span> <span class='ocrx_word' id='word_1_7' title='bbox 944 360 1068 400; x_wconf 90' lang='lat' dir='ltr'>domi</span> <span class='ocrx_word' id='word_1_8' title='bbox 1088 366 1299 410; x_wconf 89' lang='lat' dir='ltr'>nostrae,</span> <span class='ocrx_word' id='word_1_9' title='bbox 1324 366 1368 400; x_wconf 94' lang='lat' dir='ltr'>et</span> <span class='ocrx_word' id='word_1_10' title='bbox 1389 361 1488 412; x_wconf 89' lang='lat' dir='ltr'>ipse</span> <span class='ocrx_word' id='word_1_11' title='bbox 1509 367 1554 401; x_wconf 90' lang='lat' dir='ltr'>et</span> <span class='ocrx_word' id='word_1_12' title='bbox 1580 374 1701 402; x_wconf 82' lang='lat' dir='ltr'>uxor</span> <span class='ocrx_word' id='word_1_13' title='bbox 1722 365 1980 404; x_wconf 80' lang='lat' dir='ltr'>communi-</span> 
     </span>
     <span class='ocr_line' id='line_1_3' title="bbox 343 430 1982 486; baseline 0.002 -16"><span class='ocrx_word' id='word_1_14' title='bbox 343 436 464 479; x_wconf 89' lang='lat' dir='ltr'>cant,</span> <span class='ocrx_word' id='word_1_15' title='bbox 479 441 596 480; x_wconf 90' lang='lat' dir='ltr'>quae</span> <span class='ocrx_word' id='word_1_16' title='bbox 610 430 796 481; x_wconf 89' lang='lat' dir='ltr'>quidem</span> <span class='ocrx_word' id='word_1_17' title='bbox 808 430 1061 470; x_wconf 83' lang='lat' dir='ltr'>virtutibus</span> <span class='ocrx_word' id='word_1_18' title='bbox 1074 430 1234 471; x_wconf 89' lang='lat' dir='ltr'>itidem</span> <span class='ocrx_word' id='word_1_19' title='bbox 1248 432 1432 482; x_wconf 90' lang='lat' dir='ltr'>magnis</span> <span class='ocrx_word' id='word_1_20' title='bbox 1444 432 1655 483; x_wconf 83' lang='lat' dir='ltr'>praedita</span> <span class='ocrx_word' id='word_1_21' title='bbox 1666 431 1982 486; x_wconf 83' lang='lat' dir='ltr'>Societatique</span> 
     </span>
     <span class='ocr_line' id='line_1_4' title="bbox 341 500 1981 553; baseline 0.004 -14"><span class='ocrx_word' id='word_1_22' title='bbox 341 500 478 540; x_wconf 85' lang='lat' dir='ltr'>valde</span> <span class='ocrx_word' id='word_1_23' title='bbox 500 500 654 540; x_wconf 90' lang='lat' dir='ltr'>dedita</span> <span class='ocrx_word' id='word_1_24' title='bbox 675 507 759 541; x_wconf 91' lang='lat' dir='ltr'>est.</span> <span class='ocrx_word' id='word_1_25' title='bbox 783 500 911 541; x_wconf 90' lang='lat' dir='ltr'>Deus</span> <span class='ocrx_word' id='word_1_26' title='bbox 934 501 1137 553; x_wconf 89' lang='lat' dir='ltr'>optimus</span> <span class='ocrx_word' id='word_1_27' title='bbox 1158 502 1391 542; x_wconf 84' lang='lat' dir='ltr'>maximus</span> <span class='ocrx_word' id='word_1_28' title='bbox 1412 502 1459 542; x_wconf 89' lang='lat' dir='ltr'>in</span> <span class='ocrx_word' id='word_1_29' title='bbox 1487 508 1582 543; x_wconf 90' lang='lat' dir='ltr'>tam</span> <span class='ocrx_word' id='word_1_30' title='bbox 1604 510 1769 544; x_wconf 87' lang='lat' dir='ltr'>sancta</span> <span class='ocrx_word' id='word_1_31' title='bbox 1790 505 1981 545; x_wconf 86' lang='lat' dir='ltr'>vivendi</span> 
     </span>
     <span class='ocr_line' id='line_1_5' title="bbox 343 571 1215 622; baseline 0.002 -12"><span class='ocrx_word' id='word_1_32' title='bbox 343 571 524 610; x_wconf 90' lang='lat' dir='ltr'>ratione</span> <span class='ocrx_word' id='word_1_33' title='bbox 547 572 862 611; x_wconf 74' lang='lat' dir='ltr'>constantiam</span> <span class='ocrx_word' id='word_1_34' title='bbox 884 572 950 612; x_wconf 93' lang='lat' dir='ltr'>eis</span> <span class='ocrx_word' id='word_1_35' title='bbox 972 572 1215 622; x_wconf 89' lang='lat' dir='ltr'>largiatur.</span> 
     </span>
    </p>

    <p class='ocr_par' dir='ltr' id='par_1_3' title="bbox 341 642 1987 1335">
     <span class='ocr_line' id='line_1_6' title="bbox 421 642 1981 697; baseline 0.003 -15"><span class='ocrx_word' id='word_1_36' title='bbox 421 642 469 682; x_wconf 84' lang='lat' dir='ltr'>P.</span> <span class='ocrx_word' id='word_1_37' title='bbox 504 642 789 683; x_wconf 87' lang='lat' dir='ltr'>Franciscus</span> <span class='ocrx_word' id='word_1_38' title='bbox 819 643 982 684; x_wconf 86' lang='lat' dir='ltr'>Vieira</span> <span class='ocrx_word' id='word_1_39' title='bbox 1018 649 1062 683; x_wconf 94' lang='lat' dir='ltr'>et</span> <span class='ocrx_word' id='word_1_40' title='bbox 1094 643 1240 697; x_wconf 83' lang='lat' dir='ltr'>frater</span> <span class='ocrx_word' id='word_1_41' title='bbox 1276 644 1462 684; x_wconf 89' lang='lat' dir='ltr'>nomine</span> <span class='ocrx_word' id='word_1_42' title='bbox 1492 644 1726 685; x_wconf 88' lang='lat' dir='ltr'>Antonius</span> <span class='ocrx_word' id='word_1_43' title='bbox 1760 645 1981 695; x_wconf 84' lang='lat' dir='ltr'>Alvarez,</span> 
     </span>
     <span class='ocr_line' id='line_1_7' title="bbox 343 713 1985 769; baseline 0.003 -16"><span class='ocrx_word' id='word_1_44' title='bbox 343 724 448 753; x_wconf 87' lang='lat' dir='ltr'>cum</span> <span class='ocrx_word' id='word_1_45' title='bbox 465 713 601 753; x_wconf 90' lang='lat' dir='ltr'>simul</span> <span class='ocrx_word' id='word_1_46' title='bbox 613 714 1021 765; x_wconf 88' lang='lat' dir='ltr'>proficiscerentur</span> <span class='ocrx_word' id='word_1_47' title='bbox 1038 715 1085 754; x_wconf 90' lang='lat' dir='ltr'>in</span> <span class='ocrx_word' id='word_1_48' title='bbox 1101 714 1295 761; x_wconf 88' lang='lat' dir='ltr'>Indiam,</span> <span class='ocrx_word' id='word_1_49' title='bbox 1311 715 1434 766; x_wconf 92' lang='lat' dir='ltr'>quod</span> <span class='ocrx_word' id='word_1_50' title='bbox 1450 716 1586 756; x_wconf 79' lang='lat' dir='ltr'>navis</span> <span class='ocrx_word' id='word_1_51' title='bbox 1603 717 1795 757; x_wconf 89' lang='lat' dir='ltr'>multam</span> <span class='ocrx_word' id='word_1_52' title='bbox 1814 729 1985 769; x_wconf 88' lang='lat' dir='ltr'>aquam</span> 
     </span>
     <span class='ocr_line' id='line_1_8' title="bbox 343 785 1984 840; baseline 0.003 -16"><span class='ocrx_word' id='word_1_53' title='bbox 343 785 604 835; x_wconf 89' lang='lat' dir='ltr'>colligeret,</span> <span class='ocrx_word' id='word_1_54' title='bbox 629 785 675 825; x_wconf 90' lang='lat' dir='ltr'>in</span> <span class='ocrx_word' id='word_1_55' title='bbox 702 791 890 836; x_wconf 90' lang='lat' dir='ltr'>portum</span> <span class='ocrx_word' id='word_1_56' title='bbox 919 786 1055 826; x_wconf 90' lang='lat' dir='ltr'>relati</span> <span class='ocrx_word' id='word_1_57' title='bbox 1083 791 1190 826; x_wconf 90' lang='lat' dir='ltr'>sunt</span> <span class='ocrx_word' id='word_1_58' title='bbox 1218 792 1627 838; x_wconf 76' lang='lat' dir='ltr'>perveneruntque</span> <span class='ocrx_word' id='word_1_59' title='bbox 1648 787 1984 840; x_wconf 86' lang='lat' dir='ltr'>Ulyssiponam</span> 
     </span>
     <span class='ocr_line' id='line_1_9' title="bbox 343 856 1984 908; baseline 0.003 -13"><span class='ocrx_word' id='word_1_60' title='bbox 343 856 636 906; x_wconf 78' lang='lat' dir='ltr'>aegritudine</span> <span class='ocrx_word' id='word_1_61' title='bbox 669 856 781 906; x_wconf 92' lang='lat' dir='ltr'>(non</span> <span class='ocrx_word' id='word_1_62' title='bbox 811 862 968 897; x_wconf 90' lang='lat' dir='ltr'>tamen</span> <span class='ocrx_word' id='word_1_63' title='bbox 994 857 1154 908; x_wconf 88' lang='lat' dir='ltr'>gravi)</span> <span class='ocrx_word' id='word_1_64' title='bbox 1186 857 1469 897; x_wconf 79' lang='lat' dir='ltr'>laborantes.</span> <span class='ocrx_word' id='word_1_65' title='bbox 1512 857 1709 898; x_wconf 89' lang='lat' dir='ltr'>Multum</span> <span class='ocrx_word' id='word_1_66' title='bbox 1744 871 1904 900; x_wconf 90' lang='lat' dir='ltr'>omnes</span> <span class='ocrx_word' id='word_1_67' title='bbox 1939 860 1984 900; x_wconf 91' lang='lat' dir='ltr'>in</span> 
     </span>
     <span class='ocr_line' id='line_1_10' title="bbox 342 926 1986 980; baseline 0.002 -14"><span class='ocrx_word' id='word_1_68' title='bbox 342 926 477 976; x_wconf 85' lang='lat' dir='ltr'>navi,</span> <span class='ocrx_word' id='word_1_69' title='bbox 501 928 889 968; x_wconf 90' lang='lat' dir='ltr'>collocutionibus</span> <span class='ocrx_word' id='word_1_70' title='bbox 924 928 1225 980; x_wconf 89' lang='lat' dir='ltr'>praesertim,</span> <span class='ocrx_word' id='word_1_71' title='bbox 1249 939 1366 980; x_wconf 88' lang='lat' dir='ltr'>quas</span> <span class='ocrx_word' id='word_1_72' title='bbox 1394 928 1449 968; x_wconf 90' lang='lat' dir='ltr'>de</span> <span class='ocrx_word' id='word_1_73' title='bbox 1479 929 1618 969; x_wconf 90' lang='lat' dir='ltr'>rebus</span> <span class='ocrx_word' id='word_1_74' title='bbox 1647 930 1818 970; x_wconf 84' lang='lat' dir='ltr'>divinis</span> <span class='ocrx_word' id='word_1_75' title='bbox 1846 930 1986 970; x_wconf 90' lang='lat' dir='ltr'>habe-</span> 
     </span>
     <span class='ocr_line' id='line_1_11' title="bbox 341 997 1987 1052; baseline 0.003 -15"><span class='ocrx_word' id='word_1_76' title='bbox 341 997 467 1047; x_wconf 88' lang='lat' dir='ltr'>bant,</span> <span class='ocrx_word' id='word_1_77' title='bbox 491 997 817 1049; x_wconf 89' lang='lat' dir='ltr'>aedificarunt,</span> <span class='ocrx_word' id='word_1_78' title='bbox 849 1011 1031 1039; x_wconf 86' lang='lat' dir='ltr'>necnon</span> <span class='ocrx_word' id='word_1_79' title='bbox 1053 999 1176 1050; x_wconf 93' lang='lat' dir='ltr'>quod</span> <span class='ocrx_word' id='word_1_80' title='bbox 1203 1000 1410 1051; x_wconf 80' lang='lat' dir='ltr'>aegrotis</span> <span class='ocrx_word' id='word_1_81' title='bbox 1433 999 1534 1051; x_wconf 92' lang='lat' dir='ltr'>(qui</span> <span class='ocrx_word' id='word_1_82' title='bbox 1561 999 1747 1052; x_wconf 88' lang='lat' dir='ltr'>quidem</span> <span class='ocrx_word' id='word_1_83' title='bbox 1768 1002 1987 1052; x_wconf 84' lang='lat' dir='ltr'>permulti</span> 
     </span>
     <span class='ocr_line' id='line_1_12' title="bbox 343 1069 1984 1122; baseline 0.002 -14"><span class='ocrx_word' id='word_1_84' title='bbox 343 1069 544 1119; x_wconf 88' lang='lat' dir='ltr'>fuerunt)</span> <span class='ocrx_word' id='word_1_85' title='bbox 577 1069 824 1120; x_wconf 78' lang='lat' dir='ltr'>diligenter</span> <span class='ocrx_word' id='word_1_86' title='bbox 851 1070 1153 1121; x_wconf 82' lang='lat' dir='ltr'>inservirent3</span> <span class='ocrx_word' id='word_1_87' title='bbox 1194 1070 1389 1121; x_wconf 91' lang='lat' dir='ltr'>duobus,</span> <span class='ocrx_word' id='word_1_88' title='bbox 1422 1071 1499 1122; x_wconf 89' lang='lat' dir='ltr'>qui</span> <span class='ocrx_word' id='word_1_89' title='bbox 1534 1083 1694 1111; x_wconf 90' lang='lat' dir='ltr'>secum</span> <span class='ocrx_word' id='word_1_90' title='bbox 1729 1072 1984 1120; x_wconf 78' lang='lat' dir='ltr'>redierant,</span> 
     </span>
     <span class='ocr_line' id='line_1_13' title="bbox 343 1141 1987 1195; baseline 0.002 -15"><span class='ocrx_word' id='word_1_91' title='bbox 343 1141 569 1180; x_wconf 81' lang='lat' dir='ltr'>exercitia</span> <span class='ocrx_word' id='word_1_92' title='bbox 587 1142 780 1181; x_wconf 86' lang='lat' dir='ltr'>tradidit</span> <span class='ocrx_word' id='word_1_93' title='bbox 796 1142 1073 1193; x_wconf 71' lang='lat' dir='ltr'>spiritualia,</span> <span class='ocrx_word' id='word_1_94' title='bbox 1092 1154 1291 1193; x_wconf 92' lang='lat' dir='ltr'>quorum</span> <span class='ocrx_word' id='word_1_95' title='bbox 1311 1143 1429 1183; x_wconf 88' lang='lat' dir='ltr'>alter</span> <span class='ocrx_word' id='word_1_96' title='bbox 1444 1142 1710 1183; x_wconf 82' lang='lat' dir='ltr'>monachali</span> <span class='ocrx_word' id='word_1_97' title='bbox 1727 1155 1776 1183; x_wconf 91' lang='lat' dir='ltr'>se</span> <span class='ocrx_word' id='word_1_98' title='bbox 1793 1145 1987 1195; x_wconf 89' lang='lat' dir='ltr'>regulae</span> 
     </span>
     <span class='ocr_line' id='line_1_14' title="bbox 344 1212 1984 1263; baseline 0.002 -12"><span class='ocrx_word' id='word_1_99' title='bbox 344 1212 736 1252; x_wconf 89' lang='lat' dir='ltr'>discalceatorum</span> <span class='ocrx_word' id='word_1_100' title='bbox 770 1213 982 1263; x_wconf 89' lang='lat' dir='ltr'>tradidit,</span> <span class='ocrx_word' id='word_1_101' title='bbox 1021 1214 1140 1253; x_wconf 90' lang='lat' dir='ltr'>alter</span> <span class='ocrx_word' id='word_1_102' title='bbox 1173 1225 1288 1253; x_wconf 88' lang='lat' dir='ltr'>vero</span> <span class='ocrx_word' id='word_1_103' title='bbox 1327 1214 1565 1254; x_wconf 87' lang='lat' dir='ltr'>mirabiles</span> <span class='ocrx_word' id='word_1_104' title='bbox 1599 1214 1709 1254; x_wconf 86' lang='lat' dir='ltr'>fecit</span> <span class='ocrx_word' id='word_1_105' title='bbox 1744 1214 1790 1254; x_wconf 92' lang='lat' dir='ltr'>in</span> <span class='ocrx_word' id='word_1_106' title='bbox 1825 1215 1984 1255; x_wconf 89' lang='lat' dir='ltr'>divino</span> 
     </span>
     <span class='ocr_line' id='line_1_15' title="bbox 343 1284 786 1335; baseline -0.002 -12"><span class='ocrx_word' id='word_1_107' title='bbox 343 1284 469 1324; x_wconf 91' lang='lat' dir='ltr'>cultu</span> <span class='ocrx_word' id='word_1_108' title='bbox 490 1295 786 1335; x_wconf 90' lang='lat' dir='ltr'>progressus.</span> 
     </span>
    </p>

    <p class='ocr_par' dir='ltr' id='par_1_4' title="bbox 336 1355 1988 1694">
     <span class='ocr_line' id='line_1_16' title="bbox 423 1355 1986 1408; baseline 0.001 -12"><span class='ocrx_word' id='word_1_109' title='bbox 423 1355 710 1396; x_wconf 82' lang='lat' dir='ltr'>Confessarii</span> <span class='ocrx_word' id='word_1_110' title='bbox 732 1361 889 1395; x_wconf 88' lang='lat' dir='ltr'>autem</span> <span class='ocrx_word' id='word_1_111' title='bbox 909 1356 1125 1396; x_wconf 87' lang='lat' dir='ltr'>laborant</span> <span class='ocrx_word' id='word_1_112' title='bbox 1145 1368 1239 1396; x_wconf 92' lang='lat' dir='ltr'>non</span> <span class='ocrx_word' id='word_1_113' title='bbox 1259 1368 1426 1408; x_wconf 88' lang='lat' dir='ltr'>parum</span> <span class='ocrx_word' id='word_1_114' title='bbox 1446 1368 1673 1408; x_wconf 93' lang='lat' dir='ltr'>suumque</span> <span class='ocrx_word' id='word_1_115' title='bbox 1696 1368 1863 1397; x_wconf 92' lang='lat' dir='ltr'>munus</span> <span class='ocrx_word' id='word_1_116' title='bbox 1880 1369 1986 1397; x_wconf 86' lang='lat' dir='ltr'>cum</span> 
     </span>
     <span class='ocr_line' id='line_1_17' title="bbox 342 1426 1988 1479; baseline 0.001 -13"><span class='ocrx_word' id='word_1_117' title='bbox 342 1438 437 1466; x_wconf 91' lang='lat' dir='ltr'>non</span> <span class='ocrx_word' id='word_1_118' title='bbox 458 1427 685 1467; x_wconf 91' lang='lat' dir='ltr'>mediocri</span> <span class='ocrx_word' id='word_1_119' title='bbox 706 1426 1029 1467; x_wconf 88' lang='lat' dir='ltr'>aedificatione</span> <span class='ocrx_word' id='word_1_120' title='bbox 1050 1428 1294 1479; x_wconf 88' lang='lat' dir='ltr'>praeclare</span> <span class='ocrx_word' id='word_1_121' title='bbox 1315 1434 1623 1479; x_wconf 76' lang='lat' dir='ltr'>exequuntur3</span> <span class='ocrx_word' id='word_1_122' title='bbox 1648 1440 1846 1479; x_wconf 91' lang='lat' dir='ltr'>quorum</span> <span class='ocrx_word' id='word_1_123' title='bbox 1867 1440 1988 1468; x_wconf 91' lang='lat' dir='ltr'>unus</span> 
     </span>
     <span class='ocr_line' id='line_1_18' title="bbox 346 1498 1986 1551; baseline 0.001 -13"><span class='ocrx_word' id='word_1_124' title='bbox 346 1511 372 1538; x_wconf 82' lang='lat' dir='ltr'>a</span> <span class='ocrx_word' id='word_1_125' title='bbox 400 1498 543 1538; x_wconf 86' lang='lat' dir='ltr'>divite</span> <span class='ocrx_word' id='word_1_126' title='bbox 573 1498 797 1550; x_wconf 87' lang='lat' dir='ltr'>quodam,</span> <span class='ocrx_word' id='word_1_127' title='bbox 828 1504 877 1538; x_wconf 90' lang='lat' dir='ltr'>ut</span> <span class='ocrx_word' id='word_1_128' title='bbox 904 1499 1084 1539; x_wconf 93' lang='lat' dir='ltr'>duobus</span> <span class='ocrx_word' id='word_1_129' title='bbox 1117 1499 1402 1550; x_wconf 80' lang='lat' dir='ltr'>pauperibus</span> <span class='ocrx_word' id='word_1_130' title='bbox 1430 1506 1618 1540; x_wconf 90' lang='lat' dir='ltr'>centum</span> <span class='ocrx_word' id='word_1_131' title='bbox 1646 1500 1986 1551; x_wconf 80' lang='lat' dir='ltr'>quinquaginta</span> 
     </span>
     <span class='ocr_line' id='line_1_19' title="bbox 336 1569 1987 1623; baseline 0.001 -14"><span class='ocrx_word' id='word_1_132' title='bbox 336 1581 593 1623; x_wconf 37' lang='lat' dir='ltr'>‘aureorum</span> <span class='ocrx_word' id='word_1_133' title='bbox 629 1581 861 1609; x_wconf 85' lang='lat' dir='ltr'>summam</span> <span class='ocrx_word' id='word_1_134' title='bbox 891 1569 1158 1620; x_wconf 89' lang='lat' dir='ltr'>dimitteret,</span> <span class='ocrx_word' id='word_1_135' title='bbox 1193 1570 1479 1621; x_wconf 84' lang='lat' dir='ltr'>impetravit;</span> <span class='ocrx_word' id='word_1_136' title='bbox 1516 1582 1610 1611; x_wconf 91' lang='lat' dir='ltr'>non</span> <span class='ocrx_word' id='word_1_137' title='bbox 1641 1583 1809 1622; x_wconf 88' lang='lat' dir='ltr'>parum</span> <span class='ocrx_word' id='word_1_138' title='bbox 1844 1571 1987 1611; x_wconf 84' lang='lat' dir='ltr'>etiam</span> 
     </span>
     <span class='ocr_line' id='line_1_20' title="bbox 343 1641 1982 1694; baseline 0.002 -14"><span class='ocrx_word' id='word_1_139' title='bbox 343 1641 548 1680; x_wconf 80' lang='lat' dir='ltr'>externis</span> <span class='ocrx_word' id='word_1_140' title='bbox 566 1641 877 1692; x_wconf 84' lang='lat' dir='ltr'>scholasticis,</span> <span class='ocrx_word' id='word_1_141' title='bbox 892 1641 971 1693; x_wconf 93' lang='lat' dir='ltr'>qui</span> <span class='ocrx_word' id='word_1_142' title='bbox 985 1641 1181 1692; x_wconf 89' lang='lat' dir='ltr'>singulis</span> <span class='ocrx_word' id='word_1_143' title='bbox 1198 1642 1435 1682; x_wconf 86' lang='lat' dir='ltr'>mensibus</span> <span class='ocrx_word' id='word_1_144' title='bbox 1453 1642 1746 1691; x_wconf 83' lang='lat' dir='ltr'>confitentur,</span> <span class='ocrx_word' id='word_1_145' title='bbox 1766 1651 1982 1694; x_wconf 90' lang='lat' dir='ltr'>prosunt.</span> 
     </span>
    </p>

    <p class='ocr_par' dir='ltr' id='par_1_5' title="bbox 343 1711 1991 2392">
     <span class='ocr_line' id='line_1_21' title="bbox 421 1711 1984 1764; baseline 0.002 -13"><span class='ocrx_word' id='word_1_146' title='bbox 421 1712 567 1751; x_wconf 89' lang='lat' dir='ltr'>Multa</span> <span class='ocrx_word' id='word_1_147' title='bbox 588 1712 789 1763; x_wconf 90' lang='lat' dir='ltr'>quidem,</span> <span class='ocrx_word' id='word_1_148' title='bbox 814 1724 933 1764; x_wconf 91' lang='lat' dir='ltr'>quae</span> <span class='ocrx_word' id='word_1_149' title='bbox 951 1711 1009 1752; x_wconf 86' lang='lat' dir='ltr'>ad</span> <span class='ocrx_word' id='word_1_150' title='bbox 1027 1711 1116 1753; x_wconf 92' lang='lat' dir='ltr'>Dei</span> <span class='ocrx_word' id='word_1_151' title='bbox 1132 1713 1280 1753; x_wconf 88' lang='lat' dir='ltr'>nostri</span> <span class='ocrx_word' id='word_1_152' title='bbox 1299 1713 1500 1764; x_wconf 81' lang='lat' dir='ltr'>gloriam</span> <span class='ocrx_word' id='word_1_153' title='bbox 1517 1713 1765 1764; x_wconf 90' lang='lat' dir='ltr'>pertinent,</span> <span class='ocrx_word' id='word_1_154' title='bbox 1785 1714 1832 1754; x_wconf 90' lang='lat' dir='ltr'>in</span> <span class='ocrx_word' id='word_1_155' title='bbox 1853 1714 1984 1754; x_wconf 87' lang='lat' dir='ltr'>India</span> 
     </span>
     <span class='ocr_line' id='line_1_22' title="bbox 343 1784 1985 1834; baseline 0.002 -12"><span class='ocrx_word' id='word_1_156' title='bbox 343 1790 480 1833; x_wconf 88' lang='lat' dir='ltr'>gesta</span> <span class='ocrx_word' id='word_1_157' title='bbox 502 1784 831 1834; x_wconf 78' lang='lat' dir='ltr'>cognovimus3</span> <span class='ocrx_word' id='word_1_158' title='bbox 856 1796 949 1824; x_wconf 89' lang='lat' dir='ltr'>una</span> <span class='ocrx_word' id='word_1_159' title='bbox 971 1789 1127 1824; x_wconf 83' lang='lat' dir='ltr'>autem</span> <span class='ocrx_word' id='word_1_160' title='bbox 1153 1796 1259 1824; x_wconf 91' lang='lat' dir='ltr'>cum</span> <span class='ocrx_word' id='word_1_161' title='bbox 1280 1785 1369 1824; x_wconf 87' lang='lat' dir='ltr'>hac</span> <span class='ocrx_word' id='word_1_162' title='bbox 1391 1785 1607 1825; x_wconf 82' lang='lat' dir='ltr'>indianas</span> <span class='ocrx_word' id='word_1_163' title='bbox 1629 1785 1809 1825; x_wconf 88' lang='lat' dir='ltr'>litteras</span> <span class='ocrx_word' id='word_1_164' title='bbox 1832 1784 1888 1825; x_wconf 88' lang='lat' dir='ltr'>de</span> <span class='ocrx_word' id='word_1_165' title='bbox 1910 1785 1985 1825; x_wconf 87' lang='lat' dir='ltr'>his</span> 
     </span>
     <span class='ocr_line' id='line_1_23' title="bbox 344 1855 1991 1907; baseline 0.002 -13"><span class='ocrx_word' id='word_1_166' title='bbox 344 1860 540 1904; x_wconf 88' lang='lat' dir='ltr'>agentes</span> <span class='ocrx_word' id='word_1_167' title='bbox 570 1855 815 1905; x_wconf 81' lang='lat' dir='ltr'>mittimus3</span> <span class='ocrx_word' id='word_1_168' title='bbox 846 1856 1095 1895; x_wconf 88' lang='lat' dir='ltr'>nonnullas</span> <span class='ocrx_word' id='word_1_169' title='bbox 1125 1856 1287 1905; x_wconf 90' lang='lat' dir='ltr'>etiam,</span> <span class='ocrx_word' id='word_1_170' title='bbox 1319 1868 1438 1907; x_wconf 92' lang='lat' dir='ltr'>quae</span> <span class='ocrx_word' id='word_1_171' title='bbox 1467 1856 1525 1896; x_wconf 88' lang='lat' dir='ltr'>ad</span> <span class='ocrx_word' id='word_1_172' title='bbox 1552 1856 1606 1896; x_wconf 84' lang='lat' dir='ltr'>R.</span> <span class='ocrx_word' id='word_1_173' title='bbox 1630 1857 1682 1896; x_wconf 90' lang='lat' dir='ltr'>T.</span> <span class='ocrx_word' id='word_1_174' title='bbox 1707 1856 1754 1896; x_wconf 90' lang='grc' dir='ltr'>Ρ.</span> <span class='ocrx_word' id='word_1_175' title='bbox 1780 1857 1991 1907; x_wconf 86' lang='lat' dir='ltr'>scriptae</span> 
     </span>
     <span class='ocr_line' id='line_1_24' title="bbox 343 1925 1987 1978; baseline 0.001 -13"><span class='ocrx_word' id='word_1_176' title='bbox 343 1925 551 1976; x_wconf 86' lang='lat' dir='ltr'>fuerant,</span> <span class='ocrx_word' id='word_1_177' title='bbox 575 1937 692 1977; x_wconf 86' lang='lat' dir='ltr'>quas</span> <span class='ocrx_word' id='word_1_178' title='bbox 712 1926 821 1966; x_wconf 88' lang='lat' dir='ltr'>item</span> <span class='ocrx_word' id='word_1_179' title='bbox 843 1927 989 1966; x_wconf 90' lang='lat' dir='ltr'>latino</span> <span class='ocrx_word' id='word_1_180' title='bbox 1018 1938 1234 1966; x_wconf 90' lang='lat' dir='ltr'>sermone</span> <span class='ocrx_word' id='word_1_181' title='bbox 1262 1927 1568 1978; x_wconf 79' lang='lat' dir='ltr'>compositaS,</span> <span class='ocrx_word' id='word_1_182' title='bbox 1601 1928 1719 1967; x_wconf 89' lang='lat' dir='ltr'>alias</span> <span class='ocrx_word' id='word_1_183' title='bbox 1745 1928 1987 1967; x_wconf 86' lang='lat' dir='ltr'>transmit-</span> 
     </span>
     <span class='ocr_line' id='line_1_25' title="bbox 344 1997 1983 2049; baseline 0.001 -13"><span class='ocrx_word' id='word_1_184' title='bbox 344 2002 510 2047; x_wconf 88' lang='lat' dir='ltr'>temus;</span> <span class='ocrx_word' id='word_1_185' title='bbox 533 1997 801 2048; x_wconf 89' lang='lat' dir='ltr'>superiores</span> <span class='ocrx_word' id='word_1_186' title='bbox 822 2009 1044 2048; x_wconf 89' lang='lat' dir='ltr'>namque,</span> <span class='ocrx_word' id='word_1_187' title='bbox 1068 2008 1187 2048; x_wconf 88' lang='lat' dir='ltr'>quae</span> <span class='ocrx_word' id='word_1_188' title='bbox 1208 1997 1332 2037; x_wconf 89' lang='lat' dir='ltr'>intra</span> <span class='ocrx_word' id='word_1_189' title='bbox 1352 1998 1441 2037; x_wconf 91' lang='lat' dir='ltr'>hoc</span> <span class='ocrx_word' id='word_1_190' title='bbox 1470 2004 1699 2038; x_wconf 88' lang='lat' dir='ltr'>venerunt</span> <span class='ocrx_word' id='word_1_191' title='bbox 1721 1998 1983 2049; x_wconf 89' lang='lat' dir='ltr'>quadrime-</span> 
     </span>
     <span class='ocr_line' id='line_1_26' title="bbox 344 2067 1988 2120; baseline 0.001 -13"><span class='ocrx_word' id='word_1_192' title='bbox 344 2072 461 2117; x_wconf 85' lang='lat' dir='ltr'>stre,</span> <span class='ocrx_word' id='word_1_193' title='bbox 486 2067 533 2107; x_wconf 91' lang='lat' dir='ltr'>in</span> <span class='ocrx_word' id='word_1_194' title='bbox 553 2068 750 2108; x_wconf 87' lang='lat' dir='ltr'>latinum</span> <span class='ocrx_word' id='word_1_195' title='bbox 771 2079 939 2108; x_wconf 84' lang='lat' dir='ltr'>versae</span> <span class='ocrx_word' id='word_1_196' title='bbox 961 2079 1245 2118; x_wconf 89' lang='lat' dir='ltr'>sermonem,</span> <span class='ocrx_word' id='word_1_197' title='bbox 1271 2074 1369 2108; x_wconf 89' lang='lat' dir='ltr'>tum</span> <span class='ocrx_word' id='word_1_198' title='bbox 1390 2069 1531 2108; x_wconf 88' lang='lat' dir='ltr'>etiam</span> <span class='ocrx_word' id='word_1_199' title='bbox 1553 2069 1764 2120; x_wconf 87' lang='lat' dir='ltr'>hispane,</span> <span class='ocrx_word' id='word_1_200' title='bbox 1788 2069 1988 2109; x_wconf 86' lang='lat' dir='ltr'>Romam</span> 
     </span>
     <span class='ocr_line' id='line_1_27' title="bbox 345 2139 1987 2193; baseline 0.001 -15"><span class='ocrx_word' id='word_1_201' title='bbox 345 2139 517 2178; x_wconf 90' lang='lat' dir='ltr'>missae</span> <span class='ocrx_word' id='word_1_202' title='bbox 547 2145 674 2189; x_wconf 81' lang='lat' dir='ltr'>sunt3</span> <span class='ocrx_word' id='word_1_203' title='bbox 699 2151 898 2190; x_wconf 87' lang='lat' dir='ltr'>quarum</span> <span class='ocrx_word' id='word_1_204' title='bbox 928 2139 1076 2178; x_wconf 90' lang='lat' dir='ltr'>altera</span> <span class='ocrx_word' id='word_1_205' title='bbox 1110 2139 1158 2179; x_wconf 84' lang='lat' dir='ltr'>P.</span> <span class='ocrx_word' id='word_1_206' title='bbox 1190 2139 1454 2187; x_wconf 88' lang='lat' dir='ltr'>Francisci,</span> <span class='ocrx_word' id='word_1_207' title='bbox 1485 2140 1632 2179; x_wconf 84' lang='lat' dir='ltr'>altera</span> <span class='ocrx_word' id='word_1_208' title='bbox 1659 2140 1855 2193; x_wconf 86' lang='lat' dir='ltr'>Joannis</span> <span class='ocrx_word' id='word_1_209' title='bbox 1882 2141 1987 2180; x_wconf 86' lang='lat' dir='ltr'>Fer-</span> 
     </span>
     <span class='ocr_line' id='line_1_28' title="bbox 346 2208 1989 2262; baseline 0.002 -14"><span class='ocrx_word' id='word_1_210' title='bbox 346 2208 549 2260; x_wconf 84' lang='lat' dir='ltr'>nandez,</span> <span class='ocrx_word' id='word_1_211' title='bbox 573 2210 710 2249; x_wconf 89' lang='lat' dir='ltr'>tertia</span> <span class='ocrx_word' id='word_1_212' title='bbox 733 2221 846 2249; x_wconf 86' lang='lat' dir='ltr'>vero</span> <span class='ocrx_word' id='word_1_213' title='bbox 878 2209 928 2250; x_wconf 89' lang='grc' dir='ltr'>Ρ.</span> <span class='ocrx_word' id='word_1_214' title='bbox 952 2209 1144 2249; x_wconf 91' lang='lat' dir='ltr'>Henrici</span> <span class='ocrx_word' id='word_1_215' title='bbox 1171 2210 1405 2261; x_wconf 81' lang='lat' dir='ltr'>Enriquez</span> <span class='ocrx_word' id='word_1_216' title='bbox 1425 2216 1548 2261; x_wconf 75' lang='lat' dir='ltr'>erat,</span> <span class='ocrx_word' id='word_1_217' title='bbox 1579 2223 1699 2262; x_wconf 82' lang='lat' dir='ltr'>quae</span> <span class='ocrx_word' id='word_1_218' title='bbox 1722 2222 1989 2252; x_wconf 70' lang='lat' dir='ltr'>vero‘nunc</span> 
     </span>
     <span class='ocr_line' id='line_1_29' title="bbox 347 2281 1986 2333; baseline 0.002 -13"><span class='ocrx_word' id='word_1_219' title='bbox 347 2281 608 2331; x_wconf 89' lang='lat' dir='ltr'>mittuntur,</span> <span class='ocrx_word' id='word_1_220' title='bbox 633 2281 875 2321; x_wconf 82' lang='lat' dir='ltr'>variorum</span> <span class='ocrx_word' id='word_1_221' title='bbox 896 2288 1023 2331; x_wconf 91' lang='lat' dir='ltr'>sunt,</span> <span class='ocrx_word' id='word_1_222' title='bbox 1047 2293 1141 2321; x_wconf 92' lang='lat' dir='ltr'>non</span> <span class='ocrx_word' id='word_1_223' title='bbox 1162 2281 1411 2321; x_wconf 89' lang='lat' dir='ltr'>mediocris</span> <span class='ocrx_word' id='word_1_224' title='bbox 1433 2281 1795 2333; x_wconf 81' lang='lat' dir='ltr'>aedificationis,</span> <span class='ocrx_word' id='word_1_225' title='bbox 1829 2291 1878 2323; x_wconf 92' lang='lat' dir='ltr'>ut</span> <span class='ocrx_word' id='word_1_226' title='bbox 1906 2290 1986 2323; x_wconf 89' lang='lat' dir='ltr'>tua</span> 
     </span>
     <span class='ocr_line' id='line_1_30' title="bbox 353 2352 962 2392; baseline 0 0"><span class='ocrx_word' id='word_1_227' title='bbox 353 2352 618 2392; x_wconf 83' lang='lat' dir='ltr'>Paternitas</span> <span class='ocrx_word' id='word_1_228' title='bbox 641 2353 767 2392; x_wconf 91' lang='lat' dir='ltr'>clare</span> <span class='ocrx_word' id='word_1_229' title='bbox 788 2358 962 2392; x_wconf 91' lang='lat' dir='ltr'>cernet.</span> 
     </span>
    </p>

    <p class='ocr_par' dir='ltr' id='par_1_6' title="bbox 345 2423 1993 2830">
     <span class='ocr_line' id='line_1_31' title="bbox 426 2423 1993 2476; baseline 0.002 -13"><span class='ocrx_word' id='word_1_230' title='bbox 426 2423 499 2463; x_wconf 85' lang='lat' dir='ltr'>Ex</span> <span class='ocrx_word' id='word_1_231' title='bbox 532 2423 806 2463; x_wconf 86' lang='lat' dir='ltr'>Brasiliensi</span> <span class='ocrx_word' id='word_1_232' title='bbox 841 2423 1034 2474; x_wconf 89' lang='lat' dir='ltr'>regione</span> <span class='ocrx_word' id='word_1_233' title='bbox 1069 2424 1320 2464; x_wconf 91' lang='lat' dir='ltr'>nonnullae</span> <span class='ocrx_word' id='word_1_234' title='bbox 1356 2430 1462 2464; x_wconf 91' lang='lat' dir='ltr'>sunt</span> <span class='ocrx_word' id='word_1_235' title='bbox 1496 2425 1712 2476; x_wconf 86' lang='lat' dir='ltr'>traditae,</span> <span class='ocrx_word' id='word_1_236' title='bbox 1750 2437 1870 2476; x_wconf 89' lang='lat' dir='ltr'>quae</span> <span class='ocrx_word' id='word_1_237' title='bbox 1904 2438 1993 2466; x_wconf 88' lang='lat' dir='ltr'>nos</span> 
     </span>
     <span class='ocr_line' id='line_1_32' title="bbox 347 2494 1988 2546; baseline 0.002 -13"><span class='ocrx_word' id='word_1_238' title='bbox 347 2500 503 2534; x_wconf 90' lang='lat' dir='ltr'>tamen</span> <span class='ocrx_word' id='word_1_239' title='bbox 525 2500 726 2546; x_wconf 89' lang='lat' dir='ltr'>septem,</span> <span class='ocrx_word' id='word_1_240' title='bbox 751 2494 829 2546; x_wconf 93' lang='lat' dir='ltr'>qui</span> <span class='ocrx_word' id='word_1_241' title='bbox 850 2494 941 2534; x_wconf 94' lang='lat' dir='ltr'>hoc</span> <span class='ocrx_word' id='word_1_242' title='bbox 962 2505 1085 2534; x_wconf 89' lang='lat' dir='ltr'>anno</span> <span class='ocrx_word' id='word_1_243' title='bbox 1107 2506 1161 2534; x_wconf 94' lang='lat' dir='ltr'>eo</span> <span class='ocrx_word' id='word_1_244' title='bbox 1189 2495 1396 2545; x_wconf 88' lang='lat' dir='ltr'>iverant,</span> <span class='ocrx_word' id='word_1_245' title='bbox 1420 2494 1618 2535; x_wconf 89' lang='lat' dir='ltr'>fratrum</span> <span class='ocrx_word' id='word_1_246' title='bbox 1640 2496 1872 2536; x_wconf 85' lang='lat' dir='ltr'>adventus</span> <span class='ocrx_word' id='word_1_247' title='bbox 1893 2508 1988 2537; x_wconf 89' lang='lat' dir='ltr'>cer-</span> 
     </span>
     <span class='ocr_line' id='line_1_33' title="bbox 345 2564 1990 2618; baseline 0.002 -14"><span class='ocrx_word' id='word_1_248' title='bbox 345 2565 489 2605; x_wconf 88' lang='lat' dir='ltr'>tiores</span> <span class='ocrx_word' id='word_1_249' title='bbox 516 2578 610 2605; x_wconf 92' lang='lat' dir='ltr'>non</span> <span class='ocrx_word' id='word_1_250' title='bbox 644 2565 838 2606; x_wconf 88' lang='lat' dir='ltr'>faciunt.</span> <span class='ocrx_word' id='word_1_251' title='bbox 870 2564 1133 2605; x_wconf 89' lang='lat' dir='ltr'>Nonnullae</span> <span class='ocrx_word' id='word_1_252' title='bbox 1163 2572 1290 2610; x_wconf 84' lang='lat' dir='ltr'>sunt.</span> <span class='ocrx_word' id='word_1_253' title='bbox 1321 2577 1442 2617; x_wconf 90' lang='lat' dir='ltr'>quae</span> <span class='ocrx_word' id='word_1_254' title='bbox 1470 2578 1545 2606; x_wconf 88' lang='lat' dir='ltr'>res</span> <span class='ocrx_word' id='word_1_255' title='bbox 1577 2567 1622 2607; x_wconf 91' lang='lat' dir='ltr'>in</span> <span class='ocrx_word' id='word_1_256' title='bbox 1644 2567 1809 2607; x_wconf 89' lang='lat' dir='ltr'>eadem</span> <span class='ocrx_word' id='word_1_257' title='bbox 1829 2573 1990 2618; x_wconf 88' lang='lat' dir='ltr'>gestas</span> 
     </span>
     <span class='ocr_line' id='line_1_34' title="bbox 346 2637 1990 2690; baseline 0.002 -14"><span class='ocrx_word' id='word_1_258' title='bbox 346 2637 590 2687; x_wconf 83' lang='lat' dir='ltr'>provincia</span> <span class='ocrx_word' id='word_1_259' title='bbox 607 2642 817 2688; x_wconf 90' lang='lat' dir='ltr'>narrant,</span> <span class='ocrx_word' id='word_1_260' title='bbox 843 2648 960 2688; x_wconf 88' lang='lat' dir='ltr'>quas</span> <span class='ocrx_word' id='word_1_261' title='bbox 980 2642 1152 2686; x_wconf 86' lang='lat' dir='ltr'>tamen,</span> <span class='ocrx_word' id='word_1_262' title='bbox 1178 2649 1283 2677; x_wconf 92' lang='lat' dir='ltr'>cum</span> <span class='ocrx_word' id='word_1_263' title='bbox 1304 2649 1471 2688; x_wconf 91' lang='lat' dir='ltr'>parum</span> <span class='ocrx_word' id='word_1_264' title='bbox 1493 2638 1646 2678; x_wconf 85' lang='lat' dir='ltr'>adhuc</span> <span class='ocrx_word' id='word_1_265' title='bbox 1668 2639 1907 2690; x_wconf 90' lang='lat' dir='ltr'>temporis,</span> <span class='ocrx_word' id='word_1_266' title='bbox 1932 2652 1990 2679; x_wconf 83' lang='lat' dir='ltr'>ex</span> 
     </span>
     <span class='ocr_line' id='line_1_35' title="bbox 347 2707 1993 2760; baseline 0.001 -12"><span class='ocrx_word' id='word_1_267' title='bbox 347 2719 438 2758; x_wconf 88' lang='lat' dir='ltr'>quo</span> <span class='ocrx_word' id='word_1_268' title='bbox 461 2709 785 2759; x_wconf 87' lang='lat' dir='ltr'>pervenerint,</span> <span class='ocrx_word' id='word_1_269' title='bbox 810 2708 888 2758; x_wconf 91' lang='lat' dir='ltr'>sit,</span> <span class='ocrx_word' id='word_1_270' title='bbox 918 2719 1012 2747; x_wconf 88' lang='lat' dir='ltr'>non</span> <span class='ocrx_word' id='word_1_271' title='bbox 1039 2708 1437 2759; x_wconf 86' lang='lat' dir='ltr'>transcripsimus.</span> <span class='ocrx_word' id='word_1_272' title='bbox 1473 2707 1588 2748; x_wconf 84' lang='lat' dir='ltr'>Sunt</span> <span class='ocrx_word' id='word_1_273' title='bbox 1617 2709 1758 2748; x_wconf 87' lang='lat' dir='ltr'>etiam</span> <span class='ocrx_word' id='word_1_274' title='bbox 1788 2721 1993 2760; x_wconf 84' lang='lat' dir='ltr'>magnae</span> 
     </span>
     <span class='ocr_line' id='line_1_36' title="bbox 347 2778 1985 2830; baseline 0.001 -13"><span class='ocrx_word' id='word_1_275' title='bbox 347 2778 699 2819; x_wconf 86' lang='lat' dir='ltr'>aedificationis.</span> <span class='ocrx_word' id='word_1_276' title='bbox 722 2778 850 2830; x_wconf 85' lang='lat' dir='ltr'>Quas</span> <span class='ocrx_word' id='word_1_277' title='bbox 868 2790 1028 2819; x_wconf 93' lang='lat' dir='ltr'>omnes</span> <span class='ocrx_word' id='word_1_278' title='bbox 1043 2779 1190 2829; x_wconf 83' lang='lat' dir='ltr'>brevi,</span> <span class='ocrx_word' id='word_1_279' title='bbox 1210 2778 1312 2819; x_wconf 92' lang='lat' dir='ltr'>Deo</span> <span class='ocrx_word' id='word_1_280' title='bbox 1331 2780 1578 2830; x_wconf 88' lang='lat' dir='ltr'>tribuente,</span> <span class='ocrx_word' id='word_1_281' title='bbox 1599 2780 1985 2821; x_wconf 86' lang='lat' dir='ltr'>transmittemus.</span> 
     </span>
    </p>

    <p class='ocr_par' dir='ltr' id='par_1_7' title="bbox 345 2849 1992 3114">
     <span class='ocr_line' id='line_1_37' title="bbox 429 2849 1992 2902; baseline 0.001 -12"><span class='ocrx_word' id='word_1_282' title='bbox 429 2849 620 2890; x_wconf 87' lang='lat' dir='ltr'>Africae</span> <span class='ocrx_word' id='word_1_283' title='bbox 655 2851 702 2890; x_wconf 91' lang='lat' dir='ltr'>in</span> <span class='ocrx_word' id='word_1_284' title='bbox 737 2850 907 2902; x_wconf 90' lang='lat' dir='ltr'>oppido</span> <span class='ocrx_word' id='word_1_285' title='bbox 942 2849 1144 2890; x_wconf 88' lang='lat' dir='ltr'>Tutuam</span> <span class='ocrx_word' id='word_1_286' title='bbox 1178 2851 1324 2890; x_wconf 91' lang='lat' dir='ltr'>multa</span> <span class='ocrx_word' id='word_1_287' title='bbox 1360 2862 1387 2890; x_wconf 89' lang='lat' dir='ltr'>a</span> <span class='ocrx_word' id='word_1_288' title='bbox 1422 2849 1524 2890; x_wconf 88' lang='lat' dir='ltr'>Deo</span> <span class='ocrx_word' id='word_1_289' title='bbox 1561 2850 1666 2902; x_wconf 90' lang='lat' dir='ltr'>Opt.</span> <span class='ocrx_word' id='word_1_290' title='bbox 1693 2851 1818 2891; x_wconf 83' lang='lat' dir='ltr'>Max.</span> <span class='ocrx_word' id='word_1_291' title='bbox 1854 2858 1992 2902; x_wconf 85' lang='lat' dir='ltr'>gesta</span> 
     </span>
     <span class='ocr_line' id='line_1_38' title="bbox 348 2919 1988 2972; baseline 0.002 -13"><span class='ocrx_word' id='word_1_292' title='bbox 348 2919 397 2959; x_wconf 86' lang='lat' dir='ltr'>P.</span> <span class='ocrx_word' id='word_1_293' title='bbox 421 2920 619 2972; x_wconf 84' lang='lat' dir='ltr'>Joannis</span> <span class='ocrx_word' id='word_1_294' title='bbox 639 2921 801 2961; x_wconf 77' lang='lat' dir='ltr'>Nunez</span> <span class='ocrx_word' id='word_1_295' title='bbox 824 2926 869 2961; x_wconf 93' lang='lat' dir='ltr'>et</span> <span class='ocrx_word' id='word_1_296' title='bbox 890 2921 1007 2960; x_wconf 92' lang='lat' dir='ltr'>socii</span> <span class='ocrx_word' id='word_1_297' title='bbox 1028 2920 1198 2971; x_wconf 89' lang='lat' dir='ltr'>Ignatii</span> <span class='ocrx_word' id='word_1_298' title='bbox 1220 2921 1480 2961; x_wconf 89' lang='lat' dir='ltr'>ministerio</span> <span class='ocrx_word' id='word_1_299' title='bbox 1502 2922 1789 2972; x_wconf 85' lang='lat' dir='ltr'>nuntiantur;</span> <span class='ocrx_word' id='word_1_300' title='bbox 1815 2923 1988 2962; x_wconf 89' lang='lat' dir='ltr'>multos</span> 
     </span>
     <span class='ocr_line' id='line_1_39' title="bbox 347 2991 1988 3043; baseline 0.002 -13"><span class='ocrx_word' id='word_1_301' title='bbox 347 2991 472 3030; x_wconf 90' lang='lat' dir='ltr'>enim</span> <span class='ocrx_word' id='word_1_302' title='bbox 493 2992 701 3042; x_wconf 88' lang='lat' dir='ltr'>quotidie</span> <span class='ocrx_word' id='word_1_303' title='bbox 723 2992 938 3043; x_wconf 87' lang='lat' dir='ltr'>captivos</span> <span class='ocrx_word' id='word_1_304' title='bbox 958 2991 1158 3042; x_wconf 88' lang='lat' dir='ltr'>redimit,</span> <span class='ocrx_word' id='word_1_305' title='bbox 1183 2992 1378 3032; x_wconf 91' lang='lat' dir='ltr'>multum</span> <span class='ocrx_word' id='word_1_306' title='bbox 1397 2991 1570 3032; x_wconf 91' lang='lat' dir='ltr'>Christi</span> <span class='ocrx_word' id='word_1_307' title='bbox 1587 2994 1788 3033; x_wconf 82' lang='lat' dir='ltr'>cultores</span> <span class='ocrx_word' id='word_1_308' title='bbox 1811 3005 1988 3040; x_wconf 78' lang='lat' dir='ltr'>omneS,</span> 
     </span>
     <span class='ocr_line' id='line_1_40' title="bbox 345 3061 1988 3114; baseline 0.001 -13"><span class='ocrx_word' id='word_1_309' title='bbox 345 3061 424 3112; x_wconf 88' lang='lat' dir='ltr'>qui</span> <span class='ocrx_word' id='word_1_310' title='bbox 465 3062 511 3102; x_wconf 89' lang='lat' dir='ltr'>in</span> <span class='ocrx_word' id='word_1_311' title='bbox 555 3063 645 3103; x_wconf 92' lang='lat' dir='ltr'>illis</span> <span class='ocrx_word' id='word_1_312' title='bbox 692 3062 945 3103; x_wconf 88' lang='lat' dir='ltr'>infidelium</span> <span class='ocrx_word' id='word_1_313' title='bbox 989 3062 1201 3114; x_wconf 89' lang='lat' dir='ltr'>partibus</span> <span class='ocrx_word' id='word_1_314' title='bbox 1241 3068 1511 3114; x_wconf 88' lang='lat' dir='ltr'>versantur,</span> <span class='ocrx_word' id='word_1_315' title='bbox 1555 3065 1845 3114; x_wconf 81' lang='lat' dir='ltr'>consolatur3</span> <span class='ocrx_word' id='word_1_316' title='bbox 1888 3070 1988 3104; x_wconf 86' lang='lat' dir='ltr'>tum</span> 
     </span>
    </p>
   </div>
  </div>
 </body>
</html>
