2168 3437
357 303 427 340 570
875 300 1104 338 LITTERAE
1131 311 1489 344 QUADRIMESTRES

358 401 497 441 sortis
517 399 563 439 in
585 398 794 449 Collegio
817 404 979 438 nostro
1002 410 1243 450 exercere,
1268 405 1494 451 tanquam
1519 411 1639 440 unus
1667 412 1725 440 ex
1753 400 1995 452 fratribus,

359 471 561 511 deberet.
586 469 783 509 Factum
804 469 997 511 tandem
1016 469 1103 510 fuit
1123 470 1188 510 illi
1208 470 1343 521 satis,
1368 471 1455 510 etsi
1476 471 1708 511 admissus
1729 482 1823 511 non
1853 471 1996 512 fuerit

357 542 506 580 bonae
537 540 636 592 spei
665 540 963 591 adolescens,
1000 541 1078 592 qui
1112 541 1328 592 quamvis
1362 542 1599 593 repulsam
1635 553 1805 593 passus
1839 541 1995 593 fuerit,

357 622 540 662 semper
561 616 719 651 tamen
741 611 864 662 apud
885 622 971 651 nos
993 611 1244 651 conciones
1265 612 1446 662 audire,
1472 612 1682 652 confiteri
1709 612 1992 664 frequenter,

357 687 401 721 et
422 681 717 721 convictibus
739 682 966 722 interesse
989 682 1192 722 assiduis
1212 694 1297 734 pro
1318 683 1444 723 Virili
1464 683 1661 723 laborat.
1914 738 1916 741 v

437 751 572 803 Quod
592 758 751 792 tamen
771 753 939 792 attinet
970 752 1029 792 ad
1055 753 1318 807 litterarum
1343 753 1523 803 ludum,
1553 753 1719 794 Patres
1749 765 1911 794 omnes
1940 766 1995 794 ac

356 823 527 863 fratres
548 823 718 863 litteris
740 814 1212 875 quidem‘invigilant,
1232 824 1313 864 sed
1333 823 1634 864 nihilominus
1655 824 1850 875 Collegii
1872 825 1994 865 aedi-

357 894 461 934 ficio
483 895 693 934 vicissim
716 906 908 946 operam
930 895 1228 946 impendunt,
1253 901 1393 947 atque
1414 896 1671 936 domestica
1691 907 1886 936 munera
1907 897 1997 936 sin-

357 965 479 1016 gulis
501 966 756 1006 commissa
779 966 951 1006 obeunt
972 966 1148 1005 sedulo.

438 1036 613 1076 Omnes
630 1049 716 1077 nos
733 1037 948 1077 Christus
965 1036 1167 1088 optimus
1184 1038 1418 1077 maximus
1429 1037 1716 1078 Paternitate
1733 1044 1812 1077 tua
1830 1038 1999 1089 dignos

358 1106 526 1147 efficiat
547 1107 681 1158 filios,
701 1107 872 1159 Teque,
892 1107 1032 1147 Pater
1049 1107 1392 1159 probatissime,
1412 1108 1498 1148 sibi
1515 1107 1593 1148 diu
1614 1108 1845 1160 sospitare
1868 1109 1995 1148 velit.

439 1178 743 1230 Methymnae
764 1191 846 1218 vm
868 1179 954 1217 cal.
978 1177 1224 1218 Februarii
1244 1178 1440 1219 MDLIII
1463 1178 1488 1219 ¹.

438 1249 744 1290 Paternitatis
766 1249 895 1289 Tuae
916 1248 1137 1299 indignus

438 1321 751 1373 minimusque
770 1320 911 1371 filius,

1279 1468 1307 1513 †
1334 1466 1538 1519 JACOBUs
1568 1466 1754 1506 DURAN.

416 1625 426 1645 ¹
466 1625 530 1652 Hic
546 1628 626 1652 ante
642 1625 786 1652 nominis
802 1625 1095 1660 subscriptionem,
1112 1626 1166 1661 qui
1182 1625 1319 1654 litteras
1332 1627 1538 1661 emendavit,
1551 1627 1729 1660 sequentia
1743 1627 1868 1661 adjecit
1880 1627 2000 1654 verba—

360 1673 457 1700 Haec
472 1673 592 1699 omnia
609 1674 671 1706 (ea,
692 1680 834 1707 quorum
855 1673 1074 1707 praecedenti
1091 1674 1313 1702 annotatione
1333 1674 1558 1707 meminimus)
1580 1675 1858 1708 interponantur
1878 1674 1915 1701 in
1931 1674 1998 1708 epi:

358 1720 450 1747 stola
465 1720 497 1747 B
518 1722 601 1747 ante
627 1720 718 1747 illud
740 1720 886 1754 signum
902 1720 1049 1755 Vpost
1070 1721 1133 1749 illa
1155 1722 1263 1749 verba
1285 1721 1499 1749 Intellexisse
1523 1726 1575 1756 te,
1598 1721 1634 1749 P.
1651 1723 1780 1755 obs.me,
1800 1721 2001 1749 arbitror.—

358 1768 518 1802 Epistola
533 1772 650 1796 autem
664 1768 691 1795 B
707 1775 747 1795 ea
763 1771 823 1801 est,
840 1776 941 1803 quam
957 1776 1061 1804 supra
1076 1770 1147 1797 sub.
1164 1778 1194 1796 n.
1212 1777 1319 1804 ccmv,
1336 1777 1416 1804 pag.
1428 1769 1491 1804 430,
1505 1769 1681 1797 edidimus.
