2168 3437
377 263 446 300 162
889 261 1116 299 LITTERAE
1143 273 1501 306 QUADRlleSTRES

449 359 649 411 Quidam
687 359 880 400 Maurus
920 360 1123 412 quinque
1162 360 1236 400 hic
1275 360 1415 401 habet
1454 361 1766 413 christianos,
1811 368 2013 415 quatuor

367 432 567 472 tenellae
589 431 756 471 aetatis
776 431 976 482 puellas,
1000 443 1120 483 quae
1142 431 1189 471 in
1209 431 1416 472 maximo
1446 438 1697 473 versantur
1724 433 2008 485 discrimine,

366 514 568 554 quarum
601 513 695 542 una
731 514 881 542 annos
912 508 1017 542 octo
1047 503 1125 543 vel
1153 514 1325 543 novem
1351 509 1483 555 nata,
1514 504 1707 555 egregia
1737 504 1887 545 forma
1923 511 2008 554 est,

368 586 488 626 quae
509 574 588 614 ubi
608 574 891 623 adoleverit,
925 573 1119 615 minoris
1148 586 1290 626 quam
1320 580 1508 615 centum
1535 576 1690 616 aureis
1718 582 1797 617 aut
1827 577 1930 628 plus
1958 589 2012 617 eo

366 657 460 686 non
497 651 690 685 emetur.
726 645 784 685 Et
814 645 904 686 hoc
935 646 1121 698 quidem
1151 646 1242 686 nisi
1269 658 1295 686 a
1326 646 1480 686 Mauri
1505 646 1598 687 filio
1625 647 1672 687 in
1701 647 2012 688 concubinam

365 722 552 768 sumpta
573 716 849 768 religionem
870 717 1178 758 christianam
1207 718 1425 758 abiurare
1446 724 1658 769 cogatur,
1683 719 1807 770 quod
1828 719 1886 759 ab
1907 719 2012 760 aliis

364 788 522 828 multis
543 787 643 828 fieri
666 788 852 828 dicitur.
877 788 1052 829 Omnes
1073 789 1377 841 septuagenis
1407 789 1454 829 in
1482 789 1692 841 singulas
1714 790 1868 830 aureis
1894 791 2012 831 redi-

364 866 563 900 mentur.
588 859 676 900 Per
700 865 744 900 te
768 858 778 878 ¹
808 858 962 900 Deum
992 860 1304 900 immortalem
1336 872 1419 900 oro
1446 872 1501 901 ac
1529 860 1723 901 obsecro
1751 867 1800 901 ut
1829 862 1915 902 hos
1941 873 2010 902 re-

362 931 577 982 demptos
598 931 739 982 velis,
771 931 1001 983 simulque
1030 931 1410 982 necessitatibus,
1440 931 1608 983 quibus
1637 932 1814 984 passim
1848 933 1905 973 ob
1935 944 2008 974 ca-

362 1002 541 1054 ptivos,
567 1014 682 1054 quos
702 1014 874 1054 aegros
897 1008 941 1042 et
963 1003 1010 1042 in
1032 1014 1224 1043 carcere
1245 1009 1289 1043 et
1322 1003 1368 1042 in
1396 1002 1510 1043 aede
1539 1003 1913 1055 misericordiae,
1946 1005 2006 1044 ad

362 1073 409 1114 id
424 1085 507 1125 per
524 1085 596 1114 me
613 1074 840 1125 instituta,
865 1074 1031 1125 habeo,
1055 1074 1358 1114 vehementer
1380 1075 1633 1126 opprimor,
1655 1075 1846 1127 aliquot,
1867 1087 2007 1128 quam

363 1145 589 1185 citissime
611 1145 820 1197 potueris
836 1175 845 1193 ,
869 1145 1179 1196 eleemosynis
1200 1145 1470 1186 subvenias.
1495 1146 1630 1186 Vale.

1117 1574 1244 1628 CCI

433 1785 478 1822 P.
500 1784 756 1823 Everardus
776 1785 1086 1823 Mercurianus

478 1850 600 1888 Patri
618 1851 789 1898 Ignatio
810 1850 863 1888 de
882 1851 1069 1899 Loyola.

524 1916 724 1963 Perusio,
745 1917 768 1954 5
784 1915 1016 1954 Februarii
1038 1917 1130 1954 1553
1147 1917 1173 1954 ².

1154 2125 1175 2158 †

1121 2161 1219 2202 IHS

437 2356 505 2396 La
532 2356 687 2407 gratia
718 2362 762 2396 et
790 2368 906 2407 pace
929 2357 974 2396 di
1005 2354 1103 2396 Ν.ΓΟ
1119 2355 1164 2396 S.
1196 2356 1340 2397 Giesu
1372 2357 1560 2398 Christo
1594 2357 1664 2397 sia
1692 2368 1876 2409 sempre
1910 2369 1997 2397 con

355 2428 448 2467 noi.
472 2427 640 2467 Amen.

436 2498 587 2538 Penso
610 2499 695 2539 che
712 2498 830 2538 nelle
847 2499 1007 2538 ultime
1024 2499 1168 2539 letere
1186 2499 1528 2551 quadrimestre
1546 2503 1678 2540 costa
1693 2499 1742 2539 fu
1759 2499 1994 2549 rescritto,

355 2569 458 2610 ΚΦ)
483 2570 527 2609 in
553 2570 737 2610 Christo
758 2569 924 2620 Padre,
956 2582 1046 2609 con
1075 2571 1182 2621 qual
1210 2571 1366 2610 animo
1394 2577 1560 2622 questo
1590 2576 1751 2611 nostro
1784 2570 1992 2621 Collegio

356 2641 471 2681 fossi
502 2644 541 2681 si
562 2641 689 2692 dagli
711 2641 851 2681 amici
879 2653 1010 2681 come
1040 2641 1116 2681 dal
1136 2641 1189 2681 R.
1210 2641 1250 2668 <10
1281 2642 1474 2682 Vicario
1504 2643 1738 2682 ricevuto:
1771 2648 1814 2682 et
1845 2642 1996 2682 anche

356 2713 431 2752 del
452 2713 709 2764 procedere
741 2718 903 2752 nostro
931 2712 977 2752 in
995 2713 1133 2764 quelli
1155 2713 1385 2764 principii,
1416 2725 1510 2753 non
1531 2713 1752 2753 lassando
1774 2724 1943 2753 manco
1965 2713 1996 2752 il

354 2784 470 2823 bene
493 2784 579 2823 che
602 2784 720 2823 nelle
743 2783 912 2823 devote
934 2784 1087 2823 anime
1109 2784 1139 2823 il
1161 2783 1248 2823 §.se
1266 2784 1434 2824 habbia
1457 2796 1540 2836 per
1556 2795 1661 2824 esso
1684 2795 1768 2824 suo
1786 2783 1995 2834 Collegio

408 2943 417 2962 ¹
458 2943 523 2976 Sic3
538 2943 664 2970 rectius
681 2947 795 2969 tamen
811 2943 969 2969 fortassis
992 2943 1121 2977 Teper.

405 2990 419 3008 2
456 2990 786 3024 Epz‘st.><3aadri1n.,
803 2990 967 3022 1553-547·
989 2990 1252 3025 Autographum
1272 2992 1305 3018 in
1326 2991 1451 3026 duplici
1467 2991 1522 3018 fol.
1545 2992 1605 3018 sub
1629 2999 1682 3019 nn.
1705 2992 1740 3018 45
1762 2987 1796 3019 et*
1819 2992 1864 3026 46,
1881 2992 1913 3018 in
1928 2999 1992 3026 quo

354 3041 468 3064 tamen
482 3038 589 3064 solum
604 3037 887 3071 subscriptionem
903 3038 953 3065 sui
976 3038 1119 3065 nominis
1141 3043 1173 3066 et
1199 3039 1526 3073 superscriptionem
1549 3039 1707 3073 apposuit
1726 3039 1868 3074 propria
1890 3046 1991 3066 manu

351 3084 559 3112 Everardus.
