2168 3437
930 239 1014 276 AN.
1043 239 1135 277 1553
1780 239 1853 277 463

208 335 277 375 xit
312 340 357 374 et
389 346 599 386 numero,
632 340 680 375 ut
710 341 754 375 et
785 336 903 376 aliae
930 336 1033 376 aliis
1069 337 1335 388 superiores
1371 342 1546 387 essent,
1584 336 1701 376 vitia
1737 336 1849 376 item

209 405 301 445 alia
331 405 436 445 aliis
469 405 841 458 detestabiliora3
873 407 947 447 cui
974 419 1089 447 vero
1125 407 1351 448 abiectius
1387 407 1632 459 obtigisset
1662 407 1845 457 vitium,

209 487 313 516 eam
329 476 581 516 exercebat
601 477 1023 529 mortificationem,
1048 489 1167 530 quae
1188 477 1456 519 huiusmodi
1475 479 1591 518 vitio
1613 478 1661 518 in
1682 478 1848 518 charta

209 546 442 587 destinata
465 553 578 588 erat.

288 618 367 658 Bis
399 618 446 658 in
477 617 591 658 aede
618 629 756 659 sacra
786 619 1002 671 Collegii,
1035 621 1179 660 semel
1209 620 1332 672 apud
1358 620 1416 660 D.
1446 619 1659 660 Rochum
1687 631 1848 660 coram

208 688 337 740 Rege
360 690 666 729 concionatus
687 696 780 741 est;
803 690 850 730 in
871 691 978 730 aula
999 703 1113 731 vero
1135 692 1266 742 regia
1289 692 1411 743 apud
1440 691 1692 742 Reginam,
1724 691 1848 743 prin-

209 760 385 811 cipem,
416 771 471 799 ac
505 760 707 800 infantes
737 761 964 812 plurimas
996 761 1159 801 habuit
1195 763 1461 802 conciones.
1498 762 1707 803 Invisere
1738 773 1845 802 eum

208 842 302 870 non
328 831 478 870 solum
503 842 747 882 proceres,
777 843 944 871 verum
973 832 1114 872 etiam
1140 834 1381 883 praesules
1411 845 1592 885 omnes,
1623 834 1701 885 qui
1736 839 1846 873 tunc

209 901 524 941 versabantur
545 901 592 941 in
614 901 758 941 curia.

291 971 590 1012 Domesticos
610 984 725 1012 vero
748 972 1014 1013 aedificavit
1034 974 1259 1022 maxime;
1286 975 1593 1026 omnibusque
1625 986 1731 1015 cum
1762 986 1847 1015 suo

212 1042 509 1083 sanctissimo
540 1044 771 1094 exemplo,
795 1049 893 1083 tum
914 1051 958 1084 et
979 1045 1102 1084 vivis
1132 1045 1409 1096 quibusdam
1441 1045 1845 1095 collocutionibus,

211 1113 270 1153 ad
290 1113 513 1153 virtutem
534 1114 800 1154 vehementi
825 1114 911 1155 fuit
931 1115 1254 1166 incitamento;
1287 1116 1411 1168 quod
1439 1116 1561 1156 idem
1591 1116 1846 1157 Conimbri-

212 1196 295 1224 cae
315 1184 445 1235 fecit,
470 1185 547 1224 ubi
568 1185 708 1225 etiam
728 1185 775 1225 in
795 1192 957 1226 nostro
980 1187 1153 1239 templo
1176 1188 1320 1227 semel
1341 1193 1411 1227 est
1433 1188 1754 1227 concionatus.

287 1254 509 1308 Abiitque
545 1262 703 1296 tamen
739 1256 1009 1298 Cordubam
1039 1258 1089 1298 P.
1127 1258 1426 1309 Franciseus,
1451 1259 1528 1298 ubi
1555 1259 1738 1298 celebre
1766 1271 1845 1298 no—

211 1331 337 1366 strae
357 1325 606 1367 Societatis
627 1327 887 1379 Collegium
907 1329 1121 1380 erigitur.

287 1396 520 1437 Dominus
550 1397 715 1438 Petrus
741 1399 1045 1440 Mascarefias
1066 1401 1233 1440 merito
1265 1400 1476 1452 profecto
1506 1407 1667 1440 noster
1695 1407 1848 1452 potest

210 1468 437 1519 appellari
466 1474 612 1519 tutor;
642 1470 716 1509 ille
742 1470 865 1510 enim
891 1471 1143 1523 praecipue
1172 1472 1219 1511 in
1251 1484 1394 1512 causa
1423 1471 1509 1512 fuit
1540 1478 1590 1511 ut
1615 1471 1672 1511 D.
1698 1471 1850 1511 Rochi

210 1538 474 1579 confratres
495 1551 552 1580 ac
573 1540 742 1581 civitas
762 1541 897 1582 nobis
918 1542 1128 1594 Regique
1155 1549 1199 1583 et
1227 1543 1284 1583 de
1312 1542 1535 1594 erigendo
1567 1543 1775 1594 Collegio
1805 1550 1849 1583 et

210 1610 439 1650 tradenda
460 1610 518 1650 D.
542 1611 693 1651 Rochi
713 1612 851 1653 domo
869 1613 1223 1654 assentirentur.
1243 1613 1296 1654 T.
1316 1613 1366 1653 P.
1386 1613 1760 1665 Societatemque
1779 1625 1848 1653 ar-

211 1681 486 1722 dentissimo
524 1694 684 1723 amore
721 1685 1034 1736 prosequitur.
1083 1685 1364 1725 Nostrarum
1402 1697 1559 1725 rerum
1598 1686 1765 1725 maiori
1805 1692 1850 1725 et

213 1763 357 1804 opera
393 1759 437 1792 et
465 1752 707 1804 diligentia
735 1767 876 1807 quam
901 1767 1095 1796 suarum
1122 1768 1284 1796 curam
1312 1756 1409 1808 agit
1437 1762 1481 1796 et
1508 1755 1553 1795 id
1582 1762 1711 1796 tanta
1744 1767 1849 1796 cum

211 1823 401 1874 laetitia,
435 1829 484 1863 ut
510 1825 833 1875 gratissimum
865 1826 907 1866 ei
940 1826 1191 1877 faciamus,
1230 1839 1337 1867 cum
1371 1834 1641 1867 nostrarum
1675 1838 1850 1876 rerum,

211 1894 298 1934 etsi
318 1895 631 1947 minimarum,
657 1908 819 1937 curam
841 1898 930 1949 ipsi
950 1898 1250 1949 iniungimus.
1281 1898 1489 1950 Singulis
1510 1899 1718 1939 sabbatis
1739 1900 1849 1938 mul-

210 1965 361 2017 tisque
383 1966 486 2006 aliis
505 1966 637 2007 festis
659 1967 819 2008 diebus
840 1969 1087 2009 confitetur
1108 1970 1234 2010 dorni
1254 1976 1459 2020 nostrae,
1484 1976 1529 2009 et
1548 1970 1648 2021 ipse
1670 1976 1714 2009 et
1731 1981 1850 2009 uxor

211 2037 580 2077 communicant:
603 2050 723 2090 quae
745 2039 931 2090 quidem
953 2041 1206 2081 virtutibus
1235 2041 1393 2081 itidem
1425 2041 1609 2092 magnis
1637 2040 1847 2092 praedita

210 2106 524 2160 Societatique
558 2109 697 2149 valde
732 2110 920 2151 addicta
962 2118 1044 2152 est.
1084 2111 1314 2152 Dominus
1354 2112 1459 2164 Opt.
1499 2112 1624 2152 Max.
1667 2112 1713 2151 in
1753 2118 1849 2151 tam

211 2184 377 2219 sancta
401 2179 591 2220 vivendi
611 2181 792 2221 ratione
814 2183 1127 2223 constantiam
1151 2184 1217 2223 eis
1239 2184 1484 2234 largiatur.

290 2249 340 2289 P.
362 2251 646 2291 Franciscus
664 2251 827 2292 Vieira
845 2259 888 2293 et
910 2252 1057 2293 frater
1078 2255 1266 2294 nomine
1288 2255 1522 2295 Antonius
1544 2254 1679 2294 Celez
1710 2253 1717 2272 ¹
1743 2265 1851 2293 cum

211 2320 348 2361 simul
382 2321 791 2372 proficiscerentur
818 2324 865 2364 in
891 2324 1095 2375 Indiam,
1130 2325 1253 2377 quod
1280 2326 1417 2365 navis
1452 2326 1645 2365 multam
1677 2336 1848 2375 aquam

211 2392 473 2443 colligeret,
497 2393 543 2433 in
564 2399 751 2444 portum
784 2395 919 2435 relati
954 2402 1061 2436 sunt
1095 2403 1503 2448 perveneruntque
1533 2395 1847 2447 Olissiponam

211 2463 505 2514 aegritudine
538 2464 647 2514 (non
676 2470 832 2505 tamen
858 2467 1012 2517 gravi)
1051 2467 1334 2508 laborantes.
1371 2467 1568 2507 Multum
1604 2478 1765 2506 omnes
1800 2466 1846 2506 in

210 2534 323 2575 navi
358 2535 741 2575 collocutionibus
775 2538 1072 2589 praesertim,
1110 2550 1226 2590 quas
1255 2539 1311 2579 de
1338 2539 1477 2578 rebus
1505 2538 1676 2578 divinis
1711 2537 1846 2577 habe—

209 2606 346 2656 bant,
369 2605 697 2657 aedificarunt,
721 2619 904 2648 necnon
926 2609 1048 2660 quod
1068 2610 1274 2661 aegrotis
1297 2609 1391 2661 (qui
1413 2609 1598 2660 quidem
1630 2609 1850 2660 permulti

211 2675 420 2727 fuerunt)
450 2676 697 2728 diligenter
723 2678 1020 2720 inservirent.
1052 2679 1270 2731 Duobus,
1294 2681 1374 2732 qui
1404 2692 1562 2720 secum
1592 2680 1846 2729 redierant,

210 2749 438 2788 exercitia
460 2748 651 2789 tradidit
672 2749 955 2802 spiritualia,
980 2763 1178 2803 quorum
1201 2753 1317 2792 alter
1339 2751 1605 2792 monachali
1626 2763 1675 2791 se
1696 2750 1845 2802 Regu—

267 2956 278 2976 1
319 2955 390 2991 Sic;
407 2956 494 2984 forte
507 2956 631 2983 Tellez.
646 2955 744 2983 Hunc
758 2960 874 2984 tamen
888 2957 1043 2990 fratrem,
1059 2957 1174 2985 Patris
1189 2957 1367 2985 Francisci
1382 2958 1502 2985 Vieira
1517 2958 1645 2985 socium
1661 2958 1848 2986 Antonium

210 3002 380 3031 Alvarum
392 3003 544 3030 nominat
556 3002 707 3037 FRANco,
720 3003 913 3030 Annalium
930 3004 1119 3032 Socz'etatis
1128 3005 1216 3039 Jesu
1230 3006 1265 3031 in
1280 3005 1471 3032 Lusitania
1486 3005 1668 3039 synopsis,
1680 3013 1756 3033 ann.
1767 3005 1848 3037 1553,

211 3059 242 3077 n.
257 3050 284 3085 5,
301 3054 334 3078 et
349 3057 453 3084 supra
467 3051 500 3078 in
515 3051 567 3078 his
582 3051 667 3084 ipsis
681 3051 808 3078 litteris
823 3056 856 3078 et
872 3059 892 3079 a
907 3051 1054 3080 Polanco
1068 3053 1102 3080 in
1118 3053 1297 3081 Chronico.
