2168 3437
346 278 420 315 378
866 277 1092 313 LITTERAE
1119 285 1479 318 QUADRlMESTRES

351 386 570 413 numerus
607 373 945 423 confitentium,
983 379 1033 413 ut
1066 384 1259 424 prorsus
1297 372 1505 412 nesciam
1543 384 1656 423 prae
1691 372 1988 412 multitudine

350 451 528 484 certum
542 455 786 483 numerum
799 443 1073 494 praefigere.
1092 443 1195 483 Hoc
1211 444 1376 483 saltem
1392 454 1583 493 possum
1601 442 1755 482 dicere
1770 454 1777 493 3
1798 449 1986 493 propter

351 515 691 554 multitudinem
712 514 1156 554 communicantium
1183 520 1400 565 oportere
1421 524 1564 553 unum
1592 524 1650 552 ex
1677 513 1810 552 nobis
1831 513 1988 564 singu-

351 586 404 625 lis
425 586 586 625 diebus
607 585 852 625 dominicis
874 592 918 625 et
938 586 1119 626 festivis
1139 585 1284 625 ferme
1300 590 1399 625 toto
1422 595 1559 624 mane
1585 589 1766 623 tantum
1796 583 1988 623 admini-

349 657 564 697 strationi
602 656 712 698 Smi.
749 657 1074 697 Eucharistiae
1114 655 1407 697 Sacramenti
1445 666 1641 704 vacare,
1679 666 1764 705 pro
1800 654 1872 694 his
1908 655 1990 706 qui

349 734 520 767 octavo
543 740 726 780 quoque
748 729 821 768 die
844 728 1211 777 communicant;
1235 727 1282 766 in
1303 726 1434 766 festis
1457 732 1614 765 autem
1635 724 1912 776 majoribus,
1938 732 1986 765 ut

349 798 519 838 Beatae
540 799 753 849 Virginis
774 805 818 839 et
839 799 1087 848 similibus,
1113 799 1257 837 multo
1285 798 1442 848 plures
1472 795 1778 845 conveniunt,
1813 796 1890 847 qui
1917 796 1992 836 his

348 876 528 909 tantum
549 870 711 910 diebus
732 870 1102 919 communicant,
1127 879 1326 920 quorum
1353 872 1510 907 tantus
1542 873 1611 906 est
1641 878 1864 906 numerus
1884 873 1934 906 ut
1960 879 1986 906 a

351 941 510 991 vigilia
533 941 678 992 ipsius
697 941 804 981 festi
831 953 978 992 usque
1001 941 1058 980 ad
1081 941 1233 991 ipsum
1255 946 1477 979 octavum
1512 938 1634 978 diem
1656 943 1870 989 oporteat
1900 949 1990 977 nos

349 1012 455 1051 huic
476 1011 543 1051 rei
563 1017 746 1052 tantum
767 1012 1028 1059 intendere,
1056 1018 1124 1051 est
1145 1009 1333 1050 tandem
1361 1019 1562 1059 magnus
1589 1019 1810 1047 numerus
1842 1008 1984 1059 quoti-

347 1083 419 1122 die
441 1083 488 1122 in
509 1082 598 1122 hac
620 1089 783 1123 nostra
814 1083 951 1123 domo
981 1081 1299 1122 confitentium
1327 1085 1465 1131 prout
1487 1078 1585 1131 jam
1612 1079 1728 1119 alias
1759 1079 1985 1130 scriptum

347 1159 429 1193 est.
454 1152 549 1194 Soli
570 1153 690 1202 Deo,
716 1166 743 1194 a
764 1165 856 1205 quo
879 1153 1036 1193 omnia
1057 1152 1340 1204 procedunt,
1364 1151 1514 1190 honor
1536 1156 1580 1190 et
1600 1149 1768 1201 gloria.

426 1224 476 1264 In
497 1225 707 1276 epistola,
737 1236 877 1276 quam
899 1225 988 1265 hoc
1010 1222 1340 1275 quadrimestri
1361 1221 1573 1273 proxime
1594 1220 1849 1271 praeterito
1872 1220 1987 1260 scri-

346 1295 437 1346 psi,
461 1302 569 1336 tuae
590 1295 714 1336 R.dae
737 1295 802 1336 12st
828 1301 990 1335 notum
1013 1294 1103 1334 feci
1124 1293 1249 1345 quod
1270 1304 1390 1333 unus
1424 1304 1481 1332 ex
1508 1291 1643 1331 nobis
1673 1291 1884 1331 audierat
1906 1292 1985 1331 illo

344 1366 676 1418 quadrimestri
697 1366 943 1406 duodecim
960 1371 1039 1406 aut
1055 1366 1212 1417 plures
1228 1363 1547 1404 confessiones
1564 1363 1823 1413 generales,
1849 1374 1986 1414 quem

346 1449 589 1477 numerum
615 1437 713 1478 fere
741 1438 996 1488 attingunt,
1029 1448 1149 1488 quae
1178 1436 1267 1475 hoc
1297 1433 1627 1486 quadrimestri
1650 1433 1835 1473 auditae
1858 1440 1981 1473 sunt.

424 1508 601 1549 Diebus
628 1509 895 1560 praeteritis
924 1508 1051 1548 venit
1081 1508 1171 1547 huc
1206 1506 1395 1558 quidam
1427 1505 1476 1545 P.
1515 1511 1705 1544 nostrae
1733 1504 1985 1545 Societatis

345 1578 614 1619 Metinensis
639 1579 662 1629 ¹,
688 1580 765 1630 qui
787 1580 964 1631 aliquot
984 1578 1082 1619 dies
1102 1578 1177 1618 hic
1199 1577 1506 1617 concionatus
1524 1582 1615 1626 est,
1640 1575 1878 1627 nimiaque
1899 1576 1979 1615 hu-

344 1650 568 1690 manitate
591 1662 646 1691 ac
669 1650 993 1691 benevolentia
1016 1655 1261 1700 exceptus,
1281 1655 1379 1688 tum
1396 1654 1586 1698 propter
1606 1646 1864 1698 proficuam
1886 1645 1988 1697 ejus

344 1721 628 1772 doctrinam,
659 1721 896 1762 fervorem
927 1733 983 1761 ac
1016 1720 1206 1761 modum
1240 1717 1447 1768 dicendi,
1485 1724 1584 1757 tum
1619 1717 1761 1757 etiam
1793 1724 1984 1769 propter

342 1792 513 1831 bonam
531 1792 797 1843 opinionem
819 1799 863 1832 et
885 1792 1202 1841 affectionem,
1225 1801 1344 1842 quae
1366 1789 1421 1829 de
1444 1789 1545 1840 ipsa
1567 1794 1730 1828 nostra
1746 1787 1985 1829 Societate

344 1863 390 1902 in
412 1864 663 1903 multorum
694 1864 914 1903 cordibus
946 1875 1111 1915 sparsa
1133 1869 1222 1912 est,
1246 1869 1319 1911 ut,
1344 1861 1382 1900 si
1404 1860 1578 1900 diutius
1599 1859 1673 1899 hic
1702 1860 1985 1911 permansis-

342 1940 435 1984 set,
460 1934 659 1974 aliorum
687 1935 938 1975 conciones
964 1933 1256 1974 auditoribus
1277 1931 1547 1983 spoliasset,
1572 1936 1710 1981 prout
1731 1942 1789 1970 ex
1811 1942 1984 1982 magna

343 2005 639 2045 multitudine
660 2006 812 2057 ipsum
840 2005 1183 2057 insequentium
1210 2002 1443 2054 conjicere
1472 2001 1594 2041 licet.
1630 2001 1805 2041 Habuit
1826 2013 1984 2053 quam-

342 2076 451 2115 dam
490 2077 768 2117 concionem
805 2077 852 2116 in
887 2076 1090 2128 quodam
1128 2073 1413 2115 monasterio
1449 2072 1741 2122 monialium,
1780 2073 1987 2113 instante

341 2148 722 2188 commendatore
752 2148 782 2199 ²,
816 2147 1171 2198 consanguineo
1198 2145 1454 2197 priorissae
1482 2148 1527 2183 et
1543 2142 1820 2183 fundatricis
1837 2144 1986 2195 ipsius

342 2218 633 2269 monasterii,
658 2230 749 2270 qua
772 2219 997 2259 concione
1018 2217 1168 2268 finita,
1194 2214 1548 2256 commendator
1570 2214 1644 2253 ille
1665 2215 1791 2254 misit
1813 2215 1872 2255 ad
1893 2227 1980 2255 nos

342 2288 460 2328 duos
488 2288 689 2329 famulos
717 2289 914 2341 dapibus
947 2295 1157 2329 onustos
1190 2287 1239 2327 P.
1274 2297 1388 2326 vero
1421 2285 1681 2335 GonzaleZ,
1707 2285 1873 2336 spiritu
1893 2285 1983 2326 Do-

342 2359 455 2399 mini
477 2359 665 2411 ductUS,
689 2360 804 2400 nihil
825 2360 1013 2400 omnino
1036 2360 1092 2399 ab
1114 2359 1228 2410 ipsis
1248 2357 1400 2397 voluit
1420 2356 1651 2408 recipere;
1678 2355 1801 2407 quod
1822 2357 1868 2396 in
1889 2369 1982 2397 ma—

339 2441 483 2480 gnam
504 2431 734 2482 ipsorum,
758 2431 836 2482 qui
862 2431 952 2470 ista
974 2430 1238 2479 mittebant,
1269 2435 1313 2468 et
1336 2427 1554 2477 aliorum,
1579 2427 1747 2478 quibus
1781 2427 1839 2467 ab
1868 2427 1983 2479 ipsis

340 2502 538 2541 relatum
560 2509 651 2553 est,
677 2502 817 2542 cessit
842 2501 1216 2542 aedificationem
1247 2506 1290 2540 et
1321 2499 1609 2549 exemplum,
1641 2509 1747 2538 cum
1766 2510 1852 2538 nos
1872 2511 1981 2550 pau-

339 2582 474 2621 peres
493 2584 596 2612 esse
617 2573 811 2623 scirent3
835 2579 973 2624 prout
1001 2572 1135 2612 nobis
1164 2580 1330 2625 postea
1357 2569 1592 2613 recensuit
1624 2569 1814 2620 quidam
1845 2584 1980 2613 vene-

338 2642 499 2683 rabilis
520 2643 765 2695 sacerdos,
790 2643 868 2695 qui
890 2643 982 2683 illic
1012 2642 1239 2694 interfuit,
1273 2644 1384 2684 dum
1411 2645 1574 2686 famuli
1596 2658 1623 2686 a
1645 2647 1784 2686 domo
1816 2652 1980 2686 nostra

336 2720 705 2754 reverterentur.

418 2784 604 2825 Venere
635 2786 727 2826 huc
761 2786 938 2837 aliquot
968 2785 1125 2826 clerici
1152 2792 1195 2826 et
1222 2787 1513 2839 scholastici,
1546 2788 1592 2828 in
1627 2800 1795 2829 manus
1825 2788 1981 2829 Patris

337 2857 485 2895 nostri
507 2856 743 2896 Gonzalez
764 2868 866 2897 sese
888 2857 1212 2909 conjicienteS,
1237 2865 1282 2899 et
1304 2860 1481 2911 aliquot
1510 2867 1723 2910 petentes
1750 2861 1980 2901 instanter

392 3039 400 3058 ¹
442 3038 476 3067 P.
493 3039 640 3072 Joannes
655 3041 815 3076 Baptista
830 3041 992 3069 Sanchez.
1009 3042 1095 3069 Vide
1113 3041 1279 3078 PorANco,
1298 3043 1501 3077 Clzronicon,
1516 3048 1539 3070 t.
1556 3051 1604 3078 111,
1621 3051 1699 3078 pag.
1715 3044 1778 3079 315,
1796 3052 1827 3072 n.
1841 3045 1905 3072 705.

391 3086 405 3104 ⁴²
443 3086 532 3114 Vide
546 3095 666 3123 supra,
683 3093 706 3116 t.
725 3096 744 3123 1,
761 3097 840 3124 pag.
854 3090 915 3122 295,
930 3093 1044 3117 annot.
1062 3090 1086 3118 1.
