2168 3437
885 239 969 277 AN.
1000 239 1091 277 1554
1731 238 1801 276 605

165 342 272 377 sunt
305 337 579 388 religionem
606 336 826 388 ingressi,
860 336 950 376 duo
978 336 1320 387 adolescentes,
1356 347 1585 375 annorum
1612 334 1800 375 circiter

167 407 327 447 decem
348 413 393 447 et
414 413 611 458 septem,
636 408 682 447 in
704 407 826 447 hanc
852 413 1004 457 tuam,
1034 407 1097 447 mi
1126 407 1279 457 Pater,
1309 412 1417 446 sunt
1444 405 1658 457 admissi,
1688 416 1797 457 quo-

166 489 269 518 rum
291 478 442 518 studia
466 485 510 518 et
532 490 686 518 mores
707 490 793 518 nos
815 479 987 530 optime
1009 490 1201 530 sperare
1222 478 1413 518 faciunt.

246 548 316 588 De
339 549 565 589 classibus
588 549 799 589 nonnihil
829 548 1053 600 dicerem,
1085 549 1123 588 si
1151 549 1268 589 alias
1295 549 1484 600 saepius
1512 561 1605 588 non
1635 548 1800 588 fuisset

165 620 412 671 scriptum,
436 632 535 660 rem
558 631 745 671 omnem
765 620 937 660 Christi
966 620 1121 671 gratia
1148 620 1263 659 bene
1293 620 1537 671 progredi:
1567 619 1797 671 siquidem

169 691 216 730 in
236 691 573 741 recuperandis
595 691 858 742 discipulis,
882 691 960 741 qui
982 691 1038 730 ob
1060 696 1330 730 nostrorum
1352 690 1603 730 adversam
1624 691 1797 730 valetu-

166 762 320 801 dinem
341 763 480 812 longe
501 763 685 813 lateque
707 762 892 802 fuerant
921 761 1132 812 dispersi,
1153 762 1359 801 omnium
1382 761 1646 813 opinionem
1663 761 1800 801 facile

165 832 508 883 superavimus.
532 831 623 872 Sed
643 839 831 883 praeter
853 838 1061 882 caetera,
1085 832 1175 871 hoc
1197 843 1300 872 meo
1322 832 1492 872 iudicio
1522 839 1590 872 est
1622 833 1802 883 ingenti

164 903 575 943 animadversione
613 903 826 954 dignum,
851 902 974 954 quod
1001 914 1107 942 cum
1135 902 1296 942 diebus
1318 903 1541 942 natalitiis
1564 903 1801 943 orationes

164 974 416 1025 quaedam,
442 975 590 1014 altera
612 974 667 1014 de
689 973 950 1014 Salvatoris
971 973 1239 1024 nativitate,
1265 974 1412 1013 altera
1434 974 1490 1013 de
1520 974 1727 1014 eiusdem
1756 979 1802 1013 et

165 1045 521 1085 circumcisione
543 1052 586 1085 et
607 1046 816 1095 nomine,
840 1044 1138 1094 haberentur,
1163 1050 1351 1095 praeter
1381 1057 1565 1085 omnem
1586 1050 1798 1096 expecta-

165 1115 339 1155 tionem
360 1116 489 1155 multi
511 1116 689 1155 nobiles
718 1126 1011 1166 magnaeque
1040 1114 1333 1155 auctoritatis
1362 1115 1453 1155 viri
1474 1122 1613 1167 atque
1643 1117 1801 1167 plures

162 1187 244 1226 >alii
267 1186 325 1226 ad
346 1198 431 1226 nos
453 1186 796 1226 confluxerunt.

245 1258 331 1297 His
354 1258 584 1297 accedunt
605 1257 829 1297 exercitia
850 1257 1069 1307 fratrum,
1095 1268 1213 1308 quae
1234 1268 1328 1296 non
1350 1257 1448 1297 sine
1469 1256 1624 1297 fructu
1651 1269 1801 1297 susce-

164 1335 244 1380 pta
267 1334 471 1379 constat,
496 1341 602 1368 cum
624 1329 671 1368 in
692 1328 857 1369 studiis
879 1328 1193 1368 humanarum
1216 1327 1477 1378 literarum,
1501 1334 1599 1367 tum
1619 1340 1734 1368 vero
1756 1329 1802 1368 in

152 1400 304 1440 rebus
342 1399 535 1451 divinis,
566 1412 685 1451 quae
714 1400 773 1439 ad
798 1399 1003 1451 proximi
1029 1398 1288 1450 perfectam
1321 1399 1676 1439 instructionem
1704 1411 1801 1451 spe-

165 1477 307 1511 ctant.
334 1471 520 1510 Etenim
541 1477 728 1522 praeter
756 1471 780 1510 4
809 1471 886 1522 qui
907 1470 1064 1510 latinis
1095 1481 1150 1509 ac
1178 1470 1365 1520 graecis
1394 1481 1587 1521 operam
1614 1470 1802 1510 assidue

164 1548 338 1582 vacant
360 1542 742 1593 iuventutemque
763 1541 899 1581 huius
927 1541 1154 1591 civitatis,
1185 1541 1359 1592 alioqui
1378 1541 1542 1581 rudem
1562 1541 1802 1581 incultam-

162 1624 272 1663 que,
315 1613 460 1652 literis
497 1618 540 1652 et
575 1613 782 1652 moribus
821 1612 1095 1662 informant,
1140 1611 1198 1651 ad
1233 1611 1580 1652 xenodochium
1620 1624 1804 1664 quoque

164 1695 498 1735 carceremque
532 1683 720 1735 saepius
759 1683 853 1723 iam
888 1688 1232 1733 commearunt,
1270 1683 1437 1734 quibus
1472 1683 1518 1723 in
1553 1684 1669 1723 locis
1700 1695 1805 1723 cum

164 1766 337 1805 magno
361 1755 625 1795 animarum
654 1755 783 1794 lucro
812 1754 1167 1803 concionantur,
1200 1759 1420 1805 aegrotos
1449 1760 1706 1806 captosque
1734 1766 1802 1795 so-

164 1827 334 1876 lantur,
368 1826 428 1866 ad
458 1826 801 1866 confessionem
831 1825 1089 1876 attrahunt,
1123 1836 1150 1864 a
1176 1824 1366 1875 flagitiis
1394 1825 1800 1876 perterrefaciunt.

244 1897 424 1937 Verum
459 1909 516 1937 ne
550 1898 736 1948 singula
770 1908 982 1948 quaeque
1013 1908 1285 1948 persequar,
1322 1896 1461 1936 finem
1491 1897 1586 1936 iam
1619 1896 1805 1937 dicendi

164 1967 352 2019 faciam,
376 1968 515 2008 Pater
536 1968 820 2018 venerande,
845 1967 1038 2007 summis
1060 1967 1278 2018 precibus
1297 1966 1633 2007 Reverentiam
1653 1967 1804 2008 Tuam

161 2039 419 2079 obsecrans
447 2046 517 2088 ut,
543 2039 581 2078 si
609 2038 718 2090 quid
744 2039 897 2079 minus
928 2039 1043 2078 scite
1071 2037 1316 2089 lucideque
1343 2037 1542 2078 dixerim
1573 2038 1803 2088 (breviter

162 2116 318 2150 autern
345 2122 438 2150 non
468 2110 641 2160 dicam,
673 2110 780 2161 quia
807 2110 996 2150 brevius
1025 2108 1107 2148 vix
1136 2109 1416 2160 potuerim),
1454 2115 1535 2148 tua
1570 2109 1682 2148 mihi
1714 2120 1800 2160 pro

163 2180 453 2221 humanitate
481 2181 819 2232 clementiaque
847 2181 1082 2232 ignoscas.
1116 2179 1311 2231 Reliqua
1332 2191 1463 2228 vero,
1497 2191 1616 2230 quae
1647 2180 1694 2220 in
1721 2192 1803 2232 spe

163 2251 380 2292 videntur
407 2263 508 2292 esse
541 2252 714 2303 posita,
744 2257 844 2291 tum
874 2251 1058 2291 demum
1088 2249 1401 2302 perficientur,
1435 2262 1562 2301 cum,
1588 2256 1638 2290 ut
1662 2256 1801 2291 antea

164 2334 361 2374 semper,
384 2323 447 2362 ita
470 2323 516 2362 in
543 2329 784 2373 posterum
815 2322 956 2362 etiam
982 2321 1243 2373 patrocinio
1272 2332 1357 2360 nos
1386 2326 1466 2361 tuo
1496 2321 1620 2372 apud
1649 2321 1801 2362 Deum

163 2393 270 2445 Opt.
298 2393 422 2433 Max.
457 2393 715 2443 adiuveris;
748 2405 930 2444 quoque
958 2405 1033 2432 res
1060 2398 1252 2432 nostrae
1281 2392 1621 2432 incrementum
1649 2393 1799 2444 quoti-

160 2464 236 2504 die
270 2464 526 2516 accipiant,
564 2463 778 2504 eumdem
806 2468 1032 2515 perpetuo
1061 2469 1105 2503 et
1136 2462 1348 2502 oraveris
1380 2468 1424 2502 et
1456 2463 1796 2504 obsecraveris.

164 2535 298 2575 Vale.

240 2605 417 2646 Datum
437 2606 660 2655 Mutinae,
683 2605 768 2646 V.⁰
788 2605 1020 2645 Calendas
1039 2604 1152 2645 Maii
1173 2603 1405 2644 MDLIIII.

241 2677 368 2717 Tuus
390 2678 437 2717 in
459 2677 644 2718 Christo
667 2688 832 2716 servus
853 2677 1071 2716 minimus
1090 2709 1097 2726 ,

1017 2888 1245 2928 ANDREAS
1267 2887 1582 2927 BONINSEGNA.
