2168 3437
338 223 411 260 432
852 217 1080 254 LITTERAE
1107 224 1466 258 QUADRIMEsTREs

337 324 383 359 et
417 317 603 369 hymnis
641 315 700 354 ad
734 314 910 363 Deum,
949 297 1216 363 Divamque
1251 310 1538 351 Genitricem
1572 309 1807 349 humiliter
1839 308 1973 358 fusis,

332 387 563 429 caementi
580 386 756 436 primos
780 385 950 424 lateres
973 383 1278 422 collocarunt.
1304 380 1353 421 P.
1388 380 1672 421 Franciscus
1694 378 1975 430 principium

333 459 477 500 dedit:
503 456 718 508 proxime
741 454 789 494 P.
813 454 871 494 D.
895 453 1129 494 Antonius
1144 457 1368 504 sequutus
1386 457 1469 502 est,
1490 462 1607 502 quos
1623 449 1792 501 reliqui
1808 448 1975 489 Patres

335 542 391 570 ac
424 529 608 577 fratreS,
640 526 806 566 ordine
834 524 1038 576 quodam
1064 523 1350 573 incedentes,
1379 522 1562 570 imitati,
1593 521 1806 573 quilibet,
1841 531 1975 571 pecu-

335 600 437 640 liari
455 599 609 649 aliquo
639 596 813 637 Sancto
834 596 1071 643 invocato,
1096 594 1227 634 cuius
1261 593 1487 633 auxilium
1509 591 1568 632 ad
1598 591 1858 642 Collegium
1887 590 1976 630 hoc

332 669 660 710 instruendum
677 667 973 719 implorabat,
995 670 1236 705 caemento
1255 665 1468 715 singulos
1484 649 1655 703 lateres
1672 661 1972 713 adaptabant.

336 741 469 781 Prius
490 747 649 780 tamen
671 739 719 778 in
740 738 906 778 eodem
933 737 1024 777 situ
1053 736 1356 788 processione
1383 735 1510 775 facta
1538 734 1746 773 maxima
1777 744 1883 773 cum
1905 732 1977 773 de-

332 812 537 862 votione,
559 810 726 850 Fratre
749 809 953 862 quodam
975 819 1082 848 cum
1109 807 1243 859 signo
1278 806 1490 846 crucifixi
1515 805 1619 845 Iesu
1650 803 1975 856 praecedente.

326 883 384 923 >In
405 895 495 934 qua
517 881 630 922 nihil
659 881 784 922 aliud
811 881 867 921 ab
891 879 1105 920 omnibus
1132 878 1378 930 petebatur
1407 877 1496 917 nisi
1528 882 1577 916 ut
1603 876 1863 927 Collegium
1888 875 1978 915 hoc

335 954 395 995 ad
425 953 682 993 dulcissimi
708 953 812 993 Iesu
842 956 1118 1003 perpetuam
1148 949 1352 1001 gloriam
1381 954 1425 988 et
1451 948 1679 987 honorem
1708 945 1974 986 aedificare-

332 1032 422 1065 tur.
446 1025 503 1065 Et
524 1037 613 1076 quo
634 1024 818 1064 facilius
838 1029 882 1063 et
910 1022 1115 1062 alacrius
1147 1020 1207 1061 ad
1242 1019 1583 1072 capessendum
1615 1018 1858 1069 negotium
1890 1017 1979 1057 hoc

335 1096 706 1146 accingeremur,
758 1094 1067 1145 Omnipotens
1106 1091 1260 1141 Pater,
1299 1090 1377 1142 qui
1419 1090 1543 1130 vivis
1578 1089 1763 1140 templis
1805 1088 1979 1128 rectius

333 1168 479 1208 multo
497 1178 638 1218 quam
655 1166 755 1206 istis
772 1164 1054 1206 manufactis
1071 1163 1344 1212 delectatur,
1360 1161 1652 1202 materialem
1673 1161 1833 1200 volens
1857 1159 1976 1199 aedi-

333 1238 476 1279 ficare
498 1238 703 1288 domum,
729 1242 996 1277 nostrarum
1018 1235 1284 1275 animarum
1305 1234 1477 1284 templa
1507 1244 1601 1272 non
1630 1232 1865 1280 deserens,
1897 1230 1978 1270 sed

336 1321 499 1350 eorum
529 1308 843 1349 aedificationi
867 1307 1131 1357 consulenS,
1159 1305 1275 1345 alios
1304 1304 1474 1344 fratres
1505 1315 1560 1343 ac
1578 1302 1742 1343 Patres
1770 1302 1888 1342 miro
1914 1301 1977 1340 in-

335 1381 491 1421 cendit
526 1380 757 1420 desiderio
787 1376 1035 1419 laborandi
1063 1377 1110 1417 in
1140 1376 1230 1416 hoc
1262 1375 1453 1416 Domini
1482 1375 1675 1425 templo;
1710 1373 1789 1425 qui
1818 1384 1980 1412 omnes

336 1452 540 1492 maximo
562 1450 731 1490 honori
753 1462 808 1490 ac
830 1449 1018 1489 utilitati
1042 1448 1232 1497 ducunt,
1262 1447 1301 1487 si
1323 1446 1630 1486 admittantur
1650 1445 1726 1484 vel
1748 1444 1807 1484 ad
1823 1443 1979 1483 infima

334 1534 548 1575 quaeque
574 1521 853 1571 exercenda,
879 1519 1197 1572 quamtumvis
1218 1518 1472 1568 laboriosa,
1502 1517 1549 1556 in
1570 1517 1659 1556 hoc
1681 1514 1907 1566 aedificio,
1931 1526 1981 1554 se

294 1597 300 1603 “
336 1600 469 1634 tanto
493 1593 721 1633 beneficio
752 1592 973 1643 indignos
994 1591 1298 1641 arbitrantes,
1332 1589 1631 1640 gaudentque
1660 1587 1982 1638 maximopere

338 1672 437 1705 tum
467 1665 671 1705 latomos
699 1663 1055 1713 caementarios,
1094 1654 1192 1701 tum
1227 1661 1368 1701 etiam
1396 1658 1709 1700 conductitios
1738 1657 1982 1709 operarios

331 1725 451 1787 fieri,
476 1736 594 1776 citra
615 1734 984 1775 haesitationem
1014 1737 1344 1784 exspectantes
1371 1743 1456 1782 pro
1485 1730 1677 1770 minimo
1707 1729 1796 1769 hoc
1823 1728 1983 1768 labore

340 1808 592 1859 repositam
610 1806 697 1847 sibi
718 1807 765 1846 in
787 1806 889 1845 sinu
907 1804 1096 1845 Domini
1113 1803 1390 1843 mercedem.
1418 1802 1560 1843 Cuius
1586 1812 1745 1841 amore
1772 1800 1984 1840 exultant

338 1880 535 1930 exiguas
553 1878 802 1918 ostendere
822 1877 961 1927 VireS,
985 1887 1186 1926 suosque
1203 1874 1444 1914 intendere
1461 1884 1648 1923 nervos,
1670 1872 1716 1912 in
1733 1870 1979 1923 lapidibus,

334 1950 577 2000 lateribus,
612 1960 771 1998 arena,
811 1948 955 1997 calce,
990 1946 1205 1986 omnibus
1231 1944 1429 1996 denique
1461 1943 1673 1984 aedificio
1703 1941 1984 1982 necessariis

338 2022 510 2072 iugiter
522 2020 764 2072 gestandis
781 2018 805 2059 ¹.
821 2018 981 2070 Neque
1004 2024 1249 2058 externum
1268 2016 1359 2056 hoc
1379 2015 1654 2055 exercitium
1673 2014 1843 2054 interni
1860 2013 1982 2053 fruc-

338 2099 413 2133 tus
429 2103 634 2132 vacuum
653 2091 821 2131 extitit,
840 2091 911 2130 Ex
930 2101 983 2129 eo
1002 2089 1139 2139 enim,
1160 2095 1257 2128 tum
1271 2088 1382 2138 suis,
1398 2093 1497 2127 turn
1513 2087 1654 2126 etiam
1666 2085 1980 2137 spectantium

337 2164 520 2212 animis,
545 2175 639 2202 non
660 2161 894 2202 modicam
908 2161 1104 2201 attulere
1124 2159 1386 2199 utilitatem.
1408 2157 1524 2198 Cum
1542 2157 1665 2197 enim
1686 2155 1981 2207 complurimi

339 2246 395 2274 eo
414 2233 679 2274 aedificium
695 2232 842 2272 visuri
859 2231 1161 2279 confluerent,
1181 2230 1335 2281 ibique
1351 2228 1515 2269 Patres
1537 2240 1591 2268 ac
1613 2228 1783 2268 fratres
1803 2227 1978 2266 involu-

340 2312 414 2345 tos
434 2305 673 2354 lateribUS,
700 2305 828 2343 calce
850 2309 895 2342 et
926 2314 1070 2342 arena
1091 2301 1318 2351 viderent,
1342 2300 1410 2340 rei
1430 2299 1574 2340 veluti
1602 2299 1811 2339 novitate
1839 2297 1977 2337 admi-

342 2376 553 2426 rabundi,
577 2386 717 2415 veros
733 2374 822 2414 Dei
835 2373 1077 2425 operarios
1093 2373 1195 2412 illos
1212 2371 1487 2421 iudicantes,
1507 2370 1720 2421 exemplo
1738 2368 1976 2417 commoti,

340 2447 564 2499 depositis
604 2446 777 2498 palliis,
827 2436 1146 2495 inauratisque
1187 2443 1374 2483 ensibus
1415 2442 1658 2492 detractis,
1695 2439 1979 2481 bombicinis

342 2518 536 2570 aliisque
564 2517 783 2570 pretiosis
814 2515 1023 2556 vestibus
1052 2514 1200 2554 induti
1226 2514 1273 2553 in
1299 2514 1508 2553 laborem
1534 2512 1689 2553 socios
1719 2523 1769 2551 se
1799 2509 1975 2550 addunt

340 2589 577 2640 fratribus,
608 2588 770 2628 humili
798 2599 853 2627 ac
882 2585 1070 2626 sordido
1096 2585 1256 2625 habitu
1289 2584 1624 2633 incedentibus,
1657 2582 1864 2623 maximo
1896 2581 1973 2620 ho-

343 2672 457 2700 nore
479 2660 701 2700 ducentes
722 2664 820 2699 tum
841 2659 1027 2708 latereS,
1051 2663 1149 2697 tum
1170 2656 1311 2696 etiam
1333 2667 1540 2706 arenam,
1564 2661 1609 2695 et
1631 2654 1722 2694 alia
1743 2653 1974 2705 permulta

344 2737 547 2783 portare,
572 2731 727 2771 multis
749 2740 910 2770 eorum
932 2739 1286 2780 saepenumero,
1317 2739 1429 2778 prae
1451 2726 1594 2766 nimia
1617 2724 1867 2765 devotione
1893 2723 1980 2763 sibi

347 2816 373 2842 a
400 2802 500 2842 Deo
522 2802 679 2852 missa,
712 2800 972 2841 dicentibus
998 2799 1240 2850 operarios
1276 2799 1350 2838 hic
1379 2797 1745 2849 haudquaquam
1766 2793 1981 2835 mercede

346 2873 690 2924 conducendos,
716 2872 820 2922 sed,
844 2871 1032 2911 inverso
1054 2869 1232 2921 ordine,
1256 2870 1383 2921 ipsos
1402 2869 1602 2920 pretium
1631 2867 1821 2919 aliquod
1852 2866 1980 2906 datu-

404 3033 413 3052 1
454 3032 557 3067 Haec,
575 3041 593 3060 a
611 3033 724 3060 vorbis
740 3033 830 3060 citra
845 3031 1142 3063 haesitationem,
1156 3030 1362 3058 cancellavit
1380 3030 1556 3057 Polancus.
