2168 3437
867 267 949 304 AN.
979 267 1071 304 1554
1717 266 1783 303 641

149 365 279 416 gium
301 364 461 405 divina
482 363 806 405 misericordia
827 364 1082 404 ostenderit
1103 364 1347 415 beneficia,
1373 364 1430 404 ab
1451 363 1561 404 anni
1588 363 1688 403 1554
1709 375 1783 403 ex-

150 436 281 475 ordio
304 436 363 476 ad
383 436 526 476 hasce
546 435 638 476 kal.
662 436 831 487 Maias,
855 436 911 476 de
935 447 1066 476 more
1087 435 1466 487 praelibabimus.

228 505 374 547 Paulo
395 513 503 546 ante
524 506 634 547 anni
660 507 924 558 ingressum
946 506 1005 547 ad
1025 518 1112 546 nos
1139 518 1397 558 pervenere
1422 505 1650 557 pontificii
1670 505 1784 545 iubi-

148 578 239 617 laei
261 577 598 629 indulgentiae,
623 589 738 629 quas
759 578 969 618 universi
988 578 1149 628 gregis
1178 577 1435 629 spiritualis
1456 577 1687 627 benignus
1708 587 1786 628 pa-

150 655 248 688 stor
268 649 417 701 Julius
439 649 621 689 cunctis
652 649 897 689 catholicis
929 649 1184 697 concessit,
1216 654 1266 688 ut
1291 648 1533 688 illustriori
1559 648 1785 688 mentium

152 726 322 759 ornatu
348 719 409 758 ad
435 730 660 770 sponsum
693 719 933 760 Ecclesiae
965 719 1203 759 Christum
1234 718 1533 769 accederent,
1567 718 1788 769 efflagita-

150 796 345 841 rentque
380 796 429 830 ut
463 790 646 841 lapidea
676 790 1041 830 inobedientium
1076 791 1220 830 corda
1261 791 1466 830 emolliat
1502 790 1790 841 rebellesque

152 861 333 900 animos
373 861 420 900 in
461 872 662 912 sponsae
705 873 818 901 suae
856 861 1016 901 flectat
1057 861 1332 912 obsequium
1373 860 1399 899 ¹.
1440 860 1582 901 Dictu
1620 861 1790 901 mirum

151 938 325 983 quanta
360 931 553 983 spiritus
584 933 827 972 alacritate
860 932 1143 983 gandienses
1179 944 1292 972 oves
1333 943 1521 972 sacrum
1555 931 1791 972 Pontificis

152 1002 322 1042 summi
343 1002 548 1043 edictum
567 1003 860 1054 exceperint;
885 1009 1162 1053 argumento
1184 1004 1243 1042 sit
1264 1003 1432 1054 ingens
1454 1015 1615 1043 eorum
1635 1014 1790 1042 nume-

151 1085 254 1125 rus,
277 1074 356 1125 qui
376 1080 680 1125 peccatorum
702 1085 892 1114 suorum
912 1074 1101 1114 veniam
1129 1075 1452 1124 consecuturi,
1483 1075 1681 1114 vulnera
1702 1074 1788 1125 spi-

152 1145 268 1185 ritus
290 1145 610 1196 spiritualibus
630 1145 823 1185 medicis
849 1145 1100 1194 nudantes,
1130 1145 1482 1185 immaculatum
1510 1156 1685 1196 agnum
1705 1156 1787 1196 gu-

153 1222 414 1256 staverunt.
436 1216 596 1256 Nostri
616 1228 729 1256 sane
752 1216 933 1266 Patres,
959 1215 1204 1255 audiendis
1225 1216 1362 1255 noxis
1382 1216 1725 1267 oppidanorum
1747 1222 1791 1255 et

153 1287 308 1340 gentis
330 1287 499 1340 oppido
518 1288 723 1338 vicinae,
743 1287 905 1327 diebus
921 1286 1207 1338 quindecim,
1226 1298 1374 1338 usque
1396 1286 1513 1327 adeo
1532 1287 1630 1327 sine
1652 1287 1789 1327 inter-

154 1359 375 1399 missione
395 1359 693 1409 laborarunt,
714 1365 762 1399 ut
779 1359 1098 1399 necessariam
1115 1358 1270 1409 aegris
1295 1359 1570 1409 corporibus
1592 1359 1792 1410 quietem

152 1430 374 1470 fraudare
395 1430 591 1481 integris
611 1442 729 1482 pene
749 1430 966 1470 noctibus
988 1430 1309 1469 sustinuerint.
1335 1428 1725 1480 Octingentorum
1748 1436 1792 1469 et

154 1514 208 1542 eo
248 1502 449 1554 amplius
486 1501 728 1542 hominum
766 1501 1079 1541 conscientias
1121 1512 1389 1552 purgavere
1430 1501 1627 1552 Collegii
1655 1502 1793 1541 huius

153 1573 331 1614 Patres.
356 1573 407 1613 In
427 1573 483 1612 iis
505 1578 691 1612 constat
720 1573 930 1613 extitisse
962 1572 1230 1624 plerosque,
1261 1584 1378 1624 quos
1400 1579 1578 1612 mutum
1609 1573 1792 1612 daemo-

153 1645 282 1686 nium
308 1644 613 1696 prohibuerat
644 1656 786 1696 supra
813 1644 1094 1694 vigesimum
1121 1655 1295 1684 annum
1316 1650 1512 1695 peccata
1540 1656 1625 1684 sua
1655 1644 1791 1684 confi-

152 1716 255 1756 teri.
278 1715 467 1767 Reperti
488 1721 594 1755 sunt
615 1715 708 1764 alii,
732 1715 811 1767 qui
828 1715 1061 1765 sacrilega
1078 1715 1364 1755 verecundia
1381 1726 1477 1755 non
1494 1721 1643 1755 totum
1660 1716 1793 1755 virus

154 1788 213 1828 ad
234 1787 377 1839 pedes
398 1787 697 1827 sacerdotum
717 1792 1047 1837 evomuerant,
1080 1786 1161 1826 sed
1195 1785 1319 1826 idola
1349 1786 1511 1826 Laban
1541 1786 1627 1826 sibi
1648 1798 1792 1826 reser-

155 1864 323 1899 vantes
342 1857 371 1909 ²,
395 1869 465 1909 ea,
502 1859 550 1898 in
578 1858 743 1909 quibus
770 1857 1127 1898 manifestandis
1147 1858 1274 1897 nulla
1295 1864 1396 1897 erat
1419 1857 1646 1907 confusio,
1676 1870 1793 1898 rese-

155 1936 392 1970 raverant.
417 1929 519 1969 Hac
541 1929 721 1969 ratione
744 1928 958 1969 effectum
980 1935 1070 1979 est,
1096 1928 1220 1980 quod
1249 1940 1307 1968 ex
1336 1940 1389 1968 eo
1417 1929 1666 1968 videbatur
1687 1940 1791 1968 con-

155 2001 288 2053 sequi
308 2001 600 2051 necessario,
626 2006 673 2040 ut
694 2006 738 2040 et
758 2000 889 2040 multi
910 2005 1057 2039 totum
1078 2005 1325 2039 anteactae
1354 1999 1480 2039 vitae
1508 2000 1793 2040 curriculum

155 2073 202 2112 in
224 2072 516 2113 confessione
537 2071 710 2111 fuerint
743 2071 939 2121 emensi,
969 2077 1014 2111 et
1036 2071 1142 2111 'veri
1163 2071 1339 2110 domini
1369 2071 1524 2110 multis
1546 2071 1679 2111 bonis
1701 2072 1793 2111 iam

157 2143 332 2184 dudum
352 2155 436 2195 per
457 2143 553 2183 vim
575 2143 744 2182 ablatis
764 2142 936 2182 fuerint
957 2142 1172 2182 restituti.

236 2214 287 2255 In
316 2214 573 2266 Virgineae
602 2213 945 2254 Purificationis
972 2213 1112 2261 festo,
1144 2213 1208 2253 2.st
1234 2219 1339 2264 post
1368 2214 1570 2253 mediam
1607 2222 1794 2254 noctem

155 2286 287 2335 hora,
320 2297 584 2325 convenere
614 2285 661 2324 in
688 2285 888 2325 ecclesia
922 2284 1119 2335 Collegii
1152 2284 1323 2324 fratres
1359 2296 1541 2335 omnes,
1581 2285 1640 2324 ad
1675 2296 1795 2336 quos

157 2370 181 2397 e
203 2362 430 2407 suggestu
450 2356 707 2407 spiritalem
723 2355 886 2395 habuit
902 2356 1164 2395 orationem
1182 2355 1319 2395 Pater
1337 2344 1516 2395 Docto'r
1533 2356 1745 2407 Baptista
1763 2355 1790 2405 ⁵,

159 2427 218 2468 ad
248 2427 506 2479 perfectam
537 2426 801 2466 vocationis
835 2432 1026 2466 nostrae
1062 2426 1413 2466 observantiam
1440 2432 1605 2477 sponte
1632 2438 1794 2478 prope-

156 2505 316 2539 rantes
336 2498 614 2538 adhortans:
637 2496 822 2548 deinde,
847 2497 1015 2537 animis
1037 2496 1095 2536 ad
1116 2496 1269 2536 Deum
1291 2497 1501 2536 oratione
1530 2497 1790 2547 conversis,

160 2576 267 2610 ante
289 2578 644 2609 sacrosanctum
665 2568 839 2608 Christi
867 2579 1057 2619 corpus,
1080 2574 1216 2615 vota,
1241 2567 1408 2619 quibus
1438 2566 1665 2608 Societati
1694 2579 1796 2608 sese

158 2640 459 2690 addixerant,
484 2640 789 2689 innovarunt,
813 2645 861 2679 ut
881 2639 1199 2690 unusquisque
1222 2639 1278 2678 ab
1301 2638 1405 2678 aliis
1426 2639 1686 2690 audiretur,
1712 2639 1795 2679 Pa-

157 2718 225 2752 tre
247 2711 459 2762 Baptista
480 2716 748 2762 praeeunte,
773 2711 972 2750 caeteris
994 2716 1164 2758 autem,
1189 2722 1280 2760 quo
1302 2709 1462 2750 ordine
1481 2710 1537 2750 ab
1560 2722 1614 2750 eo
1637 2722 1795 2751 accer-

159 2784 405 2832 sebantur,
448 2781 819 2822 succedentibus.
853 2781 1098 2821 immolata
1137 2781 1226 2820 hac
1260 2781 1517 2821 voluntatis
1556 2787 1796 2833 tamquam

160 2866 275 2894 vera
295 2853 447 2893 laudis
468 2853 646 2903 hostia,
671 2852 966 2892 hilarissimis
986 2852 1227 2891 lachrimis
1249 2851 1432 2903 suffusi,
1465 2852 1637 2893 Missae
1659 2866 1796 2894 sacro

218 2991 227 3010 Ι
267 2989 355 3017 Vide
372 2990 531 3023 PoLANCI,
551 2989 686 3021 Clzron„
701 2994 724 3015 t.
739 2995 786 3022 111,
802 2988 940 3022 passim,
956 2987 1161 3021 praesertim
1176 2995 1254 3022 pag.
1271 2988 1314 3015 43.

217 3039 230 3057 2
269 3038 365 3070 Gen.,
381 3045 475 3065 xxx1.

216 3086 230 3105 5
267 3086 413 3119 Joannes
429 3085 587 3120 Baptista
604 3085 642 3112 de
659 3085 796 3112 Barma.

310 3147 359 3182 T.
384 3158 422 3183 ιι.
1515 3157 1555 3189 4¹
