2168 3437
351 315 421 352 422
860 314 1087 353 LITTERAE
1114 326 1473 359 QUADRIMESTRES

351 409 612 461 contigere,
647 420 742 449 non
776 410 946 450 multos
980 415 1088 461 post
1123 410 1221 451 dies
1255 422 1315 451 ex
1344 422 1467 462 aqua
1497 417 1541 451 et
1571 411 1679 463 Spu.
1710 419 1874 453 sancto
1912 414 1983 463 (ut

350 480 638 531 evangelicis
654 480 813 520 verbis
829 481 950 531 utar)
968 487 1037 521 est
1057 487 1263 533 161131115,
1288 482 1396 522 etin
1417 482 1644 524 hodierno
1666 484 1739 524 die
1760 490 1983 525 constans

350 552 397 591 in
416 552 522 592 fidei
541 552 783 603 proposito
804 558 1093 603 perseverat.
1116 553 1184 593 Illi
1205 553 1264 593 sit
1292 554 1417 602 laus,
1448 554 1512 594 illi
1540 555 1688 595 honor
1718 561 1855 607 atque
1887 557 1980 607 glo-

349 623 439 674 ria,
463 623 596 662 cuius
617 623 812 663 dextera
839 623 1063 664 Virtutem
1096 624 1225 675 fecit,
1256 624 1481 677 cuiusque
1509 638 1679 666 nomen
1709 627 1769 666 511
1801 638 1984 678 semper

348 694 657 734 benedictum.
683 694 851 735 Amen.

428 765 503 805 Ad
524 764 751 806 Thomam
772 771 985 806 nostrum
1007 766 1170 818 redeo,
1195 779 1331 819 quern
1352 767 1420 808 sic
1440 768 1712 819 reliquimus
1733 769 1781 808 in
1800 768 1888 809 fide
1914 781 1985 809 ro-

346 836 582 887 boratum,
612 842 661 876 ut
695 836 788 876 iam
814 836 870 877 de
909 837 988 877 illa
1013 849 1109 877 non
1137 837 1370 878 dubitaret
1398 839 1612 890 amplius.
1641 839 1684 879 Is
1712 839 1854 891 igitur
1881 851 1986 880 cum

348 906 464 946 adeo
493 907 782 958 diuturnam,
813 907 940 948 haud
974 919 1087 948 sane
1124 909 1352 949 adversus
1387 921 1579 950 carnem
1613 916 1657 950 et
1692 911 1984 963 sanguinem,

347 988 556 1029 pugnam
582 979 898 1030 sustinuisset,
932 979 1079 1019 divini
1104 980 1293 1020 luminis
1319 981 1509 1021 tandem
1536 982 1749 1022 claritate
1781 994 1860 1022 cor
1889 983 1988 1022 eius

346 1049 625 1101 illustrante,
648 1062 747 1090 nro.
772 1050 902 1090 Patri
922 1050 1204 1091 desiderium
1225 1052 1466 1103 patefecit,
1492 1052 1615 1103 quod
1637 1064 1850 1093 crescere
1871 1053 1918 1093 in
1939 1065 1988 1093 se

345 1120 553 1173 quotidie
574 1122 817 1163 sentiebat.
836 1121 999 1163 Altera
1022 1135 1223 1174 namque
1245 1123 1317 1163 die
1341 1136 1367 1163 a
1388 1124 1539 1164 sancti
1561 1123 1696 1175 Spus.
1722 1125 1894 1164 celebri
1915 1136 1984 1164 so-

347 1193 598 1243 lemnitate,
619 1193 736 1233 hora
757 1193 903 1234 ferme
923 1194 1076 1234 noctis
1097 1194 1304 1246 dimidia,
1322 1195 1465 1235 misso
1488 1195 1547 1235 ad
1568 1201 1781 1236 nostrum
1801 1196 1989 1236 Patrem

348 1263 619 1313 sacerdote,
657 1276 792 1305 suum
827 1265 892 1305 illi
927 1265 1074 1306 voluit
1106 1266 1404 1317 desyderium
1432 1267 1620 1318 aperiri.
1651 1266 1773 1318 Quin
1803 1273 1847 1307 et
1873 1267 1987 1318 ipse,

345 1347 454 1376 cum
475 1336 535 1376 ad
556 1348 661 1376 eum
682 1337 889 1376 1761115561
909 1343 1096 1389 postea,
1121 1337 1321 1388 rogabat
1340 1349 1398 1377 ne
1418 1338 1542 1378 ultra
1568 1345 1840 1390 sequentem
1867 1338 1990 1378 diem

347 1407 581 1458 baptisma
603 1406 884 1448 differretur.
903 1407 1028 1449 Satis
1051 1409 1173 1448 enim
1194 1420 1425 1461 superque
1444 1409 1628 1460 (aiebat)
1647 1409 1811 1450 dnicis.
1831 1421 1880 1450 se
1897 1421 1988 1450 mo-

346 1478 457 1518 nitis
477 1478 730 1529 restitisse,
753 1491 940 1530 verum,
964 1480 1181 1530 quamvis
1203 1491 1367 1531 aegre,
1392 1480 1611 1531 obtinuit,
1635 1481 1711 1520 vel
1731 1481 1886 1532 potius
1914 1493 1988 1521 ex-

347 1549 497 1598 torsit,
517 1549 702 1590 demum
718 1549 858 1590 Pater
878 1556 927 1590 ut
949 1550 1055 1591 inde
1078 1550 1136 1590 ad
1160 1556 1264 1591 octo
1286 1551 1385 1591 dies
1405 1551 1738 1603 baptizaretur:
1757 1551 1855 1603 ipse
1875 1563 1990 1592 vero

344 1621 531 1661 interim
551 1622 846 1672 recogitabat
868 1634 973 1662 cum
994 1623 1224 1674 propheta
1247 1634 1410 1663 omnes
1426 1629 1672 1663 anteactae
1692 1623 1819 1663 vitae
1841 1635 1990 1663 annos

344 1692 392 1732 in
413 1693 596 1733 animae
618 1705 731 1733 suae
753 1694 1078 1734 amaritudine.
1106 1694 1295 1746 Iamque
1318 1694 1415 1734 dies
1437 1694 1627 1735 advenit
1650 1695 1921 1745 constituta,
1943 1694 1990 1734 in

343 1762 735 1816 qua‘delictorum
756 1765 963 1805 omnium
984 1771 1107 1805 esset
1128 1777 1155 1805 a
1177 1765 1539 1806 clementissimo
1567 1765 1769 1806 Domino
1797 1765 1985 1805 1761113111

345 1835 696 1887 impetraturus.
729 1835 890 1888 Itaque
924 1836 972 1876 in
1006 1835 1124 1876 festo
1155 1836 1526 1887 gloriosissimae
1557 1842 1695 1888 atque
1723 1836 1987 1876 sacratissi-

344 1918 448 1946 mae
476 1906 740 1958 TrinitatiS,
770 1907 886 1947 hora
922 1907 1018 1947 fere
1052 1907 1284 1959 vigesima
1319 1908 1476 1958 tertia,
1511 1919 1684 1959 magna
1713 1908 1870 1960 populi
1900 1907 1986 1947 fre-

344 1978 535 2030 quentia
555 1984 823 2029 praesente,
848 1990 948 2018 nra.
974 1979 1021 2018 in
1042 1979 1261 2030 ecclesia,
1286 1990 1380 2018 non
1401 1978 1642 2018 commode
1664 1979 1779 2019 satis
1801 1978 1860 2019 ad
1890 1985 1987 2018 tam

343 2049 525 2100 grande
547 2050 881 2101 spectaculum,
901 2049 1307 2101 peristromatibus
1327 2055 1508 2100 ornata,
1529 2048 1811 2089 Sanctorum
1829 2056 1985 2089 tamen

344 2120 639 2171 Angelorum
657 2120 814 2160 choris
831 2120 1055 2160 decorata
1078 2120 1193 2160 satis
1213 2121 1273 2160 ad
1289 2120 1585 2172 baptismatis
1607 2121 1809 2161 accessit
1832 2132 1986 2160 sacra-

345 2197 568 2232 mentum.
600 2191 816 2242 Dumque
847 2191 904 2231 ab
931 2191 1179 2231 Hembitae
1211 2190 1220 2209 ¹
1248 2191 1454 2232 civitatis
1486 2191 1640 2243 (quam
1665 2191 1879 2232 Xaccam
1908 2203 1987 2231 vo-

345 2264 477 2311 63111)
508 2263 730 2302 Α111151116
764 2274 850 2314 pro
886 2263 1065 2303 foribus
1101 2263 1363 2303 exorcisma
1392 2263 1650 2314 legeretur;
1686 2275 1795 2303 ecce
1825 2274 1990 2302 maura

344 2334 598 2385 quaedam,
622 2334 781 2374 divino
803 2333 970 2385 spiritu
1001 2334 1216 2384 incitata,
1251 2345 1357 2373 cum
1383 2334 1607 2385 lacrymis
1634 2334 1693 2374 ad
1723 2334 1987 2385 praesulem

346 2406 596 2456 accedens,
622 2405 680 2445 ab
703 2417 757 2445 eo
779 2417 828 2445 se
849 2405 1079 2457 baptizari
1100 2405 1356 2456 flagitabat.
1382 2405 1533 2456 Quam
1554 2405 1742 2456 quidem
1762 2405 1981 2456 gratiam,

345 2477 453 2528 quia
476 2488 569 2517 non
590 2483 690 2517 erat
712 2477 768 2516 de
788 2476 881 2527 his,
906 2488 1025 2528 quae
1054 2476 1113 2516 ad
1140 2476 1278 2516 fidem
1305 2477 1559 2527 pertinent,
1590 2477 1845 2526 instructa,
1878 2476 1986 2515 licet

344 2548 501 2587 multis
521 2548 773 2598 gemitibus
794 2554 1091 2599 exposceret,
1115 2547 1368 2598 impetrare
1390 2554 1500 2587 tunc
1529 2547 1754 2598 temporis
1783 2558 1877 2587 non
1905 2558 1990 2585 va·-

344 2619 442 2658 luit.
468 2618 585 2659 Cum
608 2624 764 2659 autem
784 2617 1007 2671 quidquid
1029 2624 1273 2669 supererat
1299 2618 1537 2669 lectionis,
1571 2618 1849 2658 absolvisset
1882 2617 1988 2669 Epi-

347 2701 536 2741 scopus,
567 2702 590 2730 e
617 2690 777 2741 templi
802 2689 980 2730 foribus
1008 2689 1055 2729 in
1082 2689 1181 2729 eius
1210 2689 1415 2730 medium
1438 2690 1719 2741 procedens,
1764 2689 1987 2729 Ioannem

345 2761 577 2801 Thomam
608 2761 749 2813 (quod
776 2761 840 2801 illi
868 2772 1039 2801 nomen
1067 2767 1177 2800 tunc
1207 2760 1292 2800 fuit
1320 2761 1604 2812 impositum)
1636 2761 1874 2811 omnibus,
1912 2759 1989 2811 qui

346 2832 542 2872 aderant
564 2832 689 2883 (nam
716 2832 772 2872 de
798 2832 900 2883 ipso
933 2832 1035 2883 quis
1065 2832 1305 2883 dubitetP),
1338 2832 1674 2884 gaudentibuS,
1710 2831 1983 2883 baptizavit.

347 2902 451 2943 Non
472 2910 680 2955 repetam
702 2904 776 2944 hic
798 2903 1008 2955 pluribus
1030 2909 1205 2955 quanta
1226 2902 1364 2943 fuerit
1387 2903 1600 2943 omnibus
1621 2903 1667 2943 in
1689 2903 1763 2943 die
1785 2903 1861 2942 illa
1897 2903 1986 2942 136-

347 2973 471 3013 11113;
495 2980 543 3013 111
565 2975 607 3013 61
626 2975 978 3025 gratularentur
999 2974 1200 3024 externi,
1227 2974 1609 3025 amplexarentur
1631 2974 1794 3025 amici,
1830 2973 1988 3013 cuncti

409 3133 419 3153 ¹
467 3133 519 3160 Ita
535 3134 588 3161 hic
601 3134 778 3168 perspicue
791 3134 876 3168 quod
889 3133 1058 3161 Polancus
1069 3133 1206 3166 scripsit
1218 3132 1424 3160 Hemilitae.
1441 3132 1527 3159 Vide
1542 3132 1744 3166 Clzronz‘con,
1757 3136 1780 3160 t.
1791 3139 1924 3166 111,pag.
1935 3131 1997 3159 210.
