2168 3437
884 263 967 299 AN.
1000 262 1094 299 1554
1739 262 1807 300 511

173 357 331 409 plicat.
366 357 422 397 R.
457 357 533 397 Pr.
570 356 818 398 Salmeron
844 358 1112 407 lectionem,
1145 370 1285 410 quam
1316 359 1476 399 statim
1505 359 1553 399 in
1579 358 1711 399 initio
1739 359 1811 399 sui

176 427 406 468 aduentus
440 427 753 468 enarrandam
789 434 1074 480 sumpserat,
1112 429 1280 479 plausu
1309 430 1514 470 maximo
1551 429 1808 470 uberrimo-

175 510 265 550 que
287 498 443 539 fructu
463 499 781 550 prosequitur3
806 498 1076 539 incredibile
1098 500 1223 540 dictu
1252 506 1426 551 quanto
1455 500 1578 541 idem
1605 501 1704 552 ipse
1733 512 1810 541 au-

178 569 402 610 dientium
436 576 627 622 stupore
658 569 731 610 bis
765 569 858 610 iam
894 581 1055 610 coram.
1074 582 1277 622 prorege
1300 569 1334 622 ¹,
1358 571 1541 612 fautore
1562 571 1697 612 huius
1719 571 1810 612 loci

176 641 467 692 synceriss.⁰,
491 641 797 681 concionatus
815 641 890 681 sit.

259 711 456 763 Collegii
482 711 789 752 fundamenta
818 712 911 752 iam
946 712 1133 753 demum
1166 718 1370 765 utcuque
1404 714 1552 761 iacta,
1590 715 1649 755 ad
1685 715 1811 755 fasti·

175 782 306 833 gium
327 783 535 833 anhelat,
560 795 646 823 nec
666 783 796 835 prius
817 783 1036 824 videntur
1058 783 1307 835 destitura,
1332 796 1473 836 quam
1493 791 1603 826 uoto
1626 797 1710 826 suo
1736 797 1814 837 po-

176 853 352 893 tiantur
391 859 437 893 et
474 853 679 905 (auspice
707 854 793 905 x.⁰)
830 854 1102 906 propediem
1135 855 1394 906 potientur,
1433 856 1812 908 quandoquidem

174 934 355 965 summo
377 924 482 965 Rmi
514 925 668 965 Car.lis
699 926 746 966 in
776 937 862 966 nos
896 926 1070 975 studio,
1101 926 1280 967 Ciuitas
1301 927 1419 967 haec
1441 940 1499 967 ex
1520 929 1706 968 aerario
1732 940 1814 980 pu-

174 996 296 1036 blico
322 995 392 1036 bis
424 996 549 1036 mille
583 1003 918 1038 coronatorum
953 998 1176 1048 elargita,
1215 998 1363 1038 altera
1400 1004 1599 1049 quatuor
1638 999 1816 1040 donare

177 1067 346 1107 obnixe
368 1068 627 1116 contendit3
658 1080 840 1121 quoque
860 1069 1044 1109 facilius
1066 1069 1112 1109 id
1140 1069 1243 1120 fiat,
1276 1069 1470 1109 consilio
1500 1071 1812 1120 comunicato‚

178 1138 450 1189 imperatori
470 1137 483 1156 ‘²
501 1138 660 1179 literas
677 1139 816 1190 misit,
837 1140 1004 1191 quibus
1019 1141 1156 1191 pleno
1176 1151 1256 1180 ore
1270 1140 1435 1180 laudes
1451 1142 1602 1181 nostri
1622 1141 1813 1193 deprae—

181 1208 312 1248 dicas
345 1209 550 1260 postulat
585 1221 711 1260 eam,
751 1210 807 1250 de
841 1222 932 1262 qua
974 1210 1150 1251 dictum
1185 1217 1275 1262 est,
1321 1211 1622 1262 largitionem
1656 1212 1814 1253 facere

179 1279 266 1319 sibi
287 1279 444 1320 licere.
467 1279 590 1320 Sena
611 1280 728 1321 haec
750 1281 893 1321 millia
915 1281 1128 1322 aedificio
1161 1281 1359 1333 Collegii
1390 1282 1703 1333 destinantu1·;
1735 1283 1817 1323 sed

181 1350 311 1402 quia,
336 1350 530 1390 aedibus
561 1352 870 1403 comparatis,
901 1353 941 1392 si
969 1358 1158 1392 caetera
1188 1353 1456 1392 necessaria
1489 1353 1665 1404 desint,
1702 1354 1816 1394 nihil

180 1426 259 1461 aut
281 1427 406 1461 certe
427 1421 662 1462 modicum
679 1423 789 1474 quid
811 1434 994 1474 eorum,
1018 1435 1136 1475 quae
1157 1423 1274 1463 haec
1296 1424 1382 1464 sibi
1399 1424 1454 1463 de
1472 1424 1608 1464 nobis
1627 1425 1815 1476 pollice-

178 1498 274 1543 tur,
298 1504 352 1533 ac
374 1493 551 1544 passim
571 1494 830 1545 experitur,
855 1494 1021 1534 confici
1047 1506 1186 1546 posse
1218 1493 1440 1545 aduertit,
1470 1507 1553 1546 per
1583 1496 1772 1536 easdem
1802 1495 1815 1513 ⁵

180 1564 333 1615 poscit
355 1569 603 1604 sexcentos
625 1576 795 1605 aureos
817 1565 961 1605 annui
983 1576 1152 1605 census
1173 1566 1418 1616 assignare
1441 1578 1600 1617 posse:
1631 1566 1708 1606 hic
1736 1578 1817 1618 po-

181 1635 361 1687 pularis
383 1635 429 1675 in
449 1647 534 1675 nos
555 1635 716 1687 fauor3
740 1637 865 1688 quod
887 1637 926 1677 si
954 1637 1247 1688 priuatorum
1282 1637 1487 1677 studium
1522 1638 1818 1689 pollicitatio-

181 1718 357 1758 nesque
401 1718 649 1747 recensere
689 1719 937 1759 paremus,
981 1707 1177 1759 epistola
1217 1708 1264 1747 in
1298 1708 1467 1748 librum
1506 1714 1817 1749 excresceret:

184 1789 328 1829 quare
349 1777 496 1817 satius
516 1784 735 1829 putamus
751 1779 1026 1830 praeterire,
1051 1790 1192 1830 quam
1209 1790 1373 1830 parum
1397 1779 1485 1819 hac
1503 1780 1559 1819 de
1577 1792 1627 1819 re
1645 1780 1815 1820 dicere.

262 1848 393 1888 Fres.
417 1860 578 1889 omnes
600 1860 706 1889 cum
728 1860 926 1901 corpore
948 1855 1047 1890 tum
1068 1850 1223 1889 animo
1245 1850 1504 1890 incolumes
1526 1856 1655 1901 sunt,
1679 1851 1819 1902 hique

184 1919 276 1959 tuis
315 1919 625 1960 sanctissimis
660 1920 952 1960 orationibus
987 1931 1035 1960 se
1073 1920 1425 1960 commendatos
1460 1932 1518 1961 ex
1554 1922 1710 1961 animo
1745 1933 1820 1960 cu-

184 1990 331 2041 piunt.
373 1990 510 2043 Jesus
550 1998 640 2032 Xstss
684 1991 760 2031 diu
801 1991 851 2032 Ρ.
893 1991 953 2032 V.
995 1991 1129 2031 nobis
1169 1992 1368 2032 seruulis
1407 1992 1501 2031 tuis
1539 1992 1820 2033 incolumem

183 2068 354 2101 seruet.

264 2131 461 2184 Neapoli
483 2132 603 2173 Cal.S
639 2132 853 2185 januarii
877 2133 993 2173 1554.

266 2203 487 2254 indignus
507 2203 554 2244 in
574 2203 659 2244 X.0
679 2204 747 2257 J.u
778 2204 899 2244 filius
920 2210 1028 2244 tuus

1078 2347 1364 2387 THEODORUS
1394 2346 1658 2387 PELTANUS.

266 2557 686 2609 Superscrz‘ptioz‘n
708 2563 883 2610 quarta
904 2560 1118 2611 pagina:
1146 2559 1248 2601 R.d0
1260 2561 1308 2600 in
1337 2559 1421 2600 X.0
1454 2559 1548 2599 Pri.
1578 2559 1671 2600 Pri.
1704 2566 1809 2600 m.r⁰

186 2629 367 2680 Ignatio
389 2629 445 2669 de
465 2629 645 2680 Loyola
666 2629 873 2681 Praep.t⁰
896 2630 1049 2671 Gnali.
1073 2630 1322 2672 Societatis
1343 2631 1469 2684 Jesu.

266 2700 378 2740 Alia
398 2711 568 2740 mann:
591 2700 709 2751 Qua.
732 2700 914 2752 Napoli.
937 2702 1004 2741 54.
1025 2702 1163 2755 Janu.

267 2772 331 2811 Et
351 2771 472 2811 alia:
494 2771 628 2811 insin'
654 2773 698 2811 al
719 2771 948 2813 Gennaio.

277 2842 540 2893 Vestigium
562 2853 694 2882 cerae
714 2847 757 2883 et
778 2843 950 2894 sigilli.

240 2979 251 2998 1
291 2978 413 3006 Petrus
428 2978 593 3013 Pacheco,
611 2978 813 3013 Cardinalis,
832 2979 1078 3014 Neapolitanus
1093 2978 1244 3006 Pro-rex.

241 3026 254 3045 2
292 3025 416 3053 Carolo
431 3025 475 3052 V.

240 3073 254 3093 ⁵
291 3073 430 3101 litteras
445 3073 489 3100 ad
503 3072 750 3108 Imperatorem
766 3074 877 3102 datas.
