2168 3437
883 261 963 297 ΑΝ.
994 258 1085 297 1554
1731 255 1802 291 525

166 360 335 401 mirum
368 359 494 399 dictu
538 368 679 409 quam
716 368 792 397 res
831 368 954 396 noua
992 354 1239 395 videbatur
1283 365 1356 393 me
1401 363 1620 393 recusare
1664 362 1799 402 pecu-

167 422 295 471 niam
315 430 544 481 accipere.
566 427 740 468 Ultimo
762 433 917 467 autem
939 426 1012 466 die
1035 425 1134 477 (qui
1155 431 1256 465 erat
1286 423 1504 474 Dnicus.)
1535 424 1658 463 cum*
1672 427 1798 462 totus

170 500 229 541 ad
265 513 401 541 sacra
433 499 658 540 solemnia
693 497 752 538 ad
788 498 1012 548 templum
1045 497 1245 548 populus
1281 500 1586 543 conuenerat,
1629 498 1803 533 contra

169 571 436 623 praedictas
456 569 714 622 prauitates
736 567 1007 608 concionari
1029 567 1181 617 coepi,
1207 565 1486 617 explicando
1513 564 1651 604 simul
1677 563 1799 603 debi-

169 648 268 682 tum
302 641 485 694 peccati
517 640 752 690 mortalis,
777 650 952 690 poenas
973 637 1257 689 purgatorii,
1282 648 1400 688 quas
1423 636 1481 676 ob
1502 636 1591 676 hoc
1611 634 1803 675 incurri-

170 724 298 761 mus,
324 712 362 752 si
382 717 487 764 post
508 710 850 751 consessionem
872 709 948 748 hic
975 708 1311 759 poenitentiam
1341 719 1436 747 non
1467 707 1723 757 egerimus,
1758 711 1803 745 et

170 783 433 834 gratiarum
454 781 809 834 plenitudinem,
834 790 974 831 quam
994 790 1075 830 per
1094 789 1346 818 concessas
1363 777 1585 828 consequi
1601 776 1800 816 dabatur

169 854 500 905 indulgentias.
524 852 658 893 Unde
679 851 855 891 factum
876 856 946 890 est
967 855 1016 889 ut
1037 849 1191 898 multi,
1216 849 1295 900 qui
1317 855 1450 888 sexta
1471 848 1588 888 feria
1617 860 1671 888 ac
1699 848 1802 887 sab-

169 924 332 974 batho,
357 924 413 964 ob
436 923 781 964 contumaciam
801 921 1010 961 ieiunare
1031 920 1300 969 noluerunt,
1325 919 1558 959 dominica
1586 918 1659 958 die
1691 929 1804 970 prae

168 996 360 1036 tristitia
382 995 439 1035 ob
461 996 725 1046 neglectam
745 998 883 1044 gram
904 992 983 1031 vix
1004 991 1159 1031 cibum
1180 1002 1350 1041 capere
1366 990 1625 1040 valuerint,
1650 989 1801 1029 dicen-

169 1072 240 1107 tes
261 1077 311 1106 se
333 1066 380 1106 in
401 1072 640 1117 posterum
657 1064 831 1105 similes
846 1073 1085 1114 nunquam
1103 1067 1452 1112 contempturos
1469 1060 1798 1111 indulgentias.

173 1137 279 1178 Alio
302 1137 505 1189 quodam
525 1142 756 1188 tempore,
781 1147 870 1187 quo
892 1134 1137 1174 Bruxellas
1159 1131 1550 1184 proficiscendum
1578 1137 1698 1180 erat,
1731 1143 1806 1171 ex-

171 1210 316 1250 ternis
356 1208 632 1260 quibusdam
666 1206 952 1258 compositis,
987 1204 1046 1245 ad
1081 1205 1265 1244 interna
1301 1203 1573 1254 exequenda
1614 1203 1803 1254 negotia

172 1281 314 1320 totius
334 1279 508 1319 laboris
529 1290 759 1318 conuersa
780 1283 849 1318 est
869 1276 1091 1323 intensio,
1117 1281 1166 1315 ut
1189 1274 1338 1314 tribus
1354 1273 1626 1314 monialium
1643 1285 1807 1313 coeno-

173 1351 285 1401 biis,
308 1357 404 1390 tum
428 1348 773 1399 concionando,
797 1354 895 1388 tum
921 1346 1119 1399 publicis
1141 1345 1429 1397 priuatisque
1463 1344 1634 1384 habitis
1670 1346 1806 1384 collo-

175 1422 310 1474 quiis,
348 1420 643 1473 perlustratis
677 1432 770 1460 non
803 1419 902 1459 sine
936 1418 1091 1458 fructu
1124 1416 1241 1456 haec
1277 1421 1602 1456 consummata
1638 1421 1707 1455 est
1743 1416 1808 1455 vi-

172 1493 345 1533 sitatio.

254 1563 499 1615 Quaedam
520 1569 675 1602 autem
695 1561 917 1612 religiosa
937 1560 990 1600 40
1020 1570 1272 1609 annorum,
1305 1569 1425 1609 quae
1455 1558 1549 1597 iam
1582 1557 1635 1597 20
1662 1569 1808 1597 annos

177 1635 420 1686 religionis
453 1634 663 1674 habitum
697 1631 923 1684 portauit,
961 1631 1043 1671 sed
1077 1630 1124 1670 in
1160 1635 1289 1669 tanta
1326 1629 1468 1669 animi
1507 1639 1728 1679 pressura
1764 1634 1810 1667 et

180 1705 497 1746 conscientiae
534 1710 670 1744 reatu
696 1703 837 1753 vixit,
866 1709 916 1742 ut
943 1701 1063 1741 mori
1097 1700 1272 1752 potius,
1310 1711 1450 1751 quam
1485 1699 1683 1750 amplius
1718 1700 1809 1739 tale

175 1789 293 1817 onus
324 1782 512 1828 gestare
542 1776 756 1826 eligeret,
793 1773 928 1814 nobis
955 1772 1170 1813 confessa
1199 1784 1254 1811 ac
1283 1771 1568 1811 salutaribus
1590 1770 1807 1810 corrobo-

173 1855 278 1889 rata
299 1848 489 1888 viuendi
509 1846 738 1897 consiliis,
762 1846 932 1885 mirum
953 1851 1180 1895 quantum
1202 1843 1248 1882 in
1271 1842 1410 1882 corde
1443 1842 1502 1882 sit
1532 1841 1805 1889 illuminata,

173 1919 471 1971 quodliterae
487 1918 586 1958 eius
603 1922 847 1965 testantur,
867 1915 1033 1967 quibus
1051 1926 1100 1954 se
1113 1913 1275 1954 scribit
1291 1913 1384 1953 iam
1401 1912 1661 1964 incoepisse
1679 1912 1811 1964 quasi

177 1991 353 2031 nouitia
374 1990 464 2030 hoc
494 2000 617 2029 anno
650 1988 870 2028 inuestita
901 1992 1038 2027 esset.
1076 1985 1286 2025 Alterius
1322 1984 1566 2024 cuiusdam
1601 1982 1812 2023 coenobii

174 2061 458 2102 venerabilis
493 2059 769 2110 Abbatissa,
807 2070 866 2098 ex
902 2069 992 2109 quo
1027 2055 1149 2096 Rdus
1176 2056 1251 2096 Pr.
1282 2067 1352 2095 nr.
1382 2055 1622 2095 Adrianus
1653 2053 1811 2094 ¹illam

175 2133 332 2173 inuisit
354 2144 460 2173 cum
480 2137 577 2171 toto
598 2131 799 2170 filiarum
821 2134 978 2179 coetu,
1003 2139 1186 2167 summa
1208 2138 1314 2166 cum
1337 2125 1640 2166 veneratione
1658 2136 1808 2164 nram.

175 2210 522 2256 prosequuntur
543 2202 836 2251 societatem,
861 2200 1058 2240 multum
1075 2198 1186 2237 nris.
1208 2197 1473 2237 afficiuntur
1489 2196 1807 2236 concionibus.

174 2274 309 2315 Unde
340 2274 535 2325 contigit
563 2274 610 2313 in
642 2271 845 2324 quodam
875 2274 1153 2321 magnatum
1184 2268 1423 2318 conuiuio,
1461 2267 1541 2307 ubi
1570 2267 1707 2307 valde
1739 2267 1811 2307 de-

175 2346 301 2386 trahi
321 2345 499 2385 solebat
520 2356 649 2384 nrae.
674 2342 914 2393 societati,
940 2341 1057 2381 duas
1083 2339 1313 2392 praedicti
1344 2338 1558 2378 coenobii
1585 2338 1812 2378 interesse

176 2417 284 2457 Ill.es
304 2416 451 2456 Dnas.
476 2426 595 2467 quae
616 2414 889 2454 societatem
909 2411 1052 2452 tantis
1073 2410 1289 2450 laudibus
1319 2410 1603 2459 extulerunt,
1635 2414 1685 2448 ut
1714 2410 1811 2448 nul-

177 2489 249 2528 lus
270 2487 469 2527 aliorum
489 2485 688 2537 amplius
716 2484 913 2524 verbum
941 2482 1139 2523 iniuriae
1172 2481 1218 2521 in
1249 2481 1375 2521 illam
1406 2480 1595 2519 iniicere
1623 2491 1811 2530 praesu-

178 2564 339 2599 meret.

258 2629 460 2680 Quidam
480 2627 660 2668 iuuenis
680 2632 923 2678 promotus
944 2637 1067 2665 anno
1091 2623 1340 2676 superiori,
1373 2621 1548 2673 ingenii
1578 2621 1809 2671 acumine,

179 2700 488 2751 omnibusque
522 2705 720 2740 naturae
750 2697 937 2737 dotibus
976 2696 1090 2736 satis
1131 2694 1350 2745 insignis,
1392 2692 1572 2743 spualia
1613 2691 1814 2732 absoluit

177 2771 430 2821 exercitia,
454 2770 501 2809 in
523 2769 689 2821 quibus
714 2780 763 2808 se
783 2773 932 2808 totum
953 2766 1170 2807 societati
1191 2763 1464 2815 resignauit.

257 2841 309 2881 In
329 2840 698 2881 confessionibus
720 2845 765 2879 et
787 2837 1113 2879 communione
1130 2834 1435 2887 frequentiori
1452 2834 1499 2874 in
1515 2833 1614 2874 dies
1631 2833 1813 2874 fructus

179 2919 398 2964 augetur;
438 2910 786 2952 confunduntur
826 2909 1043 2959 subinde,
1085 2907 1163 2959 qui
1201 2905 1449 2958 prudentia
1490 2905 1670 2945 carnali
1719 2917 1811 2945 rna-

236 3073 243 3092 ¹
285 3073 319 3100 Ρ.
335 3071 507 3100 Adrianus
522 3070 782 3098 Adriaenssens.
