2168 3437
355 286 426 324 412
869 283 1095 319 LlTTERAE
1123 291 1479 324 QUAmuMsssrREs

1089 731 1268 786 OCLI

428 999 472 1035 Ρ.
497 997 725 1035 Arnoldus
744 997 920 1034 Hezeus

477 1063 600 1101 Patri
618 1063 789 1110 Ignatio
808 1062 862 1099 de
881 1061 1069 1110 Loyola.

526 1128 741 1174 Lovanio,
762 1127 805 1164 17
824 1126 1099 1174 Septembris
1117 1125 1208 1163 1553
1229 1126 1254 1161 ¹.

434 1372 507 1412 Ex
528 1371 631 1411 aliis
653 1370 861 1422 ejusdem
882 1370 896 1389 ²
921 1371 967 1410 17
989 1369 1276 1422 Septembris
1301 1369 1415 1410 1553.

435 1441 705 1493 Scripturus
744 1453 864 1493 quae
903 1441 991 1481 Dei
1031 1440 1189 1492 optim.
1228 1452 1351 1480 max.
1394 1440 1641 1480 clementia
1677 1439 1748 1479 his
1782 1439 1998 1490 proxime

356 1520 555 1566 quatuor
576 1513 813 1553 mensibus
834 1512 911 1552 hic
933 1518 1038 1552 acta
1061 1513 1174 1563 sint,
1197 1511 1407 1551 laconice
1428 1511 1587 1563 plane,
1607 1509 1741 1561 juxta
1769 1510 1829 1551 V.
1861 1509 1915 1550 R.
1944 1509 1995 1549 P.

356 1584 660 1634 desiderium,
684 1596 739 1624 ea
761 1583 1021 1633 dumtaxat,
1047 1595 1165 1634 quae
1186 1582 1233 1622 in
1256 1581 1459 1634 proximi
1486 1587 1689 1633 vergant
1717 1580 1997 1621 aedificatio-

357 1667 487 1706 nem,
510 1654 748 1695 narranda
769 1660 1002 1706 putamus.

438 1727 560 1767 Hinc
586 1726 789 1777 primum
816 1726 957 1766 subiit
986 1725 1192 1765 animum
1222 1725 1341 1764 mira
1370 1724 1417 1764 in
1445 1724 1544 1764 dies
1571 1724 1813 1763 hominum
1840 1722 1899 1763 ad
1929 1734 1998 1763 sa-

357 1799 491 1838 niora
519 1797 714 1838 mutatio
743 1803 788 1838 et
815 1796 908 1837 alia
935 1797 1076 1847 longe
1105 1808 1246 1848 quam
1275 1802 1436 1846 antea,
1470 1795 1797 1846 (maximarum
1819 1794 1997 1846 praeci-

357 1881 446 1922 pue
468 1868 820 1921 personarum),
841 1868 896 1909 de
919 1867 1153 1909 Societate
1174 1873 1337 1907 nostra
1361 1878 1578 1917 censere,
1604 1865 2000 1917 quemadmodum

356 1942 586 1993 applausu
609 1940 812 1992 quodam
838 1951 1113 1991 summoque
1137 1939 1280 1979 animi
1308 1937 1479 1978 affectu
1507 1938 1722 1978 omnibus
1748 1937 1898 1978 modis
1929 1949 1997 1978 os-

356 2012 546 2052 tendere
576 2012 803 2051 nituntur.
841 2011 976 2062 Quod
1006 2010 1193 2062 quidem
1219 2009 1268 2049 P.
1302 2008 1502 2050 Adriani
1530 2008 1839 2060 professionis
1865 2020 1997 2048 reno·

354 2083 544 2123 vatione
566 2082 579 2101 ³
602 2083 784 2123 abunde
806 2082 962 2122 docuit
984 2081 1297 2133 experientia,
1322 2092 1463 2132 quam
1488 2078 1504 2098 ‘⁴
1532 2086 1720 2131 praeter
1748 2081 2001 2120 multorum

355 2153 663 2195 offensionem
683 2153 990 2193 intermittere
1017 2152 1098 2193 vix
1119 2152 1361 2204 potuisset.

434 2224 614 2266 Verum
644 2230 820 2277 quanta
849 2223 1116 2275 hujusmodi
1143 2222 1468 2263 aedificatione
1497 2228 1602 2262 acta
1630 2222 1712 2273 sit,
1744 2222 1845 2273 ipsa
1876 2233 1997 2261 com-

356 2297 695 2337 municantium
719 2302 764 2336 et
785 2296 1060 2336 concionem
1088 2294 1376 2334 audientium
1405 2293 1539 2344 (quae
1567 2305 1593 2333 a
1621 2292 1823 2344 quodam
1849 2292 1997 2343 Magi-

357 2373 453 2408 stro
473 2373 636 2408 nostro
658 2373 728 2408 est
748 2366 925 2417 habita)
948 2366 1063 2406 satis
1086 2365 1288 2405 ostendit
1308 2364 1592 2415 frequentia,
1619 2375 1737 2415 quae
1759 2369 1890 2403 tanta
1911 2363 1997 2403 fuit

357 2444 531 2490 quanta
553 2439 592 2479 si
612 2439 870 2479 maximum
891 2437 1001 2477 anni
1021 2436 1185 2476 fuisset
1207 2435 1493 2476 celebratum
1512 2434 1697 2482 festum;
1718 2446 1803 2475 nec
1825 2434 1911 2474 fuit
1932 2434 1997 2484 (ut

358 2521 416 2549 ex
437 2510 635 2550 aliorum
656 2509 924 2561 accepimus
949 2506 1115 2557 relatu)
1146 2507 1245 2546 sive
1278 2506 1582 2557 coniugatus,
1616 2506 1716 2546 sive
1745 2505 1996 2559 studiosus,

357 2580 457 2620 sive
474 2581 737 2632 religiosus,
757 2580 835 2631 qui
852 2586 950 2619 tum
967 2590 1026 2618 ex
1047 2578 1149 2629 ipsa
1166 2577 1407 2628 concione,
1427 2588 1546 2628 quae
1564 2577 1771 2616 omnium
1792 2582 2000 2616 statuum

357 2652 755 2703 complectebatur
776 2649 1153 2696 renovationem,
1177 2653 1276 2688 tum
1296 2660 1354 2688 ex
1375 2647 1443 2688 rei
1464 2647 1648 2687 actione
1668 2680 1675 2696 ,
1700 2647 1747 2687 in
1769 2658 1853 2687 suo
1876 2652 2001 2686 statu

359 2723 629 2762 consolatus
650 2734 744 2762 non
766 2721 919 2762 fuerit.

411 2858 421 2877 ¹
462 2858 722 2893 Apographum,
739 2859 772 2886 in
788 2857 878 2885 foliis
893 2856 947 2885 328
961 2861 994 2884 et
1008 2856 1070 2884 329.

410 2904 424 2923 2
463 2904 525 2931 Est
542 2905 604 2931 hoc
621 2904 859 2939 apographum
870 2906 947 2938 post
964 2902 1045 2930 illud
1060 2902 1257 2929 litterarum
1270 2901 1420 2936 ejusdem
1434 2901 1579 2929 Arnoldi
1592 2901 1624 2927 17
1636 2899 1713 2942 Maii
1731 2900 1899 2934 datarum,
1913 2899 2000 2933 quod

364 2951 610 2985 descripsimus
625 2959 739 2986 supra.
755 2959 833 2986 pag.
848 2950 910 2978 301.

411 2998 424 3017 ⁵
461 2997 641 3026 Renovare
657 2999 789 3033 publice
809 2998 953 3032 singulis
976 2997 1073 3024 annis
1093 2996 1339 3031 professionem
1359 2996 1539 3024 consuevit
1561 2996 1596 3023 P.
1622 2995 1794 3023 Adrianus
1811 2994 1999 3021 Adriaens-

360 3052 437 3072 sens
451 3045 659 3073 Lovaniensi
679 3046 789 3073 domui
805 3045 1037 3080 praepositus.

413 3093 428 3112 ⁴
466 3093 685 3126 professionis
700 3093 970 3121 renovationem.
