2168 3437
871 279 956 317 AN.
987 279 1077 317 1554
1715 282 1786 320 507

149 375 347 427 pertatis
369 375 600 415 desideria
621 376 835 416 omittam
857 376 992 428 (quae
1011 376 1223 417 fecerunt
1250 383 1299 417 ut
1329 378 1527 419 annulos
1557 384 1602 418 et
1630 380 1782 419 armil-

149 446 221 486 las
241 457 411 486 aureas
432 446 491 486 ad
512 445 655 497 pedes
681 445 965 487 Abbatissae
991 447 1315 500 proficerent),
1344 454 1501 489 tantus
1527 455 1597 489 est
1626 449 1782 490 feruor

151 517 377 557 orationis
398 523 448 557 ut
476 516 604 557 Patri
631 517 830 557 relatum
857 517 916 557 sit
942 518 1134 569 multas,
1167 530 1258 570 quo
1290 525 1471 571 tempus
1500 526 1783 561 nocturnum

150 587 351 628 orationi
390 588 596 628 dandum
632 588 806 628 certius
844 594 987 638 esset,
1031 588 1208 629 diurnis
1243 590 1452 630 vestibus
1493 591 1680 631 indutas
1711 603 1781 632 so-

148 670 309 698 mnum
325 670 493 710 capere
510 660 661 698 solere
676 670 684 707 ;
703 659 982 699 adueniente
999 665 1156 699 autem
1171 660 1302 711 hora,
1323 661 1382 701 ad
1400 661 1596 702 chorum
1614 674 1779 703 conue-

151 729 345 770 niebant
382 729 705 770 meditaturae.
749 729 1101 770 Confessionem
1140 731 1281 771 etiam
1318 733 1587 783 generalem
1625 733 1782 774 facere

148 800 415 852 cupiebant.

228 871 330 911 Hoc
361 872 512 922 ipsum
542 877 586 911 et
618 872 676 912 ab
708 872 812 912 aliis
841 873 1140 913 monasteriis
1169 874 1456 924 postulatum
1484 881 1575 926 est;
1613 887 1781 916 verum

148 943 468 993 operariorum
487 943 645 994 inopia
660 943 772 983 facit
789 949 837 984 ut
850 944 1064 984 omnibus
1082 944 1300 984 satisfieri
1316 952 1530 997 nequeat3
1548 958 1658 986 nam
1674 947 1782 987 licet

147 1013 320 1063 singuli
342 1020 540 1065 quatuor
562 1015 885 1065 operariorum
905 1015 1035 1055 vices
1056 1016 1243 1066 explere
1265 1023 1476 1068 possent,
1499 1029 1593 1057 non
1620 1018 1780 1058 dubito

148 1085 259 1136 quin
283 1096 376 1125 non
408 1085 559 1124 solum
587 1085 747 1136 vinea,
779 1085 825 1125 in
854 1086 1264 1142 qua11aborarent‚
1295 1087 1376 1127 sed
1403 1094 1447 1127 et
1474 1088 1674 1139 fructus,
1705 1089 1782 1140 qui

148 1155 534 1207 decerperentur,
573 1156 687 1195 satis
722 1156 890 1196 uberes
923 1168 1017 1196 non
1049 1155 1247 1196 fuissent
1281 1157 1528 1208 defecturi;
1566 1160 1781 1210 quamuis

148 1226 272 1266 enim
292 1227 424 1266 multi
445 1227 560 1276 sint,
585 1226 664 1278 qui
686 1232 849 1266 sancta
871 1232 1170 1267 sacramenta
1201 1228 1506 1269 confessionis
1537 1236 1581 1269 et
1601 1231 1779 1270 Eucha-

149 1297 309 1338 ristiae
331 1297 651 1349 frequentant,
674 1299 820 1338 multo
841 1299 998 1349 plures
1027 1299 1332 1349 proculdubio
1355 1300 1401 1339 id
1429 1306 1583 1340 essent
1611 1301 1781 1341 facturi

148 1367 220 1418 (ut
253 1368 437 1408 animus
472 1379 588 1419 erga
623 1368 811 1409 Patrem
847 1374 892 1409 et
925 1368 1209 1409 Societatem
1243 1369 1381 1410 huius
1414 1372 1573 1422 populi
1611 1374 1704 1420 est)
1742 1373 1781 1412 si

149 1445 306 1478 essent
327 1451 386 1479 ex
407 1439 519 1479 nris.
543 1439 620 1491 qui
641 1439 850 1480 infirmos
870 1451 1031 1479 eorum
1056 1446 1252 1480 conatus
1273 1441 1564 1482 adiuuarent.

230 1509 408 1550 Diebus
443 1510 616 1561 elapsis
641 1510 774 1550 multi
801 1511 858 1550 ab
890 1510 1241 1562 inquisitoribus
1271 1524 1354 1563 per
1386 1524 1468 1552 ora
1499 1514 1658 1565 populi
1691 1520 1780 1554 tra-

149 1581 429 1631 ductisunt,
459 1587 504 1621 et
533 1581 657 1621 latae
685 1581 732 1621 in
759 1593 838 1621 eos
865 1582 1123 1622 sententiae
1150 1584 1497 1634 promulgatae3
1529 1590 1780 1633 antequam

147 1663 261 1692 vero
282 1652 329 1691 in
345 1652 583 1704 publicum
600 1652 988 1704 producerentur,
1009 1653 1087 1704 qui
1105 1654 1368 1694 huiusmodi
1385 1656 1628 1696 sententiis
1647 1662 1780 1696 erant

147 1723 357 1773 obnoxii,
382 1724 647 1774 postulante
670 1724 964 1775 inquisitore,
988 1724 1077 1764 duo
1099 1724 1269 1765 fratres
1300 1738 1540 1766 carcerem
1567 1727 1780 1767 adierunt

147 1805 227 1833 eos
247 1794 567 1845 exhortaturi,
593 1794 671 1846 qui
687 1795 1041 1846 magistratibus
1058 1796 1381 1837 saecularibus
1398 1796 1613 1837 tradendi
1630 1805 1778 1849 erant,

147 1865 222 1904 cui
241 1865 309 1905 rei
329 1877 411 1916 per
430 1865 548 1905 duos
566 1864 664 1905 dies
682 1877 874 1917 operam
892 1865 1134 1906 dederunt.
1154 1866 1509 1908 Confessionem
1526 1869 1681 1919 unius,
1703 1870 1780 1921 qui

145 1935 244 1986 igni
278 1936 555 1976 commissus
584 1942 672 1986 est,
711 1936 851 1976 Pater
881 1937 1155 1977 Emmanuel
1189 1937 1466 1979 Fernandus
1505 1940 1552 1979 in
1588 1952 1778 1980 carcere

145 2007 343 2058 audiuit,
386 2019 524 2058 quem
560 2007 619 2047 ad
654 2018 821 2058 rogum
856 2009 1204 2060 reconciliauit,
1244 2015 1381 2061 atque
1418 2010 1483 2060 (ut
1517 2011 1777 2062 speramus)

142 2077 342 2128 benigne
364 2090 391 2117 a
412 2077 532 2118 Dno.
558 2084 803 2130 susceptus
825 2085 918 2129 est;
943 2091 1029 2119 nec
1062 2079 1220 2120 dubito
1249 2080 1359 2131 quin
1386 2080 1585 2121 fratrum
1612 2081 1772 2133 depre-

147 2148 409 2188 cationibus
435 2149 686 2200 plurimum
714 2148 857 2189 adiuti
887 2150 1000 2200 sint;
1034 2161 1088 2190 eo
1117 2151 1240 2190 enim
1267 2150 1361 2202 die,
1392 2163 1483 2203 quo
1511 2158 1644 2192 erant
1671 2165 1773 2204 pro—

143 2218 364 2269 ducendi,
387 2220 556 2270 longas
576 2231 742 2271 preces
763 2226 903 2271 atque
920 2220 1247 2261 meditationes
1264 2221 1540 2262 habuerunt.
1571 2213 1787 2274 Congre-'

143 2290 270 2340 gatis
300 2290 441 2330 etiam
468 2290 581 2340 ipsis
611 2289 643 2338 ¹,
673 2302 868 2330 numero
900 2291 1088 2331 circiter
1121 2291 1192 2343 30,
1230 2292 1521 2344 Inquisitoris
1554 2294 1777 2345 petitione

142 2360 191 2401 P.
233 2361 508 2401 Emmanuel
546 2360 824 2401 Fernandus
863 2362 1009 2402 verba
1050 2362 1160 2402 fecit
1206 2375 1300 2403 non
1345 2364 1444 2403 sine
1490 2364 1777 2405 audientium

143 2432 414 2483 lachrymis.

220 2502 398 2542 Eodem
415 2502 554 2542 Patre
575 2503 911 2554 instrumento,
940 2504 1172 2545 Dominus
1200 2517 1384 2557 quoque
1409 2506 1521 2546 illud
1552 2512 1775 2558 operatus

142 2579 234 2624 est,
259 2573 381 2624 quod
402 2585 494 2613 non
516 2574 814 2614 mediocriter
833 2575 1159 2625 proximorum
1181 2576 1362 2616 animos
1391 2577 1449 2616 ad
1476 2576 1648 2616 Diuina
1679 2589 1775 2618 ere-

141 2645 230 2695 xit,
254 2644 377 2696 quod
399 2655 505 2684 cum
525 2644 665 2684 Pater
686 2645 993 2695 comperisset
1014 2658 1071 2686 ex
1093 2647 1382 2698 principibus
1411 2647 1613 2687 ciuitatis
1642 2648 1690 2688 in
1717 2660 1771 2688 ea

143 2715 392 2766 societate,
418 2727 558 2767 quam
575 2715 926 2756 misericordiae
947 2724 1121 2757 vocant
1142 2716 1180 2768 ⁶²,
1209 2718 1401 2758 nomina
1429 2718 1632 2759 dedisset
1659 2718 1697 2768 ³,
1728 2720 1775 2759 in

193 2900 204 2920 1
244 2899 416 2934 Supplicio
431 2900 502 2927 sive
518 2899 647 2932 mortis,
661 2900 733 2928 sive
749 2900 1004 2935 flagellationis,
1021 2901 1093 2928 sive
1109 2902 1264 2936 publicae
1279 2902 1485 2936 ignominiae
1502 2903 1684 2932 damnatis.

193 2948 208 2967 2
244 2947 332 2975 Vide
348 2955 462 2982 supra,
475 2954 553 2981 pag.
568 2947 622 2974 444
636 2950 669 2974 et
684 2954 762 2982 pag.
774 2947 837 2982 470,
853 2952 967 2975 annot.
982 2949 1009 2975 3.

193 2995 208 3014 5
244 2994 310 3028 Sic;
325 2995 482 3030 syntaxis
498 2997 612 3021 tamen
626 2998 660 3021 et
674 3002 792 3022 sensus
809 2994 949 3029 exigere
963 2995 1124 3024 videntur
1139 3001 1176 3024 ut
1192 2997 1365 3025 scribatur
1382 2998 1446 3025 hoc
1462 2999 1579 3027 modo:
1595 3000 1609 3012 “
1621 3007 1697 3027 cum
1713 3000 1776 3027 Pa-

140 3045 193 3069 ter
207 3042 427 3076 comperisset
443 3050 485 3068 ex
504 3041 711 3076 principibus
733 3042 885 3070 civitatis
907 3043 1043 3077 [plures]
1066 3044 1100 3071 in
1121 3051 1161 3071 ea
1183 3044 1368 3080 societate,
1394 3053 1496 3080 quam
1515 3046 1773 3075 Misericordiae

140 3093 275 3122 vocant,
289 3090 424 3117 nomina
439 3089 602 3117 dedisse...
618 3110 633 3123 „
