2168 3437
353 251 424 289 188
865 250 1094 288 LITTERAE
1122 260 1480 293 QUADRIMESTRES

353 349 562 399 affectus,
586 349 774 388 monitis
797 354 840 388 et
867 348 1074 388 consiliis
1095 347 1249 388 Patris
1269 348 1407 388 rediit
1428 348 1475 388 in
1496 360 1600 388 eam
1627 354 1829 390 mentem
1858 356 1902 390 et
1924 352 1997 390 sui·

354 420 501 468 ipsius
523 420 855 470 cognitionem,
880 426 929 459 ut
949 431 1042 459 non
1064 420 1215 459 solum
1242 419 1537 460 confessione
1564 420 1822 460 remedium
1849 421 1995 472 inqui-

353 491 497 541 sierit,
521 490 603 531 sed
624 498 667 530 et
700 490 989 530 adversariis
1015 490 1212 531 libenter
1239 490 1595 542 condonaverit,
1626 503 1651 531 a
1681 492 1848 543 quibus
1874 494 2001 533 male

351 562 436 602 suit
465 563 754 608 vulneratus,
793 561 1049 602 maximam
1082 561 1251 602 mentis
1285 563 1670 614 tranquillitatem
1700 569 1744 603 et
1772 563 1996 615 gaudium

352 633 457 673 inde
480 637 786 672 consecutus:
808 633 927 673 alius
948 632 1147 673 infectus
1167 633 1406 684 perversis
1423 635 1749 685 contrafidem
1771 635 1995 686 opinioni-

351 704 436 744 bus
459 704 580 753 (cum
600 710 759 744 tamen
781 710 903 744 esset
924 704 1095 744 indicio
1116 716 1203 744 sno
1225 704 1347 744 satis
1370 705 1552 754 doctus)
1576 706 1623 745 in
1649 705 1803 746 Patris
1830 718 1996 747 manus

351 775 534 826 incidit,
559 782 604 816 et
632 788 686 815 ea
718 776 902 816 ratione
931 782 1185 816 revocatus
1214 782 1284 816 est
1311 777 1369 816 ab
1399 778 1648 827 erroribus,
1685 783 1734 817 ut
1764 779 1997 829 posterius

352 846 651 888 induceretur
673 848 719 888 in
741 859 964 898 magnam
992 860 1104 888 suae
1128 848 1371 888 caecitatis
1401 848 1762 889 admirationem
1790 861 1843 889 ac
1866 861 1996 900 prae-

351 918 530 959 dicaret
543 924 961 959 commemoratum
969 919 1159 959 Patrem
1173 931 1271 959 rem
1283 920 1577 970 praeclaram
1591 921 1812 971 gessisse,
1827 921 1997 972 quippe

351 990 428 1041 qui
450 991 699 1042 eripuisset
721 990 819 1030 eius
841 991 1047 1030 animam
1069 1003 1127 1030 ex
1148 990 1296 1030 hostis
1325 991 1565 1039 manibus3
1592 998 1635 1031 et
1665 991 1869 1039 tandem,
1894 1004 1995 1043 pec-

352 1067 564 1101 catorum
593 1062 721 1102 luctu
752 1068 796 1102 et
818 1062 1112 1102 confessione
1133 1062 1407 1108 illustratus,
1445 1062 1647 1102 removit
1676 1075 1702 1102 a
1724 1075 1772 1103 se
1801 1074 1999 1113 prorsus

353 1133 642 1184 opinionem,
679 1144 735 1172 ac
771 1133 952 1184 quoties
982 1132 1170 1173 Patrem
1204 1133 1419 1173 eumdem
1454 1134 1688 1183 convenit,
1723 1134 1787 1174 illi
1815 1135 2001 1186 gratias

353 1204 451 1255 agit
481 1205 711 1255 singulari
731 1205 857 1255 grati
878 1205 1021 1244 animi
1051 1205 1410 1255 significatione.
1442 1205 1714 1245 Invisuntur
1743 1212 1787 1246 et
1818 1207 1880 1256 hi,
1919 1206 1996 1257 qui

351 1276 397 1315 in
419 1276 632 1316 custodia
659 1282 889 1325 tenentur,
921 1287 1093 1326 magno
1121 1287 1225 1315 cum
1246 1277 1440 1327 fructu,
1471 1277 1642 1328 quippe
1671 1289 1777 1317 cum
1806 1289 1891 1317 sua
1916 1277 2001 1317 hu*

354 1348 550 1387 militate
572 1354 616 1388 et
637 1348 947 1388 submissione
969 1348 1027 1388 ad
1050 1348 1379 1399 excipiendum
1395 1348 1543 1388 cibum
1571 1349 1859 1400 spiritualem
1882 1349 1997 1388 satis

357 1419 570 1470 dispositi
591 1419 697 1459 sint.
722 1419 863 1471 Apud
883 1420 969 1459 hos
990 1431 1103 1470 ergo
1126 1426 1284 1459 noster
1313 1419 1450 1459 Pater
1473 1421 1620 1460 verba
1640 1420 1752 1460 facit
1781 1420 1998 1460 hortatus

353 1490 413 1529 ad
434 1496 735 1541 peccatorum
758 1491 949 1537 luctum,
974 1497 1019 1530 et
1041 1491 1086 1530 in
1101 1490 1290 1530 miseria
1309 1491 1583 1542 patientiam
1603 1490 1993 1542 amplectandam:

358 1562 581 1612 importat
607 1561 749 1601 etiam
770 1573 930 1601 secum
952 1574 1136 1613 panem,
1161 1573 1294 1612 quem
1317 1563 1514 1613 singulis
1550 1563 1790 1613 elargitur.
1830 1562 1997 1603 Cuncti

358 1632 531 1672 Christi
551 1633 655 1673 Iesu
672 1633 961 1684 benignitate
984 1639 1091 1673 sunt
1113 1633 1331 1682 confessi,
1351 1640 1396 1673 et
1419 1634 1537 1674 alter
1554 1634 1688 1673 alteri
1711 1634 1998 1674 condonavit

357 1703 552 1744 iniurias
581 1710 815 1755 acceptas.
848 1705 910 1744 At
945 1716 1059 1744 vero
1089 1716 1195 1744 cum
1224 1705 1315 1744 illic
1344 1705 1534 1756 quidam
1556 1704 1886 1753 custodiretur,
1920 1705 1996 1755 qui

353 1775 480 1814 nullo
498 1775 637 1815 modo
660 1787 715 1815 ac
733 1775 915 1815 ratione
944 1775 1018 1815 vel
1049 1775 1266 1826 exemplo
1294 1775 1502 1815 all'ommz
1530 1776 1704 1827 impelli
1733 1782 1918 1827 poterat
1948 1782 1998 1815 ut

352 1846 554 1886 inimicis
576 1846 805 1886 iniuriam
827 1848 1135 1897 condonaret,
1156 1853 1254 1887 turn
1285 1847 1474 1898 quidam
1496 1846 1634 1887 Pater
1660 1859 1718 1886 ex
1739 1847 1913 1887 nostris
1937 1847 1996 1887 ad

352 1917 451 1956 eius
472 1917 614 1968 pedes
644 1929 746 1958 sese
776 1918 1048 1969 prostravit,
1079 1930 1134 1957 ac
1171 1918 1436 1958 vehementi
1472 1918 1663 1969 spiritus
1692 1918 1883 1969 impetu,
1914 1929 1997 1969 per

351 2000 561 2028 amorem
583 1988 762 2040 (inquit)
785 1988 971 2038 Christi,
1003 1989 1080 2040 qui
1110 1989 1240 2029 cruci
1269 1989 1433 2029 affixus
1464 1989 1664 2029 inimicis
1691 1989 1916 2040 pepercit,
1953 1995 1996 2028 et

350 2065 399 2098 tu
435 2060 592 2099 omnia
621 2060 835 2100 condona
865 2060 1080 2108 inimicis,
1120 2067 1163 2100 et
1190 2060 1320 2100 Deus
1347 2060 1430 2100 tibi
1464 2066 1543 2100 tua
1581 2059 1879 2100 condonabit.
1912 2059 1997 2099 Re-

350 2137 489 2181 pente
511 2143 592 2170 cor
614 2131 815 2171 hominis
837 2144 1033 2171 saxeum
1055 2138 1124 2172 est
1142 2131 1422 2178 emollz'tmn,
1440 2137 1484 2171 et
1512 2132 1578 2171 rei
1600 2137 1789 2182 stupore
1813 2137 1994 2182 captus,

350 2202 523 2242 clamat
543 2214 593 2242 se
614 2203 850 2242 universis
869 2203 1130 2253 ignoscere,
1157 2208 1201 2242 et
1228 2203 1427 2254 amplius
1456 2203 1578 2242 nolle
1602 2202 1779 2251 ulcisci,
1813 2202 1895 2242 sed
1916 2214 1994 2253 po-

350 2273 442 2313 tius
465 2272 674 2324 perferre
696 2274 928 2324 patienter
950 2286 1136 2314 omnem
1171 2274 1391 2313 iniuriam
1418 2280 1462 2313 et
1499 2274 1848 2313 adversitatem.
1882 2273 1994 2313 Erat

350 2344 521 2385 ibidem
542 2345 705 2385 mulier
728 2345 960 2396 quaedam
981 2345 1153 2402 pannis
1171 2352 1214 2384 et
1233 2346 1450 2396 squalore
1473 2345 1645 2395 obsita3
1667 2345 1761 2395 egit
1779 2355 1893 2395 ergo
1912 2343 1991 2384 Pa-

351 2422 419 2455 ter
448 2416 572 2467 apud
600 2415 885 2467 Episcopum
920 2422 969 2455 ut
1004 2416 1046 2455 ei
1082 2416 1278 2456 donaret
1318 2416 1602 2455 necessaria.
1648 2416 1713 2456 Ea
1755 2416 1910 2467 itaque
1948 2416 1995 2455 in

351 2498 537 2537 eorum,
556 2487 633 2537 qui
651 2487 697 2526 in
714 2498 907 2526 carcere
926 2487 1262 2535 versabantur,
1285 2488 1483 2526 salutem
1501 2487 1713 2526 adhibita
1729 2493 1799 2526 est
1819 2498 1931 2526 cura
1950 2494 1994 2527 et

351 2569 509 2608 opera,
535 2565 585 2598 ut
607 2569 769 2598 omnes
791 2557 1062 2597 (tedmarum
1085 2569 1288 2597 suarum
1310 2558 1465 2598 saluti
1482 2557 1810 2597 consuluerint
1832 2564 1874 2597 et
1897 2569 1992 2597 ma-

350 2628 476 2668 xima
498 2629 544 2668 in
566 2628 771 2669 Domino
794 2629 1116 2668 consolatione
1138 2628 1532 2680 expletifiterint.
1558 2628 1808 2668 Praeterea
1832 2634 1989 2668 custos

350 2700 572 2749 carceris,
605 2711 711 2740 curn
746 2712 908 2748 uxore,
940 2699 1069 2740 Patri
1097 2706 1291 2750 peccata
1323 2712 1413 2739 sna
1442 2701 1694 2740 triennium
1725 2700 1892 2747 celata,
1932 2700 1994 2738 ad

351 2780 553 2820 quorum
589 2771 955 2821 patefactionem
983 2776 1027 2810 et
1059 2771 1267 2810 dolorem
1297 2771 1427 2822 prius
1460 2770 1630 2811 adduci
1657 2782 1753 2810 non
1787 2776 1986 2821 poterat,

352 2841 596 2881 consessus
617 2842 806 2883 tandem
828 2848 911 2882 est.
937 2842 1159 2882 Vicarius
1180 2841 1321 2881 etiam
1343 2841 1573 2893 Episcopi
1588 2842 1761 2893 pietate
1791 2847 1835 2881 et
1862 2852 1992 2881 reve-

349 2912 501 2951 rentia
524 2923 707 2962 magna
729 2912 787 2951 ad
809 2912 974 2952 Patres
996 2913 1195 2952 accessit
1224 2912 1382 2963 cisque
1412 2912 1656 2952 confessus
1687 2918 1770 2951 est.
1807 2910 1845 2951 O
1882 2917 1993 2962 quot

349 2973 548 3033 animae,
573 2983 620 3022 si
637 2983 852 3034 operarii
865 2994 957 3023 non
975 2984 1207 3034 deessent,
1225 2983 1413 3023 Christo
1431 2989 1728 3034 pararentur,
1747 2988 1791 3022 et
1808 2982 1854 3021 in
1871 2983 1990 3021 salu-

351 3054 410 3093 tis
428 3054 554 3094 viam
571 3054 925 3105 reducerentur,
939 3067 1058 3106 quae
1075 3055 1244 3094 misere
1259 3061 1470 3105 pereunt,
1487 3054 1593 3105 quia
1611 3065 1703 3093 non
1721 3059 1789 3093 est
1808 3053 1885 3104 qui
1907 3063 1993 3092 eas
