2168 3437
330 235 398 273 186
842 236 1069 273 LITTERAE
1097 246 1457 279 QUADRIMESTRES

326 332 418 382 giis
441 331 766 381 admittendis,
788 338 885 372 tum
907 332 1028 372 ratio
1050 331 1300 372 Societatis
1327 332 1373 372 in
1394 332 1678 372 instituenda
1705 331 1966 383 juventute,

327 409 425 443 tum
444 403 596 442 studia
614 403 919 443 humanitatis
939 409 983 443 et
1000 403 1314 454 ingenuarum
1331 404 1502 443 artium
1519 404 1832 444 laudabantur
1851 411 1895 444 et
1909 405 1969 445 ad

326 485 407 513 eas
429 473 756 524 percipiendas
778 474 1061 515 incitabatur
1083 473 1326 526 juventus,
1351 475 1425 515 cui
1453 474 1662 514 interfuit
1688 475 1965 527 Episcopus,

324 550 371 584 et
390 545 578 595 plurimi
603 545 832 596 canonici,
864 545 1043 597 equites
1070 552 1113 586 et
1142 546 1285 586 cives.
1310 546 1489 586 Verum
1516 546 1738 597 quoniam
1765 547 1812 586 in
1833 546 1969 598 hujus

326 615 678 666 vigilantissimi
712 617 916 667 pastoris
952 628 1217 657 sermonem
1246 617 1519 668 incidimus,
1548 629 1645 657 non
1678 618 1969 658 committam

325 686 452 738 quim
482 698 672 726 narrem
712 699 801 739 quo
836 694 1000 739 pacto,
1033 695 1082 728 ut
1110 688 1312 740 primum
1344 689 1391 728 in
1418 689 1539 728 hanc
1576 688 1740 728 urbem
1768 689 1970 740 ingressi

324 768 501 807 sumus,
523 769 608 797 nos
630 764 870 809 tamquam
892 758 1012 799 filios
1037 760 1244 799 maximo
1269 771 1428 799 amore
1446 760 1734 811 complexus,
1766 760 1900 800 nobis
1922 772 1970 801 se

325 835 473 868 totum
488 841 546 868 ex
568 829 722 869 animo
740 830 904 870 obtulit
925 838 970 871 et
993 830 1197 871 studium
1219 842 1354 870 suum
1370 831 1606 882 pollicitus
1624 837 1714 882 est;
1731 831 1855 882 quod
1877 832 1969 883 qui-

324 899 430 939 dem
447 899 629 939 abunde
645 905 901 951 praestare
922 902 1134 942 cernitur
1155 902 1202 941 in
1227 913 1339 942 cura
1362 907 1405 941 et
1427 902 1739 953 solicitudine,
1760 914 1901 954 quam
1923 903 1969 942 in

324 971 500 1011 nostris
527 972 666 1011 rebus
688 972 884 1023 agendis
901 973 1111 1023 suscipit.
1140 973 1245 1026 Jam
1266 973 1336 1012 bis
1356 979 1486 1013 terve
1505 973 1665 1014 invisit
1682 973 1892 1013 scholam
1915 986 1970 1013 ac

324 1053 498 1093 magno
513 1042 807 1094 perfunditur
819 1044 992 1095 gaudio
1011 1056 1117 1084 cum
1133 1056 1305 1096 pueros
1318 1050 1449 1084 tanta
1463 1045 1725 1084 humilitate
1737 1052 1780 1084 et
1800 1044 1971 1096 pietate

325 1120 519 1153 ornatos
541 1114 874 1166 circumspicit,
899 1127 984 1155 nec
1006 1127 1101 1155 non
1121 1116 1247 1155 haud
1265 1127 1432 1167 parum
1453 1128 1512 1155 ex
1532 1116 1679 1155 literis
1701 1127 1780 1155 eos
1801 1121 1969 1167 capere

323 1183 528 1224 fructum
550 1185 779 1236 intelligit.
806 1185 934 1226 Solet
955 1198 1305 1238 nonnumquam
1327 1187 1482 1226 dicere
1510 1187 1699 1226 nomine
1724 1187 1966 1227 doctrinae

323 1256 523 1296 virtutes
545 1267 647 1296 esse
664 1257 954 1297 inserendas.
975 1257 1018 1297 Is
1039 1258 1196 1309 itaque
1217 1258 1262 1297 in
1280 1258 1460 1297 cunctis
1478 1258 1616 1298 rebus
1635 1270 1770 1309 opem
1788 1258 1891 1307 fert,
1914 1269 1967 1297 ac

322 1327 400 1366 ille
418 1327 629 1378 quidem,
654 1328 693 1367 si
715 1328 891 1368 divitiis
913 1340 968 1368 ac
996 1329 1158 1369 mundi
1179 1330 1345 1380 opibus
1367 1328 1596 1379 afflueret,
1621 1329 1756 1369 nobis
1776 1340 1971 1380 prorsus

329 1399 600 1438 necessaria
622 1399 777 1439 omnia
799 1399 1094 1450 elargiretur.
1127 1399 1191 1440 At
1212 1412 1326 1440 vero
1348 1412 1434 1452 pro
1455 1400 1674 1440 tenuibus
1705 1400 1802 1440 suis
1828 1399 1970 1439 fortu-

321 1469 410 1520 nis,
444 1469 491 1508 in
524 1481 610 1509 nos
645 1470 853 1510 maxima
889 1470 1071 1510 confert
1103 1470 1344 1511 beneficia.
1376 1470 1555 1511 Verum
1588 1478 1638 1511 ut
1673 1471 1732 1510 ad
1767 1470 1813 1511 id
1848 1471 1970 1511 unde

323 1539 519 1580 discessi
541 1547 771 1592 revertar,
797 1542 948 1581 oratio
971 1542 1131 1582 habita
1160 1542 1277 1582 adeo
1305 1543 1482 1594 placuit
1511 1543 1746 1594 Episcopo
1777 1546 1828 1582 nt
1851 1543 1970 1582 dice-

323 1618 414 1651 ret:
441 1612 504 1651 “si
523 1613 856 1663 cognovissem
874 1625 973 1653 rem
989 1620 1085 1654 tam
1103 1619 1211 1665 apte
1228 1619 1272 1654 et
1290 1620 1453 1654 ornate
1470 1613 1777 1664 efficiendam,
1797 1625 1969 1653 convo-

321 1694 506 1723 cassem
536 1683 714 1735 (inquit)
750 1685 1026 1724 universum
1059 1686 1283 1736 populum
1297 1717 1330 1734 „.
1371 1684 1533 1725 Oratio
1565 1684 1792 1725 satisfecit
1828 1684 1969 1724 etiam

323 1753 521 1804 civibus,
546 1755 669 1794 unde
691 1756 915 1806 nonnulli,
941 1756 1020 1807 qui
1040 1767 1126 1796 nos
1155 1756 1262 1796 odio
1284 1755 1513 1796 hactenus
1545 1756 1964 1807 prosequebantur,

309 1824 422 1875 jam
443 1832 551 1865 sunt
572 1827 706 1866 nobis
735 1827 875 1867 amici
897 1839 952 1867 ac
975 1827 1140 1867 studiis
1169 1827 1344 1867 nostris
1365 1827 1540 1867 favent.
1573 1826 1797 1867 Oratione
1824 1827 1968 1877 igitur

321 1903 557 1948 perorata,
583 1897 772 1949 quidam
793 1910 974 1948 eornm,
1004 1909 1097 1938 non
1118 1898 1311 1950 infimae
1334 1902 1489 1948 notae,
1511 1898 1629 1938 adeo
1651 1897 1737 1938 fuit
1758 1909 1962 1938 commo-

320 1974 396 2007 tus
424 1975 471 2008 ut
504 1980 618 2019 prae
656 1970 831 2019 gaudio
857 1970 1023 2021 flendo
1060 1971 1217 2021 palam
1252 1970 1549 2022 praedicaret
1580 1969 1808 2009 Mutinam
1840 1969 1966 2009 haud

318 2039 511 2090 dignam
533 2051 660 2080 essse
681 2047 844 2081 nostra
866 2041 1202 2081 consuetudine
1225 2047 1269 2081 et
1286 2041 1468 2091 studiis,
1493 2040 1663 2092 quippe
1685 2052 1792 2080 cum
1812 2041 1967 2080 locum

317 2111 686 2151 commodiorem
702 2124 796 2151 non
813 2113 1074 2163 praeberet.
1094 2111 1346 2152 Praeterea
1364 2123 1466 2151 sese
1483 2118 1631 2151 totum
1649 2122 1823 2162 magna
1842 2122 1963 2150 arno-

318 2182 385 2222 ris
412 2181 754 2233 significatione
786 2182 1004 2222 Patribus
1026 2183 1218 2223 tradidit
1249 2189 1313 2230 et,
1349 2183 1732 2234 quotiescumque
1762 2182 1898 2222 nobis
1919 2182 1965 2221 in

320 2253 398 2293 via
420 2253 467 2293 fit
489 2254 692 2304 obviam,
717 2254 1008 2305 singularem
1030 2254 1238 2294 animum
1267 2266 1323 2294 ac
1351 2253 1556 2294 studium
1583 2253 1717 2293 nobis
1746 2253 1962 2293 ostendit.

321 2325 372 2365 In
395 2325 484 2365 hac
509 2325 621 2365 urbe
644 2325 801 2376 opinio
829 2324 1078 2365 Societatis
1109 2325 1382 2365 diffunditur
1405 2331 1447 2365 et
1468 2325 1516 2365 in
1538 2325 1637 2365 dies
1659 2325 1889 2365 accrescit
1920 2330 1964 2364 et

320 2396 598 2445 adversarii,
636 2396 714 2447 qui
741 2396 929 2447 quidem
956 2396 1145 2447 plurimi
1176 2396 1423 2446 extabant,
1456 2396 1503 2436 in
1534 2396 1661 2436 viam
1690 2396 1886 2436 redeunt
1908 2406 1963 2435 ac

322 2467 457 2507 nobis
478 2468 741 2518 placantur.

400 2538 647 2590 Reliquum
669 2545 738 2578 est
760 2545 808 2578 ut
829 2538 993 2589 paucis
1020 2538 1263 2589 attingam
1284 2538 1508 2589 fructum,
1539 2538 1617 2589 qui
1639 2538 1685 2578 in
1709 2538 1877 2578 animis
1894 2537 1961 2589 ju-

320 2610 489 2649 vandis
515 2621 598 2661 per
628 2617 786 2661 patres
817 2615 886 2650 est
916 2616 1180 2661 perceptus,
1207 2611 1285 2661 qui
1312 2610 1499 2662 quidem
1523 2616 1663 2660 certe,
1692 2616 1741 2649 ut
1770 2609 1817 2649 in
1839 2609 1962 2649 hanc

319 2681 521 2730 ingressi
551 2688 657 2720 sunt
687 2681 883 2731 Urbem,
920 2692 969 2720 se
999 2687 1123 2720 totos
1154 2682 1450 2721 contulerunt
1483 2687 1526 2720 et
1556 2681 1616 2720 ad
1644 2680 1961 2720 confessiones

319 2752 578 2791 audiendas
594 2762 648 2791 czc
667 2753 848 2792 animos
867 2752 1058 2792 coelesti
1070 2764 1190 2803 pane
1207 2752 1499 2802 reficiendos,
1515 2759 1614 2792 tum
1633 2751 1692 2791 ad
1708 2752 1960 2791 conciones

322 2823 577 2873 habendas,
602 2835 719 2874 quas
739 2822 927 2874 quidem
947 2823 994 2862 in
1015 2829 1176 2863 nostro
1206 2824 1399 2874 templo,
1423 2829 1468 2863 et
1495 2823 1542 2863 in
1566 2822 1882 2872 xenodochio,
1916 2828 1961 2862 et

321 2894 369 2933 in
400 2905 612 2944 carcere,
651 2900 694 2933 et
728 2894 851 2945 apud
887 2895 1032 2944 vulgo
1063 2900 1259 2933 vocatas
1299 2893 1567 2934 Conversas
1602 2904 1774 2944 magno
1805 2893 1959 2932 studio

321 2971 683 3015 prosequuntur.

403 3035 725 3086 Quorumdam
743 3035 1063 3076 confessiones
1083 3037 1329 3086 generales
1352 3035 1539 3076 auditae
1560 3040 1682 3083 sunt,
1702 3035 1825 3086 quod
1846 3046 1960 3075 sane
