2168 3437
363 239 434 276 200
876 238 1105 276 LITTERAE
1132 249 1492 282 QUADRIMESTRES

364 335 701 376 aedificationis
723 335 929 375 odorem.
962 334 1110 376 Paces
1138 335 1258 376 inter
1280 336 1607 377 dissentientes
1637 338 1854 389 componi
1882 337 2006 379 idem

363 408 551 458 insuper
591 405 730 446 Pater
769 412 923 457 curat,
962 407 1105 458 quod,
1142 406 1332 447 favente
1365 407 1483 458 Deo,
1521 408 1772 460 aliquando
1808 409 2005 449 feliciter

366 478 607 518 successit.
641 477 773 518 Gerit
794 477 937 517 etiam
958 478 1145 518 circiter
1166 478 1508 530 quinquaginta
1536 479 1848 520 foeminarum
1875 480 2006 531 spiri-

364 549 558 589 tualium
581 560 764 599 curam,
790 560 907 600 quas
928 549 1165 589 mensibus
1187 549 1384 600 singulis
1414 549 1708 590 confessione
1729 551 2008 591 emundatas

364 619 702 671 communicat,
741 620 1112 660 communicatas
1148 620 1475 661 exhortatione
1509 621 1569 661 ad
1602 622 2007 673 perseverantiam

363 691 798 743 incrementumque
845 691 1067 732 stimulat.
1124 691 1436 732 Incarceratis
1480 693 1729 733 visitandis
1778 693 2008 734 hactenus

363 761 515 802 facilis
535 773 630 801 non
650 762 735 802 fuit
757 773 998 803 accessus:
1022 762 1206 803 facilior
1236 769 1394 803 tamen
1421 769 1660 815 spe1·atur;
1689 775 1799 804 nam
1827 764 2009 804 solicite

365 833 411 873 id
432 834 702 874 curavimus
725 845 831 874 cum
853 846 922 884 eo,
956 834 1034 886 qui
1054 834 1100 874 id
1121 840 1366 885 praestare
1396 840 1563 885 potest.
1597 835 1846 875 Exercitiis
1876 836 2007 887 spiri-

363 905 567 945 tualibus
588 904 705 945 duos
726 911 883 945 tresve
904 905 1099 945 iuvenes
1121 916 1343 945 exercere
1360 906 1744 957 decreveramus3
1770 907 1853 946 sed
1868 917 2007 958 pago-

365 988 469 1016 rum
490 977 700 1017 visitatio
724 976 1034 1017 differendum
1056 976 1203 1017 suasit
1223 977 1480 1028 negotium.

443 1047 493 1088 Si
522 1048 754 1100 quomodo
782 1048 859 1088 hic
888 1048 1149 1098 audiamus,
1183 1048 1345 1088 audire
1376 1049 1504 1100 cupit
1530 1048 1583 1088 T.
1611 1048 1684 1099 R,
1716 1059 1878 1089 omnes
1912 1049 2011 1089 fere

364 1119 424 1159 ad
444 1131 609 1170 unum,
634 1120 863 1159 honorum
889 1119 1190 1170 exhibitione,
1214 1119 1589 1160 mortificationis
1615 1119 1741 1160 haud
1769 1132 1882 1172 sane
1917 1121 2009 1160 exi-

364 1201 507 1241 guam
529 1191 775 1231 materiam
800 1196 1077 1242 suggerunt.
1101 1190 1227 1230 Dum
1248 1191 1392 1231 semel
1411 1191 1513 1242 pios
1535 1191 1763 1243 quosdam
1784 1191 1841 1232 D.
1865 1191 2009 1232 Fran-

365 1262 478 1302 cisci
511 1262 759 1313 religiosos
795 1261 1118 1312 inviserimus,
1159 1261 1237 1313 qui
1271 1262 1449 1313 primus
1484 1273 1646 1302 eorum
1680 1262 2010 1302 salutationem

365 1339 435 1374 est
471 1345 668 1374 exorsus
704 1334 751 1373 in
785 1333 904 1373 haec
940 1333 1087 1373 verba
1123 1333 1293 1384 erupit:
1336 1332 1506 1374 “Heml
1537 1334 1764 1386 numquid
1795 1345 1899 1385 vos,
1933 1334 2011 1385 qui

364 1410 521 1445 tantos
540 1405 717 1456 passim
737 1404 917 1444 fructus
943 1403 1148 1454 facitisffi,
1178 1403 1274 1444 Nos
1302 1405 1429 1444 velut
1459 1405 1664 1455 attoniti,
1689 1405 1835 1445 risum
1863 1405 2008 1457 suspi-

366 1481 528 1516 cantes
556 1482 635 1515 aut
670 1475 945 1525 ludibrium,
984 1475 1044 1515 ad
1077 1474 1205 1515 aliud
1241 1487 1509 1516 sermonem
1544 1476 1888 1516 transferimus.
1921 1475 2011 1517 Sed

366 1547 557 1588 alterius
596 1559 760 1587 rursus
801 1547 1094 1587 occurrentis
1134 1547 1299 1587 eadem
1337 1547 1578 1598 salutatio,
1622 1559 1677 1588 ac
1718 1547 1905 1588 demum
1943 1547 2012 1598 (ut

366 1619 519 1668 aiunt>
562 1618 789 1659 Gardiani
811 1630 865 1658 eo
904 1628 1109 1669 vergens
1145 1618 1516 1669 congratulatio,
1549 1617 1698 1658 falsae
1730 1619 2012 1670 suspicionis

364 1696 557 1731 nostrae
578 1701 667 1730 nos
688 1689 950 1730 admonuit.

445 1762 687 1802 Hactenus
726 1762 782 1801 de
827 1762 987 1811 elapso
1030 1760 1391 1812 quadrimestri‚
1434 1760 1662 1800 maiorem
1703 1761 1749 1800 in
1795 1761 2008 1812 sequenti

365 1840 665 1885 proventum,
704 1844 787 1884 per
822 1832 911 1873 Dei
944 1818 1169 1884 gratiam,
1207 1831 1496 1872 orationibus
1531 1830 1585 1871 R.
1622 1831 1674 1871 T.
1706 1831 2009 1883 impetratum

366 1915 625 1956 speramus.

447 1975 668 2026 Eugubii,
692 1975 841 2027 pridie
863 1975 1086 2015 calendas
1106 1974 1325 2025 Martias,
1353 1973 1467 2014 1553.

447 2047 499 2087 T.
524 2046 577 2086 R.
603 2046 650 2086 P.

448 2118 594 2158 Filius
614 2117 856 2168 indignus,

1281 2257 1537 2298 OLIVERIUS
1559 2257 1838 2297 MANAREUs.

451 2473 819 2525 Superscm‘ptz'o.
843 2472 1110 2513 Admodum
1131 2472 1177 2511 in
1198 2472 1282 2512 X.⁰
1302 2471 1350 2512 Ρ.
1376 2471 1505 2512 Patri
1526 2471 1709 2522 Ignatio
1731 2470 1787 2511 de
1809 2470 2006 2522 Loyola,

369 2544 644 2596 Praeposito
666 2543 887 2585 Generali
907 2542 1156 2584 Societatis
1176 2542 1307 2595 Jesu,
1333 2542 1525 2582 Romae.

451 2616 562 2656 Alia
583 2627 753 2656 mann:
779 2615 879 2655 1553
900 2614 1038 2666 quad.
1066 2613 1249 2664 Augub.
1274 2613 1421 2665 pridie
1441 2613 1502 2653 kl.
1528 2612 1741 2654 Martias.
