2168 3437
306 249 373 285 150
816 247 1044 284 LITTERAE
1071 256 1430 289 QUADRIMEsTREs

573 674 856 702 Praecedentium
871 673 968 701 Pauli
985 674 1014 701 d'
1028 674 1176 701 Achillis
1190 673 1385 701 litterarum
1400 674 1508 701 latina
1524 675 1636 702 versio
1652 675 1673 701 ¹.

384 1126 549 1167 Gratia
580 1133 623 1166 et
658 1139 751 1178 pax
787 1126 978 1166 Domini
999 1127 1149 1166 nostri
1176 1126 1278 1166 Iesu
1306 1125 1479 1166 Christi
1507 1125 1565 1165 sit
1587 1136 1770 1177 semper
1791 1126 1944 1165 nobis-

302 1210 427 1239 cum.
451 1197 618 1238 Amen.

380 1269 442 1310 Ut
463 1269 671 1309 iniuncto
693 1269 846 1318 nobis,
870 1268 971 1308 R.d<³
993 1269 1039 1308 in
1061 1268 1247 1309 Christo
1270 1267 1424 1319 Pater,
1449 1268 1740 1308 obedientiae
1762 1269 1942 1308 muneri

302 1340 671 1391 satisfaciamUS,
695 1340 881 1391 paucis,
918 1351 1036 1391 quae
1059 1351 1085 1379 a
1107 1339 1207 1380 Deo
1230 1346 1324 1391 opt.
1349 1350 1473 1379 max.
1507 1345 1708 1391 quatuor
1736 1339 1808 1380 his
1835 1352 1939 1380 exa-

302 1412 390 1452 ctis
419 1412 676 1452 novissime
708 1411 946 1452 mensibus
974 1423 1057 1463 per
1084 1411 1254 1451 fratres
1284 1417 1471 1450 nostros
1501 1416 1634 1462 gesta
1662 1417 1793 1460 sunt,
1827 1411 1940 1451 rese-

305 1495 475 1523 remus.
1357 1476 1362 1483 '

380 1553 685 1595 Reverendus
706 1554 753 1594 in
774 1553 960 1594 Christo
988 1552 1037 1592 P.
1071 1552 1251 1593 Natalis
1282 1553 1389 1592 huic
1417 1558 1578 1592 nostro
1606 1552 1815 1604 Collegio
1847 1565 1939 1593 non

299 1626 452 1666 minus
486 1625 700 1666 utilitatis
734 1636 874 1676 quam
904 1623 1205 1664 iucunditatis
1234 1624 1439 1664 adventu
1474 1636 1558 1664 suo
1592 1627 1787 1676 peperit.
1820 1624 1939 1665 Nam

298 1695 535 1748 nonnulla,
561 1709 679 1749 quae
700 1697 799 1736 eius
819 1695 1137 1748 praesentiam
1159 1694 1426 1735 desiderare
1447 1695 1744 1746 videbantur,
1765 1695 1940 1736 stabili-

297 1769 385 1818 vit,
410 1774 454 1808 et
475 1768 614 1808 huius
635 1768 783 1808 nostri
805 1767 1001 1818 Collegii
1022 1772 1197 1806 statum
1218 1777 1398 1818 summa
1421 1766 1661 1817 diligentia
1693 1766 1938 1807 confirma-

297 1839 376 1879 vit:
400 1839 591 1890 negotia
613 1839 768 1880 omnia
790 1838 908 1878 miro
930 1838 1089 1878 labore
1111 1843 1155 1877 et
1176 1837 1406 1877 industria
1428 1837 1644 1878 confecit:
1669 1839 1827 1878 multis
1848 1839 1939 1890 piis

298 1911 516 1962 operibus
538 1910 766 1960 incubuit,
793 1916 838 1950 et
859 1909 1088 1961 quotidie,
1112 1909 1212 1949 sine
1234 1910 1327 1949 ulla
1348 1909 1472 1949 soliti
1502 1909 1676 1949 laboris
1705 1909 1939 1949 remissio-

297 1994 376 2032 ne,
400 1982 554 2033 magis
575 1993 630 2021 ac
652 1981 805 2032 magis
826 1980 1066 2020 incumbit.
1090 1980 1213 2020 Inter
1236 1986 1424 2020 caetera
1446 1980 1652 2020 maxime
1675 1992 1799 2031 ¹opus
1828 1980 1940 2020 illud

296 2052 435 2104 (quod
455 2053 601 2103 vulgo
621 2052 759 2092 Mons
779 2051 971 2092 Pietatis
993 2050 1195 2101 dicitur),
1220 2051 1308 2090 hac
1329 2051 1376 2090 in
1398 2051 1590 2091 civitate
1608 2062 1820 2091 summae
1838 2051 1939 2091 reli-

297 2124 472 2175 gionis,
496 2123 620 2175 quod
648 2123 707 2163 ad
736 2134 996 2174 pauperum
1026 2122 1382 2162 subventionem
1407 2120 1493 2161 fuit
1524 2122 1808 2172 institutum,
1842 2122 1939 2162 suis

299 2195 506 2235 consiliis
527 2200 571 2234 et
592 2193 1007 2234 intercessionibus
1029 2193 1221 2233 adiuvit.

378 2266 531 2316 Multi,
555 2265 633 2316 qui
655 2265 826 2305 diutius
855 2264 1125 2304 carceribus
1148 2264 1314 2304 inclusi
1335 2264 1540 2314 fuerant,
1572 2264 1693 2304 illius
1713 2263 1938 2304 beneficio

297 2337 499 2377 vinculis
520 2335 726 2387 exempti
746 2341 867 2376 sunt.
886 2335 1005 2375 Nam
1023 2335 1158 2375 simul
1179 2346 1235 2374 ac
1257 2335 1315 2374 ad
1337 2347 1422 2375 nos
1442 2335 1669 2386 pervenit,
1694 2335 1741 2374 15
1758 2335 1939 2375 solven—

297 2409 405 2459 dos,
436 2414 479 2448 et
502 2408 561 2448 ad
590 2407 806 2448 Natalem
835 2406 1027 2447 Domini
1054 2406 1210 2458 plures
1235 2405 1289 2445 50
1320 2406 1527 2457 curavit,
1558 2406 1770 2446 nonnihil
1798 2406 1938 2445 etiam

300 2480 546 2520 conferens
567 2479 626 2520 ad
643 2479 828 2519 illorum
845 2489 926 2518 aes
942 2478 1144 2517 alienum
1160 2477 1524 2529 persolvendum
1540 2477 1781 2529 pecuniae,
1801 2489 1940 2529 quam

296 2551 442 2591 variis
458 2550 690 2590 hincinde
708 2549 1020 2600 eleemosynis
1036 2559 1209 2599 magna
1227 2548 1536 2588 sollicitudine
1549 2549 1817 2599 collegerat.
1835 2547 1939 2599 Qua

297 2622 342 2660 in
366 2634 415 2661 re
436 2621 607 2670 multis,
631 2632 748 2672 quos
764 2620 1061 2660 miseriarum
1082 2619 1358 2669 magnitudo
1379 2618 1475 2659 fere
1493 2619 1539 2659 in
1561 2619 1937 2671 desperationem

300 2693 539 2744 adegerat,
563 2692 769 2732 maximo
784 2691 871 2731 fuit
892 2690 1075 2731 solatio.
1105 2690 1180 2730 Ad
1207 2689 1323 2730 haec
1346 2689 1540 2741 perfecit
1560 2696 1610 2730 ut
1631 2690 1808 2740 multis,
1832 2701 1938 2729 cum

298 2764 473 2815 egenis,
499 2769 597 2803 tum
614 2762 824 2813 infirmis,
844 2761 1187 2812 subveniretur,
1210 2761 1274 2801 ita
1296 2767 1365 2810 ut,
1390 2759 1478 2801 Dei
1498 2761 1674 2812 gratia,
1695 2760 1747 2800 20
1766 2772 1937 2812 paupe-

297 2847 401 2875 rum
421 2834 610 2874 familiis
630 2834 730 2874 sive
753 2833 980 2883 domibus,
1000 2832 1196 2883 singulis
1213 2831 1596 2882 hebdomadibus,
1615 2831 1933 2884 provideatur.

352 3019 360 3038 ¹
401 3018 667 3054 Autographum
682 3017 714 3045 in
730 3018 809 3045 folio
824 3017 961 3052 duplici,
977 3025 1030 3044 nn.
1049 3016 1097 3044 174
1112 3019 1145 3043 et
1162 3016 1227 3047 175:
1244 3016 1275 3042 in
1297 3023 1335 3043 eo
1358 3019 1491 3043 tantum
1513 3015 1652 3042 ultimae
1673 3014 1783 3042 lineae
1798 3035 1804 3047 ,
1820 3021 1839 3041 a
1856 3021 1938 3040 voce

299 3067 484 3099 Panormi,
497 3070 531 3094 et
542 3065 787 3101 superscriptio
804 3069 882 3093 sunt
896 3072 999 3092 manu
1015 3063 1130 3092 Patris
1146 3063 1174 3090 d'
1189 3063 1345 3091 Achillis.
