2168 3437
343 291 416 328 304
858 290 1085 326 LITTERAE
1112 301 1471 333 QUADRIMEsTREs

342 387 554 439 Baptista
576 398 629 426 eo
650 386 829 426 ivisset.
854 385 1080 437 Magister
1107 385 1344 427 Antonius·
1372 386 1382 406 ¹
1414 399 1520 428 cum
1550 390 1696 429 altero
1723 389 1861 430 Patre
1892 391 1980 431 De-

343 459 471 498 niam
494 463 632 508 atque
652 457 882 508 Xaveam‚
908 457 1023 497 satis
1044 456 1310 509 frequentia
1332 458 1526 510 oppida,
1550 472 1599 499 se
1622 462 1878 511 contulere,
1902 462 1981 502 ubi

342 528 646 568 concionibus
668 533 712 568 et
735 527 1108 568 confessionibus
1128 540 1221 568 non
1241 529 1526 570 mediocrem
1554 529 1757 571 fructum
1780 533 1980 583 college-

342 605 473 650 runt,
502 611 673 650 pueros
699 599 788 639 hac
818 605 861 639 et
891 599 997 639 illac
1018 611 1101 651 per
1124 600 1257 640 vicos
1279 606 1492 641 errantes
1520 608 1819 642 retraxerunt
1846 609 1889 643 et
1921 604 1981 644 ad

341 669 603 710 doctrinam
625 668 908 710 audiendam
930 675 1203 721 coegerunt.
1228 670 1367 711 Pater
1395 672 1537 712 etiam
1565 671 1753 713 Alzirae
1782 673 1795 691 ²
1824 674 1983 714 multis

340 741 643 781 concionibus
664 741 880 781 homines
911 741 976 781 ita
998 753 1252 792 suspensos
1274 742 1459 794 reliquit
1479 749 1528 782 ut
1550 744 1746 783 choreas
1774 752 1817 784 et
1842 746 1979 785 melo-

340 811 440 852 dias
462 812 788 862 antelucanas,
813 812 982 864 quibus
1003 812 1094 852 illic
1125 812 1337 852 homines
1369 813 1481 853 dant
1508 825 1720 865 operam,
1753 816 1981 867 relinque-

339 889 454 923 rent.
480 882 602 933 Quid
623 882 804 923 dicam?
827 894 917 934 quo
938 889 1077 934 pacto
1110 889 1246 923 nocte
1276 883 1324 923 in
1351 884 1457 924 vico
1488 885 1714 925 saltantes
1741 887 1981 937 perturba-

339 954 485 994 verit?
519 953 903 1004 Adolescentem,
933 954 1087 1006 lyram
1108 952 1121 971 ⁵
1142 955 1428 1006 pulsantem,
1462 955 1607 995 verbo
1638 956 1979 1009 perterrefecit,

340 1024 450 1065 dum
471 1025 596 1065 enim
616 1024 786 1065 inferni
805 1037 982 1076 poenas
1005 1025 1234 1065 instantes
1257 1026 1422 1077 aperit,
1439 1025 1627 1078 juvenis
1649 1027 1796 1067 tristis
1813 1040 1868 1068 ac
1889 1040 1979 1069 me-

338 1095 621 1136 ditabundus
643 1095 833 1136 domum
853 1108 904 1136 se
925 1096 1115 1148 recepit.
1141 1096 1229 1136 Die
1252 1097 1488 1148 sequenti,
1520 1098 1566 1137 in
1600 1099 1850 1149 concione,
1884 1100 1978 1151 illa,

339 1167 506 1218 quibus
527 1166 587 1206 ad
617 1166 977 1208 refocillandum
1004 1167 1211 1207 animum
1241 1167 1306 1207 illi
1336 1168 1511 1208 dabant
1543 1180 1755 1219 operam,
1790 1182 1914 1211 vana
1935 1177 1981 1211 et

338 1238 606 1290 periculosa
640 1250 742 1279 esse
774 1239 989 1279 ostendit.
1023 1239 1165 1289 Tres,
1189 1250 1307 1290 quos
1328 1240 1487 1280 verbis
1507 1241 1801 1293 pulsaverat,
1824 1243 1900 1283 hic
1929 1254 1980 1283 se

338 1310 384 1349 in
419 1309 741 1360 spiritualibus
776 1321 1052 1361 exercuere,
1080 1310 1203 1350 unde
1236 1316 1419 1350 tantum
1449 1311 1537 1351 sibi
1566 1311 1748 1353 fructus
1783 1314 1981 1365 college-

337 1386 465 1432 runt,
509 1386 557 1421 ut
596 1392 773 1421 novum
811 1381 1018 1421 induisse
1057 1380 1294 1421 hominem
1332 1382 1600 1432 videantur,
1644 1395 1737 1424 non
1777 1385 1978 1425 vestium

337 1451 602 1503 splendore,
645 1451 727 1492 sed
766 1452 1140 1503 spectatissimae
1179 1453 1497 1493 continentiae
1539 1455 1768 1506 exemplo,
1808 1468 1898 1507 quo
1934 1463 1979 1497 et

338 1523 515 1563 fructus
542 1522 731 1563 Alzirae
753 1524 976 1564 collectus
999 1531 1309 1565 conservatur
1332 1531 1499 1565 contra
1520 1537 1719 1577 magnos
1748 1527 1979 1568 oblatran-

336 1595 450 1634 tium
476 1606 676 1635 morsus.
715 1594 960 1635 Credimus
996 1607 1120 1635 nunc
1146 1595 1334 1636 Patrem
1364 1596 1471 1636 illac
1504 1597 1834 1649 transiturum,
1872 1611 1978 1639 cum

338 1665 606 1706 Valentiam
628 1666 730 1715 ibit,
753 1672 802 1706 ut
824 1667 992 1707 subdat
1014 1667 1227 1707 stimulos
1248 1668 1337 1718 eis,
1362 1668 1440 1719 qui
1472 1668 1656 1708 desides
1686 1675 1814 1720 sunt,
1846 1670 1979 1721 alios,

332 1737 427 1788 jam
463 1749 652 1778 currere
688 1738 949 1790 cupientes,
983 1737 1041 1777 ad
1082 1737 1256 1778 Christi
1295 1750 1465 1791 corpus
1505 1740 1782 1781 sumendum
1818 1742 1975 1782 acrius

339 1815 506 1860 urgeat
528 1814 572 1848 et
592 1809 814 1861 impellat.
837 1809 996 1849 Habes
1017 1810 1073 1850 de
1096 1810 1420 1850 communibus
1442 1811 1595 1850 rebus.

415 1879 632 1921 Privatas
660 1880 758 1932 jam
786 1881 961 1932 accipe.
998 1881 1189 1921 Fratres
1216 1881 1263 1921 in
1290 1881 1389 1921 dies
1416 1882 1678 1923 litterarum
1706 1889 1750 1923 et
1781 1884 1975 1935 spiritus

335 1958 634 2002 augmentum
671 1952 890 1992 sentiunt.
928 1952 1156 2003 Quatuor,
1185 1958 1234 1993 ut
1262 1953 1418 1993 visum
1452 1960 1521 1993 est
1551 1953 1699 2002 Patri,
1739 1955 1973 2006 designati

334 2029 441 2063 sunt
463 2023 633 2063 artium
654 2023 882 2074 magistri.
908 2023 952 2064 A
972 2023 1170 2074 prandio
1192 2029 1236 2064 et
1257 2035 1403 2064 coena
1435 2024 1483 2064 in
1512 2036 1655 2065 unum
1685 2026 1839 2066 locum
1869 2038 1974 2067 con-

334 2094 563 2145 venimus,
592 2094 805 2145 quaestio
829 2106 856 2134 a
877 2093 1016 2134 Patre
1044 2095 1336 2146 proponitur,
1369 2100 1413 2135 et
1442 2096 1622 2147 profert
1652 2097 1974 2148 unusquisque

333 2165 457 2216 quod
478 2165 633 2206 sentit.
657 2165 819 2206 Novos
839 2165 1088 2216 theologos
1109 2171 1153 2205 et
1175 2165 1489 2206 confessarios
1516 2166 1571 2207 de
1603 2167 1675 2207 his
1703 2168 1970 2219 alloquitur,

334 2248 452 2287 quae
486 2236 719 2288 pertinent
754 2236 813 2276 ad
840 2236 1110 2276 liberandos
1145 2236 1357 2276 homines
1392 2248 1419 2276 a
1449 2248 1595 2277 saeva
1623 2244 1667 2278 et
1700 2239 1974 2290 perturbata

334 2307 645 2359 conscientia,
683 2319 774 2359 quo
808 2312 949 2359 pacto
984 2318 1033 2347 se
1068 2312 1237 2358 gerant
1271 2307 1319 2347 in
1356 2307 1620 2349 confitendo
1651 2316 1973 2361 percontatur;

332 2378 632 2429 evangelium
667 2377 855 2430 aliquod
889 2389 972 2429 per
1007 2378 1227 2429 periodos
1268 2378 1548 2430 explicatur,
1588 2381 1760 2421 multus
1796 2381 1852 2422 de
1886 2381 1974 2422 Dei

334 2449 569 2490 beneficiis
599 2454 668 2489 est
703 2460 873 2489 sermO.
904 2448 1209 2490 Audientium
1236 2450 1394 2490 vultus
1421 2456 1623 2491 mutatos
1660 2451 1876 2503 vidisses,
1914 2453 1977 2493 di-

333 2527 491 2561 centes
512 2521 596 2561 Vix
616 2520 874 2561 lachrimas
896 2520 1150 2560 continere.
1175 2519 1268 2560 Sed
1289 2520 1345 2560 de
1365 2520 1437 2561 his
1460 2521 1704 2563 hactenus

413 2592 550 2642 Vale,
573 2591 713 2632 Pater
734 2591 965 2643 imprimis
987 2590 1294 2642 observande,
1319 2597 1364 2632 et
1383 2591 1502 2632 faxit
1523 2591 1652 2633 Deus
1669 2605 1726 2633 ne
1744 2605 1770 2633 a
1787 2599 1867 2634 tua
1885 2606 1973 2635 me-

334 2664 483 2704 moria
506 2664 763 2704 elabamur.

388 2874 397 2894 ¹
438 2874 605 2907 Magister
621 2873 793 2901 Antonius
810 2873 987 2900 Cordeses.
1001 2872 1169 2906 PoLANco,
1187 2871 1389 2906 Clzronicon,
1405 2875 1428 2899 t.
1442 2879 1489 2907 111,
1505 2880 1584 2907 pag.
1599 2873 1661 2906 381,
1677 2881 1708 2900 n.
1724 2873 1786 2900 842.

386 2921 400 2941 ‘2
438 2922 557 2948 Alcira
572 2921 730 2956 oppidum
745 2925 796 2948 est
811 2920 896 2948 satis
915 2920 1072 2954 frequens
1088 2920 1120 2946 in
1135 2919 1261 2946 ditione
1276 2920 1466 2948 valentina.

387 2970 400 2988 ⁵
440 2969 533 2997 Cave
549 2977 588 2996 ne
605 2973 705 3004 putes
721 2976 910 2997 sermonem
926 2975 999 2996 esse
1022 2968 1062 2994 de
1085 2968 1301 3002 antiquorum
1318 2969 1412 3004 lyra,
1428 2969 1486 2996 sed
1508 2969 1547 2996 de
1568 2970 1746 3003 gm'tarra,
1762 2970 1972 3003 handurria,

333 3021 392 3043 aut
411 3017 488 3051 quid
504 3017 612 3044 simile
629 3017 660 3044 in
677 3017 842 3051 Hispania
858 3017 1023 3044 usitatum
1038 3015 1158 3043 fidibus
1174 3015 1280 3048 digito
1295 3019 1353 3043 aut
1365 3016 1498 3050 pectine
1511 3017 1656 3050 pulsatis
1671 3025 1787 3045 sonum
1803 3017 1975 3050 emittens;

334 3065 420 3097 quod
446 3065 478 3091 in
501 3065 702 3099 quibusdam
725 3073 800 3092 cum
824 3066 901 3101 lyra
923 3065 1094 3097 convenit,
1116 3067 1152 3091 at
1174 3064 1216 3090 ab
1239 3071 1278 3090 ea
1301 3064 1443 3090 multum
1460 3065 1572 3091 differt
1595 3069 1627 3092 et
1653 3065 1761 3099 magis
1784 3065 1916 3092 accedit
1932 3065 1973 3092 ad

335 3112 458 3138 chelin.
