2168 3437
816 791 1125 845 CLXVIII

223 1016 269 1052 P.
290 1014 547 1052 Leonardus
567 1012 726 1049 Kessel

271 1074 392 1111 Patri
410 1073 580 1120 ignatio
599 1071 652 1108 de
671 1071 858 1119 Loyola.

316 1132 514 1179 Colonia,
535 1131 577 1169 31
600 1131 793 1178 Augusti
814 1130 905 1168 1552
923 1131 948 1167 ¹.

920 1358 1018 1433 iffis

224 1605 386 1646 Gratia
409 1613 453 1646 et
473 1618 569 1658 pax
587 1607 650 1646 xi.
674 1607 766 1647 dni.
791 1606 850 1646 sit
871 1617 1055 1658 semper
1077 1617 1182 1646 curn
1204 1606 1417 1646 omnibus
1438 1605 1585 1646 nobis.

225 1676 352 1716 Re.de
381 1678 428 1717 in
456 1677 539 1717 X.0
568 1677 640 1717 P.1'
665 1689 673 1717 :

225 1747 339 1788 Cum
360 1748 408 1788 in
428 1748 517 1789 hac
537 1756 699 1789 nostra
727 1748 961 1789 Societate
990 1747 1278 1788 consuetudo
1307 1748 1365 1787 sit
1393 1753 1443 1788 ut
1473 1753 1640 1799 quarto
1669 1760 1778 1800 quo·

139 1830 232 1869 que
254 1830 411 1859 mense
432 1819 639 1871 singula,
673 1831 791 1870 quae
823 1819 881 1859 ad
908 1819 997 1859 Dei
1023 1819 1222 1870 gloriam
1249 1825 1293 1858 et
1321 1818 1380 1858 ad
1410 1819 1778 1858 consolationem

140 1889 431 1930 >confratrum
448 1902 549 1930 esse
566 1898 776 1942 possunt,
797 1891 1076 1940 scribantur,
1102 1895 1311 1930 conabor
1327 1890 1490 1941 paucis
1506 1889 1556 1929 P.
1580 1889 1639 1930 V.
1666 1890 1775 1929 indi-

142 1971 251 2000 care
273 1961 492 2013 quicquid
512 1961 600 2002 hoc
623 1961 963 2013 quadrimestre
985 1961 1209 2001 Coloniae
1231 1967 1389 2001 actum
1410 1967 1493 2001 est.

220 2031 269 2071 In
303 2032 486 2083 primis,
523 2032 650 2072 Rede
680 2032 782 2083 P.r,
820 2031 975 2084 quoad
1008 2038 1218 2083 tempora
1254 2032 1300 2071 in
1338 2032 1503 2083 quibus
1548 2032 1775 2083 degimus,

140 2103 276 2153 plena
304 2110 410 2142 sunt
440 2103 570 2143 bellis
600 2115 653 2143 ac
685 2103 1042 2144 turbationibus.
1074 2103 1376 2143 Colonienses
1406 2103 1554 2143 nostri
1584 2104 1779 2143 multum

139 2173 392 2214 timuerunt
414 2181 458 2214 et
478 2174 631 2214 adhuc
653 2175 837 2225 timent;
861 2186 1022 2214 omnes
1043 2174 1139 2214 fere
1160 2180 1325 2225 portae
1348 2174 1552 2214 civitatis
1569 2186 1652 2226 per
1668 2176 1776 2214 mul-

138 2249 238 2282 tum
258 2245 481 2296 temporis
501 2246 690 2285 clausae
711 2245 918 2296 fuerunt;
942 2245 1133 2296 vigiliae
1155 2257 1339 2297 quoque
1368 2245 1441 2285 die
1470 2257 1525 2285 ac
1551 2252 1688 2285 nocte
1715 2245 1776 2285 di—

142 2314 339 2365 ligentes
368 2315 521 2356 factae
551 2323 672 2356 sunt.
702 2316 808 2356 Istis
838 2317 1075 2356 mensibus
1103 2316 1268 2366 religio
1298 2316 1554 2356 christiana
1582 2317 1777 2356 multum

139 2385 350 2425 decrevit
371 2386 418 2425 in
439 2386 510 2426 his
531 2387 645 2427 locis
673 2393 717 2427 et
745 2386 974 2427 decrescit
1003 2387 1048 2426 in
1077 2386 1175 2426 dies
1202 2387 1369 2437 magis.
1399 2386 1518 2427 Nam
1544 2387 1776 2427 lutherani

139 2455 241 2495 sive
268 2456 492 2496 haeretici
518 2457 809 2508 Maguntiam
832 2465 1142 2509 occuparunt,
1170 2458 1432 2509 Episcopus
1457 2458 1772 2509 maguntinus,

137 2526 348 2577 religiosi
382 2533 426 2567 et
454 2528 721 2569 sacerdotes
748 2540 909 2569 omnes
937 2529 1100 2580 fugere
1128 2530 1282 2569 coacti
1310 2535 1437 2579 sunt,
1471 2540 1670 2580 quorum
1698 2530 1771 2569 do·

138 2608 241 2636 mus
262 2603 306 2636 et
322 2598 546 2637 ecclesias
566 2598 790 2639 haeretici
810 2599 1064 2640 incendunt
1085 2606 1181 2640 tam
1204 2600 1249 2640 in
1272 2600 1460 2640 civitate
1482 2611 1622 2651 quam
1638 2606 1772 2640 extra

135 2667 378 2708 civitatem
393 2666 616 2719 jacentes
641 2669 851 2710 Tandem
872 2670 1099 2710 haeretici
1120 2677 1412 2722 occuparunt
1432 2671 1574 2711 etiam
1600 2671 1769 2711 Treve-

133 2738 238 2777 rim.
262 2738 359 2778 Iam
387 2739 511 2792 aliud
532 2752 624 2780 non
645 2746 790 2781 restat
818 2741 907 2781 nisi
927 2747 977 2781 ut
1003 2742 1325 2793 episcopatum
1352 2742 1666 2782 coloniensem
1696 2743 1767 2782 de-

135 2815 323 2849 vastent
344 2815 387 2850 et
409 2809 653 2850 Coloniam
672 2811 857 2862 penitus
877 2812 1175 2863 subvertant,
1199 2812 1323 2863 quod
1353 2813 1490 2853 valde
1518 2813 1704 2853 timetur
1726 2819 1770 2853 et

131 2878 272 2919 facile
292 2880 441 2930 fieret,
466 2881 575 2932 quia
596 2881 715 2922 inter
735 2884 957 2934 populum
977 2889 1021 2923 et
1043 2883 1220 2923 clerum
1252 2883 1458 2923 maxima
1488 2889 1557 2924 est
1587 2889 1767 2924 contro-

189 3053 198 3068 ¹
239 3049 326 3077 Tota
340 3052 576 3086 autographa,
591 3052 689 3080 unico
704 3053 798 3087 solio,
812 3055 873 3081 sub
888 3061 977 3082 num.
993 3054 1060 3088 125,
1076 3061 1116 3080 ex
1132 3055 1198 3081 vol.
1216 3054 1330 3089 Epist.
1346 3054 1550 3088 ‚Quadrz'm.,
1565 3054 1765 3082 1547-1552.
