<?xml version="1.0" encoding="UTF-8"?>
<!DOCTYPE html PUBLIC "-//W3C//DTD XHTML 1.0 Transitional//EN"
    "http://www.w3.org/TR/xhtml1/DTD/xhtml1-transitional.dtd">
<html xmlns="http://www.w3.org/1999/xhtml" xml:lang="en" lang="en">
 <head>
  <title>
</title>
<meta http-equiv="Content-Type" content="text/html;charset=utf-8" />
  <meta name='ocr-system' content='tesseract 3.04.00' />
  <meta name='ocr-capabilities' content='ocr_page ocr_carea ocr_par ocr_line ocrx_word'/>
</head>
<body>
  <div class='ocr_page' id='page_1' title='image "./litteraequadrime1402lain_0484.png"; bbox 0 0 2168 3437; ppageno 0'>
   <div class='ocr_carea' id='block_1_1' title="bbox 333 211 1464 253">
    <p class='ocr_par' dir='ltr' id='par_1_1' title="bbox 333 211 1464 253">
     <span class='ocr_line' id='line_1_1' title="bbox 333 211 1464 253; baseline -0.004 -3"><span class='ocrx_word' id='word_1_1' title='bbox 333 213 406 250; x_wconf 62' lang='lat'>480</span> <span class='ocrx_word' id='word_1_2' title='bbox 849 211 1080 248; x_wconf 77' lang='lat' dir='ltr'><strong>LITTERAE</strong></span> <span class='ocrx_word' id='word_1_3' title='bbox 1105 220 1464 253; x_wconf 79' lang='lat' dir='ltr'>QUADRIMESTRES</span> 
     </span>
    </p>
   </div>
   <div class='ocr_carea' id='block_1_2' title="bbox 568 553 1743 583">
    <p class='ocr_par' dir='ltr' id='par_1_2' title="bbox 568 553 1743 583">
     <span class='ocr_line' id='line_1_2' title="bbox 568 553 1743 583; baseline 0.002 -2"><span class='ocrx_word' id='word_1_4' title='bbox 568 553 852 582; x_wconf 76' lang='lat' dir='ltr'>Praecedentium</span> <span class='ocrx_word' id='word_1_5' title='bbox 874 553 1050 582; x_wconf 75' lang='lat' dir='ltr'>Michaelis</span> <span class='ocrx_word' id='word_1_6' title='bbox 1066 553 1239 582; x_wconf 87' lang='lat' dir='ltr'>Govierno</span> <span class='ocrx_word' id='word_1_7' title='bbox 1257 554 1453 582; x_wconf 85' lang='lat' dir='ltr'>litterarum</span> <span class='ocrx_word' id='word_1_8' title='bbox 1467 555 1577 583; x_wconf 83' lang='lat' dir='ltr'>latina</span> <span class='ocrx_word' id='word_1_9' title='bbox 1591 556 1704 583; x_wconf 87' lang='lat' dir='ltr'>versio</span> <span class='ocrx_word' id='word_1_10' title='bbox 1723 558 1743 583; x_wconf 74' lang='grc' dir='ltr'>ί.</span> 
     </span>
    </p>
   </div>
   <div class='ocr_carea' id='block_1_3' title="bbox 1113 805 1211 847">
    <p class='ocr_par' dir='ltr' id='par_1_3' title="bbox 1113 805 1211 847">
     <span class='ocr_line' id='line_1_3' title="bbox 1113 805 1211 847; baseline 0.02 -2"><span class='ocrx_word' id='word_1_11' title='bbox 1113 805 1211 847; x_wconf 87' lang='lat' dir='ltr'>IHS</span> 
     </span>
    </p>
   </div>
   <div class='ocr_carea' id='block_1_4' title="bbox 334 1019 1989 2856">
    <p class='ocr_par' dir='ltr' id='par_1_4' title="bbox 418 1019 1440 1061">
     <span class='ocr_line' id='line_1_4' title="bbox 418 1019 1440 1061; baseline 0 -1"><span class='ocrx_word' id='word_1_12' title='bbox 418 1020 515 1060; x_wconf 83' lang='lat' dir='ltr'>Pax</span> <span class='ocrx_word' id='word_1_13' title='bbox 537 1020 712 1061; x_wconf 82' lang='lat' dir='ltr'>Christi</span> <span class='ocrx_word' id='word_1_14' title='bbox 734 1031 841 1060; x_wconf 89' lang='lat' dir='ltr'>cum</span> <span class='ocrx_word' id='word_1_15' title='bbox 863 1019 1079 1060; x_wconf 89' lang='lat' dir='ltr'>omnibus</span> <span class='ocrx_word' id='word_1_16' title='bbox 1099 1019 1250 1060; x_wconf 90' lang='lat' dir='ltr'>nobis.</span> <span class='ocrx_word' id='word_1_17' title='bbox 1274 1019 1440 1060; x_wconf 91' lang='lat' dir='ltr'>Amen.</span> 
     </span>
    </p>

    <p class='ocr_par' dir='ltr' id='par_1_5' title="bbox 416 1090 917 1133">
     <span class='ocr_line' id='line_1_5' title="bbox 416 1090 917 1133; baseline -0.004 0"><span class='ocrx_word' id='word_1_18' title='bbox 416 1091 630 1133; x_wconf 87' lang='lat' dir='ltr'>Gandiae</span> <span class='ocrx_word' id='word_1_19' title='bbox 653 1102 777 1131; x_wconf 91' lang='lat' dir='ltr'>anno</span> <span class='ocrx_word' id='word_1_20' title='bbox 802 1090 917 1131; x_wconf 80' lang='lat'>1553.</span> 
     </span>
    </p>

    <p class='ocr_par' dir='ltr' id='par_1_6' title="bbox 334 1162 1989 2856">
     <span class='ocr_line' id='line_1_6' title="bbox 415 1162 1979 1216; baseline 0.001 -13"><span class='ocrx_word' id='word_1_21' title='bbox 415 1162 529 1203; x_wconf 91' lang='lat' dir='ltr'>Dies</span> <span class='ocrx_word' id='word_1_22' title='bbox 571 1168 642 1203; x_wconf 89' lang='lat' dir='ltr'>est</span> <span class='ocrx_word' id='word_1_23' title='bbox 685 1162 946 1202; x_wconf 79' lang='lat' dir='ltr'>decembris</span> <span class='ocrx_word' id='word_1_24' title='bbox 985 1162 1272 1213; x_wconf 76' lang='lat' dir='ltr'>vigesimus,</span> <span class='ocrx_word' id='word_1_25' title='bbox 1315 1173 1422 1203; x_wconf 90' lang='lat' dir='ltr'>cum</span> <span class='ocrx_word' id='word_1_26' title='bbox 1465 1163 1582 1203; x_wconf 86' lang='lat' dir='ltr'>haec</span> <span class='ocrx_word' id='word_1_27' title='bbox 1623 1163 1683 1204; x_wconf 89' lang='lat' dir='ltr'>ad</span> <span class='ocrx_word' id='word_1_28' title='bbox 1722 1168 1766 1204; x_wconf 93' lang='lat' dir='ltr'>te</span> <span class='ocrx_word' id='word_1_29' title='bbox 1806 1164 1979 1216; x_wconf 89' lang='lat' dir='ltr'>scribo,</span> 
     </span>
     <span class='ocr_line' id='line_1_7' title="bbox 335 1232 1976 1287; baseline 0.001 -12"><span class='ocrx_word' id='word_1_30' title='bbox 335 1234 498 1275; x_wconf 70' lang='lat' dir='ltr'>Rev.de</span> <span class='ocrx_word' id='word_1_31' title='bbox 530 1234 683 1285; x_wconf 84' lang='lat' dir='ltr'>Pater,</span> <span class='ocrx_word' id='word_1_32' title='bbox 722 1245 842 1286; x_wconf 89' lang='lat' dir='ltr'>quae</span> <span class='ocrx_word' id='word_1_33' title='bbox 877 1234 935 1273; x_wconf 90' lang='lat' dir='ltr'>ab</span> <span class='ocrx_word' id='word_1_34' title='bbox 970 1232 1189 1285; x_wconf 86' lang='lat' dir='ltr'>Augusto</span> <span class='ocrx_word' id='word_1_35' title='bbox 1228 1245 1388 1274; x_wconf 92' lang='lat' dir='ltr'>mense</span> <span class='ocrx_word' id='word_1_36' title='bbox 1427 1235 1561 1275; x_wconf 92' lang='lat' dir='ltr'>nobis</span> <span class='ocrx_word' id='word_1_37' title='bbox 1595 1235 1839 1287; x_wconf 89' lang='lat' dir='ltr'>hucusque</span> <span class='ocrx_word' id='word_1_38' title='bbox 1873 1247 1976 1287; x_wconf 90' lang='lat' dir='ltr'>pro-</span> 
     </span>
     <span class='ocr_line' id='line_1_8' title="bbox 334 1304 1981 1358; baseline 0 -12"><span class='ocrx_word' id='word_1_39' title='bbox 334 1317 472 1358; x_wconf 84' lang='lat' dir='ltr'>spere</span> <span class='ocrx_word' id='word_1_40' title='bbox 502 1310 849 1356; x_wconf 88' lang='lat' dir='ltr'>successerunt,</span> <span class='ocrx_word' id='word_1_41' title='bbox 890 1305 1150 1356; x_wconf 82' lang='lat' dir='ltr'>opitulante</span> <span class='ocrx_word' id='word_1_42' title='bbox 1177 1304 1294 1345; x_wconf 92' lang='lat' dir='ltr'>Deo.</span> <span class='ocrx_word' id='word_1_43' title='bbox 1324 1304 1568 1358; x_wconf 86' lang='lat' dir='ltr'>Frequens</span> <span class='ocrx_word' id='word_1_44' title='bbox 1601 1306 1687 1346; x_wconf 89' lang='lat' dir='ltr'>fuit</span> <span class='ocrx_word' id='word_1_45' title='bbox 1722 1318 1906 1358; x_wconf 87' lang='lat' dir='ltr'>semper</span> <span class='ocrx_word' id='word_1_46' title='bbox 1934 1306 1981 1346; x_wconf 89' lang='lat' dir='ltr'>in</span> 
     </span>
     <span class='ocr_line' id='line_1_9' title="bbox 334 1376 1981 1429; baseline 0 -11"><span class='ocrx_word' id='word_1_47' title='bbox 334 1382 498 1418; x_wconf 89' lang='lat' dir='ltr'>nostro</span> <span class='ocrx_word' id='word_1_48' title='bbox 533 1378 705 1429; x_wconf 85' lang='lat' dir='ltr'>templo</span> <span class='ocrx_word' id='word_1_49' title='bbox 733 1376 1030 1428; x_wconf 87' lang='lat' dir='ltr'>publicarum</span> <span class='ocrx_word' id='word_1_50' title='bbox 1057 1376 1338 1417; x_wconf 84' lang='lat' dir='ltr'>concionum</span> <span class='ocrx_word' id='word_1_51' title='bbox 1366 1389 1478 1418; x_wconf 93' lang='lat' dir='ltr'>usus</span> <span class='ocrx_word' id='word_1_52' title='bbox 1508 1383 1552 1418; x_wconf 89' lang='lat' dir='ltr'>et</span> <span class='ocrx_word' id='word_1_53' title='bbox 1582 1377 1870 1418; x_wconf 79' lang='lat' dir='ltr'>christianae</span> <span class='ocrx_word' id='word_1_54' title='bbox 1905 1378 1981 1418; x_wconf 91' lang='lat' dir='ltr'>do-</span> 
     </span>
     <span class='ocr_line' id='line_1_10' title="bbox 337 1448 1983 1501; baseline 0.001 -13"><span class='ocrx_word' id='word_1_55' title='bbox 337 1449 517 1489; x_wconf 88' lang='lat' dir='ltr'>ctrinae</span> <span class='ocrx_word' id='word_1_56' title='bbox 538 1449 679 1488; x_wconf 89' lang='lat' dir='ltr'>lectio</span> <span class='ocrx_word' id='word_1_57' title='bbox 703 1460 808 1488; x_wconf 92' lang='lat' dir='ltr'>cum</span> <span class='ocrx_word' id='word_1_58' title='bbox 830 1458 1004 1499; x_wconf 89' lang='lat' dir='ltr'>magna</span> <span class='ocrx_word' id='word_1_59' title='bbox 1026 1448 1292 1489; x_wconf 88' lang='lat' dir='ltr'>auditorum</span> <span class='ocrx_word' id='word_1_60' title='bbox 1315 1449 1473 1500; x_wconf 89' lang='lat' dir='ltr'>copia;</span> <span class='ocrx_word' id='word_1_61' title='bbox 1502 1455 1676 1501; x_wconf 90' lang='lat' dir='ltr'>quanto</span> <span class='ocrx_word' id='word_1_62' title='bbox 1698 1456 1855 1489; x_wconf 86' lang='lat' dir='ltr'>autem</span> <span class='ocrx_word' id='word_1_63' title='bbox 1876 1461 1983 1490; x_wconf 90' lang='lat' dir='ltr'>cum</span> 
     </span>
     <span class='ocr_line' id='line_1_11' title="bbox 335 1519 1983 1572; baseline 0.001 -12"><span class='ocrx_word' id='word_1_64' title='bbox 335 1520 513 1570; x_wconf 86' lang='lat' dir='ltr'>fructu,</span> <span class='ocrx_word' id='word_1_65' title='bbox 555 1520 688 1560; x_wconf 85' lang='lat' dir='ltr'>novit</span> <span class='ocrx_word' id='word_1_66' title='bbox 728 1519 973 1560; x_wconf 80' lang='lat' dir='ltr'>Dominus.</span> <span class='ocrx_word' id='word_1_67' title='bbox 1011 1519 1128 1560; x_wconf 90' lang='lat' dir='ltr'>Illud</span> <span class='ocrx_word' id='word_1_68' title='bbox 1160 1526 1319 1560; x_wconf 88' lang='lat' dir='ltr'>tamen</span> <span class='ocrx_word' id='word_1_69' title='bbox 1358 1531 1446 1571; x_wconf 91' lang='lat' dir='ltr'>ego</span> <span class='ocrx_word' id='word_1_70' title='bbox 1485 1520 1790 1572; x_wconf 87' lang='lat' dir='ltr'>proculdubio</span> <span class='ocrx_word' id='word_1_71' title='bbox 1830 1521 1983 1561; x_wconf 89' lang='lat' dir='ltr'>fateor</span> 
     </span>
     <span class='ocr_line' id='line_1_12' title="bbox 336 1590 1981 1645; baseline 0.001 -13"><span class='ocrx_word' id='word_1_72' title='bbox 336 1590 682 1632; x_wconf 86' lang='lat' dir='ltr'>multitudinem</span> <span class='ocrx_word' id='word_1_73' title='bbox 703 1602 878 1642; x_wconf 92' lang='lat' dir='ltr'>eorum,</span> <span class='ocrx_word' id='word_1_74' title='bbox 903 1591 982 1643; x_wconf 90' lang='lat' dir='ltr'>qui</span> <span class='ocrx_word' id='word_1_75' title='bbox 1003 1598 1303 1632; x_wconf 88' lang='lat' dir='ltr'>sacramenta</span> <span class='ocrx_word' id='word_1_76' title='bbox 1324 1592 1399 1632; x_wconf 92' lang='lat' dir='ltr'>hic</span> <span class='ocrx_word' id='word_1_77' title='bbox 1420 1591 1739 1644; x_wconf 82' lang='lat' dir='ltr'>frequentant,</span> <span class='ocrx_word' id='word_1_78' title='bbox 1764 1604 1866 1633; x_wconf 89' lang='lat' dir='ltr'>esse</span> <span class='ocrx_word' id='word_1_79' title='bbox 1896 1604 1981 1645; x_wconf 88' lang='lat' dir='ltr'>pro</span> 
     </span>
     <span class='ocr_line' id='line_1_13' title="bbox 335 1662 1980 1716; baseline 0.001 -13"><span class='ocrx_word' id='word_1_80' title='bbox 335 1662 662 1714; x_wconf 86' lang='lat' dir='ltr'>magnitudine</span> <span class='ocrx_word' id='word_1_81' title='bbox 685 1662 844 1714; x_wconf 89' lang='lat' dir='ltr'>oppidi</span> <span class='ocrx_word' id='word_1_82' title='bbox 1635 1665 1649 1685; x_wconf 83' lang='lat'>²</span> <span class='ocrx_word' id='word_1_83' title='bbox 1669 1664 1757 1704; x_wconf 90' lang='lat' dir='ltr'>hac</span> <span class='ocrx_word' id='word_1_84' title='bbox 1779 1664 1827 1704; x_wconf 91' lang='lat' dir='ltr'>in</span> <span class='ocrx_word' id='word_1_85' title='bbox 1846 1670 1980 1716; x_wconf 89' lang='lat' dir='ltr'>parte</span> 
     </span>
     <span class='ocr_line' id='line_1_14' title="bbox 337 1733 1983 1786; baseline 0.001 -12"><span class='ocrx_word' id='word_1_86' title='bbox 337 1735 396 1774; x_wconf 88' lang='lat' dir='ltr'>sit</span> <span class='ocrx_word' id='word_1_87' title='bbox 417 1734 745 1774; x_wconf 88' lang='lat' dir='ltr'>conferendus.</span> <span class='ocrx_word' id='word_1_88' title='bbox 781 1733 873 1774; x_wconf 85' lang='lat' dir='ltr'>Sed</span> <span class='ocrx_word' id='word_1_89' title='bbox 894 1740 938 1773; x_wconf 93' lang='lat' dir='ltr'>et</span> <span class='ocrx_word' id='word_1_90' title='bbox 968 1734 1098 1774; x_wconf 91' lang='lat' dir='ltr'>multi</span> <span class='ocrx_word' id='word_1_91' title='bbox 1129 1746 1188 1774; x_wconf 83' lang='lat' dir='ltr'>ex</span> <span class='ocrx_word' id='word_1_92' title='bbox 1214 1735 1395 1786; x_wconf 91' lang='lat' dir='ltr'>pueris,</span> <span class='ocrx_word' id='word_1_93' title='bbox 1427 1735 1504 1786; x_wconf 89' lang='lat' dir='ltr'>qui</span> <span class='ocrx_word' id='word_1_94' title='bbox 1531 1735 1684 1786; x_wconf 91' lang='lat' dir='ltr'>prima</span> <span class='ocrx_word' id='word_1_95' title='bbox 1717 1735 1871 1776; x_wconf 87' lang='lat' dir='ltr'>adhuc</span> <span class='ocrx_word' id='word_1_96' title='bbox 1899 1737 1983 1776; x_wconf 92' lang='lat' dir='ltr'>ele—</span> 
     </span>
     <span class='ocr_line' id='line_1_15' title="bbox 336 1804 1982 1857; baseline 0.001 -11"><span class='ocrx_word' id='word_1_97' title='bbox 336 1812 497 1846; x_wconf 83' lang='lat' dir='ltr'>menta</span> <span class='ocrx_word' id='word_1_98' title='bbox 520 1806 746 1846; x_wconf 89' lang='lat' dir='ltr'>docentur</span> <span class='ocrx_word' id='word_1_99' title='bbox 770 1805 817 1845; x_wconf 88' lang='lat' dir='ltr'>in</span> <span class='ocrx_word' id='word_1_100' title='bbox 839 1804 1012 1845; x_wconf 92' lang='lat' dir='ltr'>scholis</span> <span class='ocrx_word' id='word_1_101' title='bbox 1033 1805 1255 1857; x_wconf 86' lang='lat' dir='ltr'>privatis,</span> <span class='ocrx_word' id='word_1_102' title='bbox 1286 1811 1331 1846; x_wconf 91' lang='lat' dir='ltr'>et</span> <span class='ocrx_word' id='word_1_103' title='bbox 1357 1806 1630 1847; x_wconf 84' lang='lat' dir='ltr'>scholastici</span> <span class='ocrx_word' id='word_1_104' title='bbox 1657 1812 1847 1848; x_wconf 88' lang='lat' dir='ltr'>nostrae</span> <span class='ocrx_word' id='word_1_105' title='bbox 1876 1807 1982 1848; x_wconf 92' lang='lat' dir='ltr'>Uni-</span> 
     </span>
     <span class='ocr_line' id='line_1_16' title="bbox 339 1876 1984 1930; baseline 0.001 -13"><span class='ocrx_word' id='word_1_106' title='bbox 339 1876 594 1927; x_wconf 89' lang='lat' dir='ltr'>versitatis,</span> <span class='ocrx_word' id='word_1_107' title='bbox 620 1876 718 1916; x_wconf 85' lang='lat' dir='ltr'>fere</span> <span class='ocrx_word' id='word_1_108' title='bbox 740 1887 902 1916; x_wconf 88' lang='lat' dir='ltr'>omnes</span> <span class='ocrx_word' id='word_1_109' title='bbox 925 1876 1102 1916; x_wconf 87' lang='lat' dir='ltr'>crebris</span> <span class='ocrx_word' id='word_1_110' title='bbox 1124 1876 1498 1918; x_wconf 83' lang='lat' dir='ltr'>confessionibus</span> <span class='ocrx_word' id='word_1_111' title='bbox 1520 1884 1800 1918; x_wconf 87' lang='lat' dir='ltr'>assuescunt</span> <span class='ocrx_word' id='word_1_112' title='bbox 1824 1890 1984 1930; x_wconf 87' lang='lat' dir='ltr'>repur-</span> 
     </span>
     <span class='ocr_line' id='line_1_17' title="bbox 338 1947 1983 2002; baseline 0.001 -14"><span class='ocrx_word' id='word_1_113' title='bbox 338 1959 455 1998; x_wconf 86' lang='lat' dir='ltr'>gare</span> <span class='ocrx_word' id='word_1_114' title='bbox 492 1947 698 1998; x_wconf 87' lang='lat' dir='ltr'>animos,</span> <span class='ocrx_word' id='word_1_115' title='bbox 736 1947 961 1998; x_wconf 89' lang='lat' dir='ltr'>quoniam</span> <span class='ocrx_word' id='word_1_116' title='bbox 995 1947 1150 1988; x_wconf 87' lang='lat' dir='ltr'>adhuc</span> <span class='ocrx_word' id='word_1_117' title='bbox 1187 1948 1435 1988; x_wconf 83' lang='lat' dir='ltr'>tenerioris</span> <span class='ocrx_word' id='word_1_118' title='bbox 1468 1955 1575 1989; x_wconf 91' lang='lat' dir='ltr'>sunt</span> <span class='ocrx_word' id='word_1_119' title='bbox 1612 1950 1808 2000; x_wconf 86' lang='lat' dir='ltr'>aetatis,</span> <span class='ocrx_word' id='word_1_120' title='bbox 1844 1961 1983 2002; x_wconf 88' lang='lat' dir='ltr'>quam</span> 
     </span>
     <span class='ocr_line' id='line_1_18' title="bbox 339 2018 1982 2070; baseline 0.002 -12"><span class='ocrx_word' id='word_1_121' title='bbox 339 2025 388 2059; x_wconf 94' lang='lat' dir='ltr'>ut</span> <span class='ocrx_word' id='word_1_122' title='bbox 410 2019 469 2059; x_wconf 90' lang='lat' dir='ltr'>ad</span> <span class='ocrx_word' id='word_1_123' title='bbox 491 2030 678 2058; x_wconf 83' lang='lat' dir='ltr'>sacram</span> <span class='ocrx_word' id='word_1_124' title='bbox 700 2018 922 2070; x_wconf 83' lang='lat' dir='ltr'>synaxim</span> <span class='ocrx_word' id='word_1_125' title='bbox 943 2018 1291 2069; x_wconf 88' lang='lat' dir='ltr'>suscipiendam</span> <span class='ocrx_word' id='word_1_126' title='bbox 1310 2019 1493 2070; x_wconf 90' lang='lat' dir='ltr'>possint</span> <span class='ocrx_word' id='word_1_127' title='bbox 1515 2021 1757 2061; x_wconf 90' lang='lat' dir='ltr'>commode</span> <span class='ocrx_word' id='word_1_128' title='bbox 1785 2021 1982 2062; x_wconf 84' lang='lat' dir='ltr'>admitti.</span> 
     </span>
     <span class='ocr_line' id='line_1_19' title="bbox 337 2089 1984 2144; baseline 0.002 -14"><span class='ocrx_word' id='word_1_129' title='bbox 337 2090 464 2130; x_wconf 87' lang='lat' dir='ltr'>Inter</span> <span class='ocrx_word' id='word_1_130' title='bbox 494 2089 612 2130; x_wconf 90' lang='lat' dir='ltr'>haec</span> <span class='ocrx_word' id='word_1_131' title='bbox 640 2089 781 2129; x_wconf 83' lang='lat' dir='ltr'>etiam</span> <span class='ocrx_word' id='word_1_132' title='bbox 811 2089 987 2129; x_wconf 87' lang='lat' dir='ltr'>nostris</span> <span class='ocrx_word' id='word_1_133' title='bbox 1015 2089 1232 2130; x_wconf 87' lang='lat' dir='ltr'>Patribus</span> <span class='ocrx_word' id='word_1_134' title='bbox 1259 2101 1401 2130; x_wconf 84' lang='lat' dir='ltr'>curae</span> <span class='ocrx_word' id='word_1_135' title='bbox 1430 2097 1499 2131; x_wconf 90' lang='lat' dir='ltr'>est</span> <span class='ocrx_word' id='word_1_136' title='bbox 1526 2091 1738 2132; x_wconf 88' lang='lat' dir='ltr'>infirmos</span> <span class='ocrx_word' id='word_1_137' title='bbox 1764 2092 1984 2144; x_wconf 73' lang='lat' dir='ltr'>invisere,</span> 
     </span>
     <span class='ocr_line' id='line_1_20' title="bbox 339 2160 1984 2216; baseline 0.003 -16"><span class='ocrx_word' id='word_1_138' title='bbox 339 2161 645 2201; x_wconf 89' lang='lat' dir='ltr'>morientibus</span> <span class='ocrx_word' id='word_1_139' title='bbox 681 2172 818 2212; x_wconf 90' lang='lat' dir='ltr'>opem</span> <span class='ocrx_word' id='word_1_140' title='bbox 848 2160 992 2211; x_wconf 88' lang='lat' dir='ltr'>ferre;</span> <span class='ocrx_word' id='word_1_141' title='bbox 1033 2161 1072 2200; x_wconf 92' lang='lat' dir='ltr'>si</span> <span class='ocrx_word' id='word_1_142' title='bbox 1106 2172 1245 2213; x_wconf 90' lang='lat' dir='ltr'>quem</span> <span class='ocrx_word' id='word_1_143' title='bbox 1279 2161 1484 2202; x_wconf 86' lang='lat' dir='ltr'>viderint</span> <span class='ocrx_word' id='word_1_144' title='bbox 1521 2169 1731 2214; x_wconf 86' lang='lat' dir='ltr'>egestate</span> <span class='ocrx_word' id='word_1_145' title='bbox 1768 2164 1984 2216; x_wconf 88' lang='lat' dir='ltr'>opprimi,</span> 
     </span>
     <span class='ocr_line' id='line_1_21' title="bbox 340 2232 1986 2287; baseline 0.002 -14"><span class='ocrx_word' id='word_1_146' title='bbox 340 2233 498 2284; x_wconf 88' lang='lat' dir='ltr'>petitis</span> <span class='ocrx_word' id='word_1_147' title='bbox 530 2233 854 2284; x_wconf 88' lang='lat' dir='ltr'>undecumque</span> <span class='ocrx_word' id='word_1_148' title='bbox 883 2232 1219 2283; x_wconf 87' lang='lat' dir='ltr'>eleemosynis,</span> <span class='ocrx_word' id='word_1_149' title='bbox 1254 2232 1502 2285; x_wconf 82' lang='lat' dir='ltr'>adjuvare;</span> <span class='ocrx_word' id='word_1_150' title='bbox 1537 2235 1662 2285; x_wconf 89' lang='lat' dir='ltr'>lites,</span> <span class='ocrx_word' id='word_1_151' title='bbox 1693 2247 1810 2287; x_wconf 86' lang='lat' dir='ltr'>quas</span> <span class='ocrx_word' id='word_1_152' title='bbox 1844 2235 1986 2276; x_wconf 86' lang='lat' dir='ltr'>offen-</span> 
     </span>
     <span class='ocr_line' id='line_1_22' title="bbox 338 2303 1987 2358; baseline 0.002 -14"><span class='ocrx_word' id='word_1_153' title='bbox 338 2305 477 2355; x_wconf 90' lang='lat' dir='ltr'>dunt,</span> <span class='ocrx_word' id='word_1_154' title='bbox 508 2315 806 2356; x_wconf 88' lang='lat' dir='ltr'>componere.</span> <span class='ocrx_word' id='word_1_155' title='bbox 841 2303 993 2354; x_wconf 88' lang='lat' dir='ltr'>Haec,</span> <span class='ocrx_word' id='word_1_156' title='bbox 1031 2314 1151 2355; x_wconf 91' lang='lat' dir='ltr'>quae</span> <span class='ocrx_word' id='word_1_157' title='bbox 1178 2304 1226 2343; x_wconf 92' lang='lat' dir='ltr'>in</span> <span class='ocrx_word' id='word_1_158' title='bbox 1258 2304 1530 2345; x_wconf 85' lang='lat' dir='ltr'>universum</span> <span class='ocrx_word' id='word_1_159' title='bbox 1565 2307 1756 2358; x_wconf 89' lang='lat' dir='ltr'>scripsi,</span> <span class='ocrx_word' id='word_1_160' title='bbox 1793 2308 1987 2358; x_wconf 90' lang='lat' dir='ltr'>longum</span> 
     </span>
     <span class='ocr_line' id='line_1_23' title="bbox 338 2374 1987 2429; baseline 0.002 -14"><span class='ocrx_word' id='word_1_161' title='bbox 338 2376 479 2415; x_wconf 89' lang='lat' dir='ltr'>nimis</span> <span class='ocrx_word' id='word_1_162' title='bbox 514 2380 637 2415; x_wconf 89' lang='lat' dir='ltr'>esset</span> <span class='ocrx_word' id='word_1_163' title='bbox 671 2386 755 2426; x_wconf 90' lang='lat' dir='ltr'>per</span> <span class='ocrx_word' id='word_1_164' title='bbox 789 2374 977 2425; x_wconf 86' lang='lat' dir='ltr'>singula</span> <span class='ocrx_word' id='word_1_165' title='bbox 1011 2374 1256 2426; x_wconf 89' lang='lat' dir='ltr'>prosequi;</span> <span class='ocrx_word' id='word_1_166' title='bbox 1294 2376 1558 2427; x_wconf 84' lang='lat' dir='ltr'>exprimam</span> <span class='ocrx_word' id='word_1_167' title='bbox 1592 2383 1750 2417; x_wconf 88' lang='lat' dir='ltr'>tamen</span> <span class='ocrx_word' id='word_1_168' title='bbox 1786 2378 1910 2429; x_wconf 90' lang='lat' dir='ltr'>quod</span> <span class='ocrx_word' id='word_1_169' title='bbox 1944 2384 1987 2418; x_wconf 92' lang='lat' dir='ltr'>te</span> 
     </span>
     <span class='ocr_line' id='line_1_24' title="bbox 341 2445 1986 2500; baseline 0.002 -14"><span class='ocrx_word' id='word_1_170' title='bbox 341 2457 628 2498; x_wconf 84' lang='lat' dir='ltr'>magnopere</span> <span class='ocrx_word' id='word_1_171' title='bbox 663 2445 934 2486; x_wconf 91' lang='lat' dir='ltr'>oblectabit:</span> <span class='ocrx_word' id='word_1_172' title='bbox 973 2450 1074 2485; x_wconf 91' lang='lat' dir='ltr'>erat</span> <span class='ocrx_word' id='word_1_173' title='bbox 1107 2446 1154 2485; x_wconf 90' lang='lat' dir='ltr'>in</span> <span class='ocrx_word' id='word_1_174' title='bbox 1182 2446 1340 2487; x_wconf 88' lang='lat' dir='ltr'>vicino</span> <span class='ocrx_word' id='word_1_175' title='bbox 1368 2447 1572 2499; x_wconf 87' lang='lat' dir='ltr'>quodam</span> <span class='ocrx_word' id='word_1_176' title='bbox 1610 2448 1780 2500; x_wconf 87' lang='lat' dir='ltr'>oppido</span> <span class='ocrx_word' id='word_1_177' title='bbox 1813 2449 1986 2490; x_wconf 86' lang='lat' dir='ltr'>invete—</span> 
     </span>
     <span class='ocr_line' id='line_1_25' title="bbox 341 2516 1988 2569; baseline 0.003 -13"><span class='ocrx_word' id='word_1_178' title='bbox 341 2523 446 2557; x_wconf 79' lang='lat' dir='ltr'>rata</span> <span class='ocrx_word' id='word_1_179' title='bbox 467 2516 725 2568; x_wconf 85' lang='lat' dir='ltr'>discordia,</span> <span class='ocrx_word' id='word_1_180' title='bbox 752 2528 871 2569; x_wconf 88' lang='lat' dir='ltr'>quae</span> <span class='ocrx_word' id='word_1_181' title='bbox 894 2528 1055 2556; x_wconf 91' lang='lat' dir='ltr'>omnes</span> <span class='ocrx_word' id='word_1_182' title='bbox 1075 2516 1172 2557; x_wconf 87' lang='lat' dir='ltr'>fere</span> <span class='ocrx_word' id='word_1_183' title='bbox 1195 2517 1316 2558; x_wconf 88' lang='lat' dir='ltr'>illius</span> <span class='ocrx_word' id='word_1_184' title='bbox 1343 2518 1431 2558; x_wconf 90' lang='lat' dir='ltr'>loci</span> <span class='ocrx_word' id='word_1_185' title='bbox 1459 2519 1640 2559; x_wconf 88' lang='lat' dir='ltr'>incolas</span> <span class='ocrx_word' id='word_1_186' title='bbox 1671 2520 1911 2561; x_wconf 87' lang='lat' dir='ltr'>dividebat</span> <span class='ocrx_word' id='word_1_187' title='bbox 1941 2521 1988 2560; x_wconf 90' lang='lat' dir='ltr'>in</span> 
     </span>
     <span class='ocr_line' id='line_1_26' title="bbox 342 2587 1988 2639; baseline 0.002 -11"><span class='ocrx_word' id='word_1_188' title='bbox 342 2587 460 2628; x_wconf 89' lang='lat' dir='ltr'>duas</span> <span class='ocrx_word' id='word_1_189' title='bbox 498 2588 748 2639; x_wconf 84' lang='lat' dir='ltr'>factiones,</span> <span class='ocrx_word' id='word_1_190' title='bbox 787 2587 904 2627; x_wconf 89' lang='lat' dir='ltr'>adeo</span> <span class='ocrx_word' id='word_1_191' title='bbox 940 2587 1027 2627; x_wconf 91' lang='lat' dir='ltr'>sibi</span> <span class='ocrx_word' id='word_1_192' title='bbox 1058 2587 1272 2629; x_wconf 89' lang='lat' dir='ltr'>inimicas</span> <span class='ocrx_word' id='word_1_193' title='bbox 1309 2595 1359 2629; x_wconf 90' lang='lat' dir='ltr'>ut</span> <span class='ocrx_word' id='word_1_194' title='bbox 1394 2590 1541 2630; x_wconf 88' lang='lat' dir='ltr'>altera</span> <span class='ocrx_word' id='word_1_195' title='bbox 1580 2591 1771 2631; x_wconf 88' lang='lat' dir='ltr'>alterius</span> <span class='ocrx_word' id='word_1_196' title='bbox 1807 2590 1988 2632; x_wconf 87' lang='lat' dir='ltr'>cladem</span> 
     </span>
     <span class='ocr_line' id='line_1_27' title="bbox 342 2658 1985 2714; baseline 0.003 -16"><span class='ocrx_word' id='word_1_197' title='bbox 342 2659 391 2699; x_wconf 93' lang='lat' dir='ltr'>in</span> <span class='ocrx_word' id='word_1_198' title='bbox 425 2658 522 2699; x_wconf 87' lang='lat' dir='ltr'>dies</span> <span class='ocrx_word' id='word_1_199' title='bbox 556 2659 812 2710; x_wconf 89' lang='lat' dir='ltr'>moliretur,</span> <span class='ocrx_word' id='word_1_200' title='bbox 851 2670 938 2698; x_wconf 92' lang='lat' dir='ltr'>nec</span> <span class='ocrx_word' id='word_1_201' title='bbox 969 2664 1071 2699; x_wconf 88' lang='lat' dir='ltr'>erat</span> <span class='ocrx_word' id='word_1_202' title='bbox 1098 2659 1176 2710; x_wconf 89' lang='lat' dir='ltr'>qui</span> <span class='ocrx_word' id='word_1_203' title='bbox 1205 2665 1388 2700; x_wconf 87' lang='lat' dir='ltr'>tantum</span> <span class='ocrx_word' id='word_1_204' title='bbox 1415 2662 1590 2701; x_wconf 87' lang='lat' dir='ltr'>malum</span> <span class='ocrx_word' id='word_1_205' title='bbox 1617 2661 1783 2702; x_wconf 90' lang='lat' dir='ltr'>sedare</span> <span class='ocrx_word' id='word_1_206' title='bbox 1812 2668 1985 2714; x_wconf 88' lang='lat' dir='ltr'>posset:</span> 
     </span>
     <span class='ocr_line' id='line_1_28' title="bbox 343 2729 1989 2781; baseline 0.004 -13"><span class='ocrx_word' id='word_1_207' title='bbox 343 2729 607 2781; x_wconf 90' lang='lat' dir='ltr'>missusque</span> <span class='ocrx_word' id='word_1_208' title='bbox 642 2736 711 2770; x_wconf 90' lang='lat' dir='ltr'>est</span> <span class='ocrx_word' id='word_1_209' title='bbox 745 2729 854 2769; x_wconf 90' lang='lat' dir='ltr'>illuc</span> <span class='ocrx_word' id='word_1_210' title='bbox 891 2729 1080 2780; x_wconf 90' lang='lat' dir='ltr'>quidam</span> <span class='ocrx_word' id='word_1_211' title='bbox 1114 2742 1173 2770; x_wconf 88' lang='lat' dir='ltr'>ex</span> <span class='ocrx_word' id='word_1_212' title='bbox 1206 2731 1380 2771; x_wconf 89' lang='lat' dir='ltr'>nostris</span> <span class='ocrx_word' id='word_1_213' title='bbox 1416 2731 1634 2772; x_wconf 89' lang='lat' dir='ltr'>Patribus</span> <span class='ocrx_word' id='word_1_214' title='bbox 1669 2733 1728 2773; x_wconf 88' lang='lat' dir='ltr'>ad</span> <span class='ocrx_word' id='word_1_215' title='bbox 1755 2745 1860 2773; x_wconf 91' lang='lat' dir='ltr'>eam</span> <span class='ocrx_word' id='word_1_216' title='bbox 1889 2745 1989 2774; x_wconf 91' lang='lat' dir='ltr'>rem</span> 
     </span>
     <span class='ocr_line' id='line_1_29' title="bbox 346 2799 1989 2856; baseline 0.004 -17"><span class='ocrx_word' id='word_1_217' title='bbox 346 2800 691 2851; x_wconf 86' lang='lat' dir='ltr'>peragendam,</span> <span class='ocrx_word' id='word_1_218' title='bbox 716 2806 780 2852; x_wconf 89' lang='lat' dir='ltr'>et,</span> <span class='ocrx_word' id='word_1_219' title='bbox 805 2799 906 2840; x_wconf 93' lang='lat' dir='ltr'>Deo</span> <span class='ocrx_word' id='word_1_220' title='bbox 927 2800 1105 2851; x_wconf 86' lang='lat' dir='ltr'>gratia,</span> <span class='ocrx_word' id='word_1_221' title='bbox 1132 2801 1369 2842; x_wconf 88' lang='lat' dir='ltr'>discordia</span> <span class='ocrx_word' id='word_1_222' title='bbox 1391 2803 1543 2843; x_wconf 91' lang='lat' dir='ltr'>omnis</span> <span class='ocrx_word' id='word_1_223' title='bbox 1564 2804 1774 2844; x_wconf 84' lang='lat' dir='ltr'>extincta</span> <span class='ocrx_word' id='word_1_224' title='bbox 1801 2804 1911 2856; x_wconf 80' lang='lat' dir='ltr'>fuit3</span> <span class='ocrx_word' id='word_1_225' title='bbox 1945 2811 1989 2845; x_wconf 90' lang='lat' dir='ltr'>et</span> 
     </span>
    </p>
   </div>
   <div class='ocr_carea' id='block_1_5' title="bbox 525 2896 629 2898">
    <p class='ocr_par' dir='ltr' id='par_1_7' title="bbox 525 2896 629 2898">
     <span class='ocr_line' id='line_1_30' title="bbox 525 2896 629 2898; baseline 0 0"><span class='ocrx_word' id='word_1_226' title='bbox 525 2896 629 2898; x_wconf 95' lang='lat' dir='ltr'> </span> 
     </span>
    </p>
   </div>
   <div class='ocr_carea' id='block_1_6' title="bbox 402 2935 1846 2974">
    <p class='ocr_par' dir='ltr' id='par_1_8' title="bbox 402 2935 1846 2974">
     <span class='ocr_line' id='line_1_31' title="bbox 402 2935 1846 2974; baseline 0.004 -12"><span class='ocrx_word' id='word_1_227' title='bbox 402 2935 412 2954; x_wconf 88' lang='lat'>¹</span> <span class='ocrx_word' id='word_1_228' title='bbox 454 2936 736 2971; x_wconf 81' lang='lat' dir='ltr'>Autographum,</span> <span class='ocrx_word' id='word_1_229' title='bbox 753 2936 852 2964; x_wconf 88' lang='lat' dir='ltr'>unico</span> <span class='ocrx_word' id='word_1_230' title='bbox 867 2937 948 2964; x_wconf 85' lang='lat' dir='ltr'>folio</span> <span class='ocrx_word' id='word_1_231' title='bbox 966 2943 1032 2963; x_wconf 92' lang='lat' dir='ltr'>non</span> <span class='ocrx_word' id='word_1_232' title='bbox 1045 2941 1236 2970; x_wconf 71' lang='lat' dir='ltr'>numerato,</span> <span class='ocrx_word' id='word_1_233' title='bbox 1252 2938 1343 2965; x_wconf 85' lang='lat' dir='ltr'>inter</span> <span class='ocrx_word' id='word_1_234' title='bbox 1358 2939 1456 2973; x_wconf 87' lang='lat' dir='ltr'>hujus</span> <span class='ocrx_word' id='word_1_235' title='bbox 1471 2940 1550 2967; x_wconf 90' lang='lat' dir='ltr'>anni</span> <span class='ocrx_word' id='word_1_236' title='bbox 1566 2940 1846 2974; x_wconf 84' lang='lat' dir='ltr'>quadrimestres.</span> 
     </span>
    </p>
   </div>
   <div class='ocr_carea' id='block_1_7' title="bbox 350 2981 1989 3056">
    <p class='ocr_par' dir='ltr' id='par_1_9' title="bbox 350 2981 1989 3056">
     <span class='ocr_line' id='line_1_32' title="bbox 401 2981 1989 3022; baseline 0.004 -13"><span class='ocrx_word' id='word_1_237' title='bbox 401 2981 415 3000; x_wconf 72' lang='lat'><strong>²</strong></span> <span class='ocrx_word' id='word_1_238' title='bbox 452 2982 586 3010; x_wconf 80' lang='lat' dir='ltr'>Attrita</span> <span class='ocrx_word' id='word_1_239' title='bbox 602 2983 744 3018; x_wconf 89' lang='lat' dir='ltr'>charta,</span> <span class='ocrx_word' id='word_1_240' title='bbox 761 2991 828 3018; x_wconf 87' lang='lat' dir='ltr'>qua</span> <span class='ocrx_word' id='word_1_241' title='bbox 842 2987 941 3018; x_wconf 84' lang='lat' dir='ltr'>parte</span> <span class='ocrx_word' id='word_1_242' title='bbox 957 2984 1036 3011; x_wconf 91' lang='lat' dir='ltr'>olim</span> <span class='ocrx_word' id='word_1_243' title='bbox 1051 2983 1164 3012; x_wconf 81' lang='lat' dir='ltr'>fuerat</span> <span class='ocrx_word' id='word_1_244' title='bbox 1179 2985 1325 3019; x_wconf 83' lang='lat' dir='ltr'>plicata,</span> <span class='ocrx_word' id='word_1_245' title='bbox 1342 2986 1580 3014; x_wconf 84' lang='lat' dir='ltr'>desiderantur</span> <span class='ocrx_word' id='word_1_246' title='bbox 1594 2991 1740 3022; x_wconf 90' lang='lat' dir='ltr'>quatuor</span> <span class='ocrx_word' id='word_1_247' title='bbox 1764 2991 1824 3015; x_wconf 89' lang='lat' dir='ltr'>aut</span> <span class='ocrx_word' id='word_1_248' title='bbox 1844 2988 1989 3022; x_wconf 83' lang='lat' dir='ltr'>quinque</span> 
     </span>
     <span class='ocr_line' id='line_1_33' title="bbox 350 3030 531 3056; baseline 0 -1"><span class='ocrx_word' id='word_1_249' title='bbox 350 3030 531 3056; x_wconf 85' lang='lat' dir='ltr'>vocabula.</span> 
     </span>
    </p>
   </div>
  </div>
 </body>
</html>
