2168 3437
326 274 400 310 276
842 273 1072 310 LITTERAE
1100 283 1459 317 QUADRlMESTRES

322 381 509 410 omnem
531 370 797 421 opinionem
820 370 1126 420 detestantes,
1153 381 1207 410 ac
1229 369 1294 410 ita
1316 370 1518 410 absoluti
1538 370 1584 410 in
1606 371 1712 411 an.
1733 371 1964 412 abierunt.

327 441 572 481 Venerunt
595 441 653 480 ad
675 452 760 480 nos
781 440 970 492 plurimi
996 441 1074 480 alii
1101 441 1223 481 varii
1243 441 1431 492 generis
1452 442 1671 481 maximis
1692 453 1747 482 ac
1769 442 1968 483 detesta-

324 511 494 551 bilibus
515 511 722 562 peccatis
745 511 904 551 infecti
925 523 981 552 ac
1003 512 1225 564 corrupti.

404 583 709 623 Elaboratum
738 588 807 623 est
838 589 886 623 ut
916 584 1167 623 nonnullae
1195 584 1305 623 item
1333 583 1605 624 meretrices
1626 590 1670 624 et
1700 585 1969 626 huiusmodi

322 655 445 694 aliae
479 666 506 694 a
538 653 782 694 libidinum
813 654 1030 694 sordibus
1061 660 1397 705 avocarentur,
1432 655 1742 707 effectumque
1778 657 1967 697 tandem

323 731 414 774 est,
439 730 488 764 ut
510 737 567 764 ex
594 725 683 765 illis
713 736 854 764 unam
876 736 989 764 vere
1011 737 1066 765 ac
1086 732 1212 765 recte
1234 726 1513 777 poenituerit
1535 737 1728 766 suarum
1755 728 1968 778 corporis

322 797 642 848 voluptatum,
667 802 766 836 tum
787 796 913 836 vitae
934 796 1217 847 praeteritae
1239 808 1393 837 mores
1415 802 1459 837 et
1481 802 1727 849 quaestum
1757 797 1967 838 reiicien-

321 867 402 917 do,
427 872 524 907 tum
546 867 820 907 asciscendo
851 868 1099 908 honestum
1127 868 1295 909 aetatis
1326 868 1567 919 degendae
1599 868 1888 920 institutum,
1920 870 1963 909 in

319 950 413 989 quo
433 938 572 978 modo
589 971 596 989 ,
617 939 762 978 luctui
778 938 1112 979 maleficiorum
1129 972 1136 990 ,
1162 939 1535 979 confessionibus
1556 950 1611 979 ac
1630 939 1800 979 divinis
1818 940 1965 991 epulis

321 1009 539 1060 studens,
572 1009 658 1049 sibi
690 1016 888 1050 constat.
922 1009 1051 1060 Alia,
1085 1022 1204 1061 quae
1235 1011 1376 1050 etiam
1404 1023 1430 1050 a
1460 1010 1632 1061 pietate
1663 1010 1964 1062 abhorrebat,

320 1080 407 1120 fuit
436 1080 690 1120 constituta
725 1081 771 1121 in
805 1081 1119 1121 foeminarum
1153 1092 1490 1121 conversarum
1527 1081 1775 1131 coenobio,
1812 1081 1965 1133 ibique

323 1151 665 1192 studiosissime
687 1163 737 1192 se
758 1158 903 1192 totam
926 1152 1085 1192 divino
1108 1152 1251 1192 cultui
1273 1152 1430 1192 tradit.

401 1222 649 1263 Caeterum
667 1235 810 1274 quum
826 1223 873 1263 in
890 1224 1058 1263 harum
1074 1222 1385 1263 foeminarum
1406 1222 1413 1241 ¹
1435 1234 1698 1263 sermonem
1715 1223 1965 1263 incidimus

317 1305 414 1333 non
435 1295 725 1334 committam
747 1294 857 1346 quin
874 1294 1081 1334 breviter
1097 1306 1259 1334 earum
1277 1295 1498 1345 pietatem
1515 1294 1848 1345 perstringam.
1863 1293 1965 1334 Hae

316 1365 475 1416 itaque
498 1365 643 1405 divini
664 1366 868 1405 numinis
884 1365 1121 1416 praesidio
1143 1365 1257 1405 satis
1279 1365 1474 1405 honeste
1492 1377 1547 1405 ac
1564 1365 1636 1417 pie
1657 1377 1707 1405 se
1728 1371 1898 1416 gerunt
1918 1365 1964 1405 in

319 1436 546 1487 religione
569 1443 612 1476 et
634 1436 826 1488 spiritus
847 1436 1028 1476 ratione
1050 1448 1105 1476 ac
1127 1436 1220 1486 via,
1246 1448 1301 1476 ac
1323 1435 1553 1487 singulari
1580 1435 1783 1486 flagrant
1810 1436 1964 1476 studio

317 1507 608 1547 resarciendi
629 1507 850 1547 damnum
877 1514 921 1547 et
948 1509 1154 1560 culpam,
1185 1519 1305 1559 quae
1335 1519 1360 1547 a
1393 1519 1442 1547 se
1464 1507 1510 1546 in
1543 1507 1715 1547 mundo
1744 1514 1813 1547 est
1840 1519 1962 1548 com-

317 1579 483 1618 missa:
508 1579 770 1619 inserviunt
800 1578 1000 1618 viriliter
1029 1579 1225 1630 spiritui,
1256 1579 1590 1630 cupiditatibus
1618 1590 1790 1629 magno
1821 1579 1959 1630 impe-

316 1657 424 1690 rant
446 1651 617 1698 animo,
642 1662 813 1702 corpus
835 1651 1108 1690 verberibus
1130 1650 1351 1700 caedunt,
1376 1662 1432 1690 ac
1453 1650 1500 1690 id
1521 1650 1718 1690 rationis
1739 1650 1960 1701 obsequio

315 1728 361 1761 et
384 1722 506 1762 hanc
528 1722 601 1761 dei
623 1722 820 1773 imperio
842 1721 1092 1761 subiiciunt
1113 1720 1125 1739 ²
1147 1733 1154 1761 :
1179 1722 1386 1762 animum
1406 1721 1596 1773 vigiliis,
1628 1721 1892 1761 orationum
1916 1728 1960 1761 et

316 1798 722 1832 sacramentorum
742 1791 1005 1844 frequentia
1028 1793 1170 1843 alunt,
1192 1798 1330 1844 atque
1353 1793 1539 1844 quidem
1560 1793 1803 1832 declarant
1823 1793 1869 1832 in
1891 1804 1958 1832 re-

316 1865 403 1903 bus
425 1864 622 1914 agendis
644 1875 819 1915 magna
841 1863 1105 1904 constantia
1122 1875 1255 1903 suam
1271 1864 1587 1904 vocationem.
1607 1862 1748 1915 Apud
1764 1863 1850 1903 has
1866 1863 1957 1903 foe-

319 1935 470 1974 minas
491 1935 737 1986 religiosas
759 1941 829 1974 est
849 1935 1081 1986 quaedam
1101 1934 1174 1975 X.i
1204 1935 1356 1986 virgo,
1382 1935 1513 1975 cuius
1537 1940 1699 1985 mater,
1720 1934 1845 1974 haud
1861 1934 1959 1974 scio

314 2017 408 2057 quo
432 2007 554 2046 malo
576 2006 743 2057 spiritu
764 2006 977 2058 impulsa,
1007 2006 1270 2046 conabatur
1292 2006 1505 2046 omnibus
1524 2005 1704 2045 viribus
1721 2012 1764 2045 et
1783 2005 1959 2045 artibus

316 2089 422 2117 eam
445 2089 471 2116 a
493 2083 861 2118 commemorato
884 2077 1107 2117 coenobio
1139 2088 1357 2126 avocare,
1391 2077 1455 2116 ita
1477 2082 1525 2116 ut
1546 2076 1959 2128 vigilantissimum

320 2149 449 2188 urbis
467 2154 703 2200 pastorem
725 2161 779 2188 eo
797 2149 926 2188 adire
943 2160 1134 2188 necesse
1156 2154 1277 2188 esset
1294 2154 1342 2188 ut
1358 2148 1558 2199 virginis
1576 2134 1783 2188 animum
1805 2149 1958 2199 explo—

318 2226 472 2259 ratum
488 2220 694 2270 haberet,
717 2231 835 2270 quae
853 2225 1125 2259 constanter
1136 2219 1377 2270 respondit
1392 2219 1519 2258 nullo
1534 2219 1672 2258 modo
1689 2230 1738 2258 se
1755 2230 1960 2270 unquam

320 2291 482 2341 egredi
501 2291 636 2341 velle,
661 2290 742 2330 sed
764 2290 919 2342 potius
942 2290 987 2330 in
1009 2291 1085 2330 illa
1108 2296 1273 2330 sancta
1294 2291 1432 2330 domo
1455 2296 1657 2330 aetatem
1679 2290 1863 2330 ducere.

397 2361 487 2402 Sed
509 2361 647 2402 modo
672 2361 731 2401 ad
758 2361 802 2402 id
825 2362 947 2402 unde
968 2361 1269 2402 discessimus
1290 2362 1552 2402 redeamus.
1578 2361 1798 2401 Nonnulli
1820 2361 1960 2401 etiam

316 2440 624 2473 accurrerunt
655 2433 714 2473 ad
743 2445 843 2483 nos,
875 2433 952 2485 qui
980 2433 1088 2473 alibi
1114 2439 1310 2484 peccata
1338 2433 1523 2473 fuerant
1555 2432 1776 2483 confessi,
1803 2438 1961 2472 tamen

317 2516 423 2544 cum
442 2505 647 2544 animum
669 2504 877 2556 quietum
899 2510 942 2544 et
963 2503 1176 2544 sedatum
1196 2504 1369 2544 habere
1387 2516 1480 2544 non
1502 2509 1782 2555 possennac
1805 2503 1860 2543 de
1882 2515 1957 2542 no-

316 2576 386 2615 bis
415 2582 771 2626 cognoscerent,
804 2587 890 2615 nos
911 2576 1090 2627 precati
1120 2581 1242 2623 sunt,
1275 2581 1324 2615 ut
1346 2576 1391 2615 in
1421 2575 1511 2615 hoc
1539 2575 1802 2614 animarum
1833 2574 1958 2613 lava-

314 2659 397 2686 cro
423 2648 782 2697 adiuvarentur-3
809 2659 864 2687 ac
881 2657 1013 2686 suam
1031 2646 1373 2686 confessionem
1390 2646 1782 2696 redintegrantes,
1802 2645 1958 2685 exacti

318 2718 547 2758 examinis
569 2717 923 2768 suffragatione,
956 2716 1079 2768 quod
1102 2729 1127 2757 a
1155 2717 1288 2757 nobis
1310 2717 1408 2757 fieri
1431 2717 1618 2757 solitum
1646 2722 1731 2766 est,
1755 2716 1956 2767 plurima

315 2790 705 2841 deprompserunt
727 2790 906 2829 scelera
927 2794 971 2828 et
993 2788 1234 2839 maleficia,
1261 2800 1379 2840 quae
1402 2795 1539 2828 antea
1561 2788 1736 2827 dimota
1755 2799 1848 2827 non
1864 2786 1957 2827 fue-

315 2867 436 2910 rant,
461 2861 640 2911 hocque
663 2859 801 2900 modo
819 2860 986 2899 mentis
1002 2871 1118 2910 pace
1137 2865 1411 2911 comparata
1434 2859 1665 2899 abierunt.
1684 2857 1800 2899 Illud
1817 2859 1957 2898 etiam

376 3053 382 3071 1
426 3052 582 3086 Intellige
599 3059 682 3085 qua<
699 3055 823 3078 vocant
841 3058 1041 3078 conversas.

367 3100 380 3117 “—’
423 3107 543 3133 corpus
559 3100 702 3126 rationis
717 3099 885 3133 obsequio,
902 3099 1070 3126 rationem
1089 3099 1151 3126 Dei
1169 3100 1234 3133 imp
1249 3098 1317 3126 erio
1334 3098 1526 3125 subiiciunt.
