<?xml version="1.0" encoding="UTF-8"?>
<!DOCTYPE html PUBLIC "-//W3C//DTD XHTML 1.0 Transitional//EN"
    "http://www.w3.org/TR/xhtml1/DTD/xhtml1-transitional.dtd">
<html xmlns="http://www.w3.org/1999/xhtml" xml:lang="en" lang="en">
 <head>
  <title>
</title>
<meta http-equiv="Content-Type" content="text/html;charset=utf-8" />
  <meta name='ocr-system' content='tesseract 3.04.00' />
  <meta name='ocr-capabilities' content='ocr_page ocr_carea ocr_par ocr_line ocrx_word'/>
</head>
<body>
  <div class='ocr_page' id='page_1' title='image "./litteraequadrime1402lain_0163.png"; bbox 0 0 2168 3437; ppageno 0'>
   <div class='ocr_carea' id='block_1_1' title="bbox 918 245 1838 285">
    <p class='ocr_par' dir='ltr' id='par_1_1' title="bbox 918 245 1838 285">
     <span class='ocr_line' id='line_1_1' title="bbox 918 245 1838 285; baseline -0.005 0"><span class='ocrx_word' id='word_1_1' title='bbox 918 250 1001 285; x_wconf 61' lang='lat' dir='ltr'>Ax.</span> <span class='ocrx_word' id='word_1_2' title='bbox 1033 248 1124 285; x_wconf 67' lang='lat'>1553</span> <span class='ocrx_word' id='word_1_3' title='bbox 1768 245 1838 281; x_wconf 72' lang='lat'>159</span> 
     </span>
    </p>
   </div>
   <div class='ocr_carea' id='block_1_2' title="bbox 198 341 1855 2390">
    <p class='ocr_par' dir='ltr' id='par_1_2' title="bbox 198 341 1837 748">
     <span class='ocr_line' id='line_1_2' title="bbox 200 341 1833 402; baseline -0.007 -11"><span class='ocrx_word' id='word_1_4' title='bbox 200 351 287 391; x_wconf 90' lang='lat' dir='ltr'>rali</span> <span class='ocrx_word' id='word_1_5' title='bbox 308 355 616 402; x_wconf 86' lang='lat' dir='ltr'>promptaque</span> <span class='ocrx_word' id='word_1_6' title='bbox 636 347 876 386; x_wconf 85' lang='lat' dir='ltr'>voluntate</span> <span class='ocrx_word' id='word_1_7' title='bbox 898 350 1205 396; x_wconf 76' lang='lat' dir='ltr'>praestamus.</span> <span class='ocrx_word' id='word_1_8' title='bbox 1235 342 1439 394; x_wconf 80' lang='lat' dir='ltr'>Singulis</span> <span class='ocrx_word' id='word_1_9' title='bbox 1460 342 1720 394; x_wconf 82' lang='lat' dir='ltr'>quibusque</span> <span class='ocrx_word' id='word_1_10' title='bbox 1742 341 1833 381; x_wconf 87' lang='lat' dir='ltr'>die-</span> 
     </span>
     <span class='ocr_line' id='line_1_3' title="bbox 198 412 1832 467; baseline -0.007 -5"><span class='ocrx_word' id='word_1_11' title='bbox 198 423 284 462; x_wconf 90' lang='lat' dir='ltr'>bus</span> <span class='ocrx_word' id='word_1_12' title='bbox 304 420 512 467; x_wconf 87' lang='lat' dir='ltr'>veneris,</span> <span class='ocrx_word' id='word_1_13' title='bbox 536 418 778 459; x_wconf 91' lang='lat' dir='ltr'>doctrinae</span> <span class='ocrx_word' id='word_1_14' title='bbox 801 416 1084 457; x_wconf 88' lang='lat' dir='ltr'>christianae</span> <span class='ocrx_word' id='word_1_15' title='bbox 1114 415 1386 461; x_wconf 86' lang='lat' dir='ltr'>lectionem,</span> <span class='ocrx_word' id='word_1_16' title='bbox 1410 424 1551 465; x_wconf 87' lang='lat' dir='ltr'>quam</span> <span class='ocrx_word' id='word_1_17' title='bbox 1570 412 1727 452; x_wconf 89' lang='lat' dir='ltr'>multis</span> <span class='ocrx_word' id='word_1_18' title='bbox 1758 412 1832 451; x_wconf 89' lang='lat' dir='ltr'>ab·</span> 
     </span>
     <span class='ocr_line' id='line_1_4' title="bbox 200 483 1836 541; baseline -0.007 -8"><span class='ocrx_word' id='word_1_19' title='bbox 200 493 308 534; x_wconf 88' lang='lat' dir='ltr'>hinc</span> <span class='ocrx_word' id='word_1_20' title='bbox 329 491 491 532; x_wconf 91' lang='lat' dir='ltr'>diebus</span> <span class='ocrx_word' id='word_1_21' title='bbox 513 489 782 541; x_wconf 80' lang='lat' dir='ltr'>auspicatus</span> <span class='ocrx_word' id='word_1_22' title='bbox 804 499 927 537; x_wconf 91' lang='lat' dir='ltr'>sum,</span> <span class='ocrx_word' id='word_1_23' title='bbox 951 497 1232 538; x_wconf 88' lang='lat' dir='ltr'>prosequor:</span> <span class='ocrx_word' id='word_1_24' title='bbox 1257 485 1316 525; x_wconf 88' lang='lat' dir='ltr'>ad</span> <span class='ocrx_word' id='word_1_25' title='bbox 1337 496 1477 536; x_wconf 90' lang='lat' dir='ltr'>quam</span> <span class='ocrx_word' id='word_1_26' title='bbox 1506 483 1650 524; x_wconf 89' lang='lat' dir='ltr'>multo</span> <span class='ocrx_word' id='word_1_27' title='bbox 1677 483 1836 534; x_wconf 85' lang='lat' dir='ltr'>plures</span> 
     </span>
     <span class='ocr_line' id='line_1_5' title="bbox 201 553 1837 609; baseline -0.007 -5"><span class='ocrx_word' id='word_1_28' title='bbox 201 564 338 604; x_wconf 86' lang='lat' dir='ltr'>solito</span> <span class='ocrx_word' id='word_1_29' title='bbox 364 566 664 609; x_wconf 88' lang='lat' dir='ltr'>concurrunt,</span> <span class='ocrx_word' id='word_1_30' title='bbox 688 565 755 609; x_wconf 92' lang='lat' dir='ltr'>et,</span> <span class='ocrx_word' id='word_1_31' title='bbox 779 565 827 599; x_wconf 90' lang='lat' dir='ltr'>ut</span> <span class='ocrx_word' id='word_1_32' title='bbox 850 558 1138 607; x_wconf 88' lang='lat' dir='ltr'>coniicimus,</span> <span class='ocrx_word' id='word_1_33' title='bbox 1163 562 1402 604; x_wconf 89' lang='lat' dir='ltr'>crescente</span> <span class='ocrx_word' id='word_1_34' title='bbox 1424 567 1641 604; x_wconf 90' lang='lat' dir='ltr'>numero,</span> <span class='ocrx_word' id='word_1_35' title='bbox 1666 553 1837 594; x_wconf 87' lang='lat' dir='ltr'>crescit</span> 
     </span>
     <span class='ocr_line' id='line_1_6' title="bbox 202 624 1837 683; baseline -0.007 -8"><span class='ocrx_word' id='word_1_36' title='bbox 202 635 343 675; x_wconf 90' lang='lat' dir='ltr'>etiam</span> <span class='ocrx_word' id='word_1_37' title='bbox 364 634 543 674; x_wconf 90' lang='lat' dir='ltr'>fructus</span> <span class='ocrx_word' id='word_1_38' title='bbox 565 630 842 683; x_wconf 87' lang='lat' dir='ltr'>spiritualis,</span> <span class='ocrx_word' id='word_1_39' title='bbox 867 636 911 669; x_wconf 88' lang='lat' dir='ltr'>et</span> <span class='ocrx_word' id='word_1_40' title='bbox 939 628 1087 668; x_wconf 88' lang='lat' dir='ltr'>maior</span> <span class='ocrx_word' id='word_1_41' title='bbox 1116 628 1164 667; x_wconf 85' lang='lat' dir='ltr'>fit</span> <span class='ocrx_word' id='word_1_42' title='bbox 1196 628 1241 667; x_wconf 90' lang='lat' dir='ltr'>in</span> <span class='ocrx_word' id='word_1_43' title='bbox 1269 628 1368 667; x_wconf 89' lang='lat' dir='ltr'>dies</span> <span class='ocrx_word' id='word_1_44' title='bbox 1397 627 1660 666; x_wconf 90' lang='lat' dir='ltr'>animarum</span> <span class='ocrx_word' id='word_1_45' title='bbox 1687 624 1837 676; x_wconf 90' lang='lat' dir='ltr'>profe-</span> 
     </span>
     <span class='ocr_line' id='line_1_7' title="bbox 204 713 321 748; baseline -0.026 0"><span class='ocrx_word' id='word_1_46' title='bbox 204 713 321 748; x_wconf 81' lang='lat' dir='ltr'>ctus.</span> 
     </span>
    </p>

    <p class='ocr_par' dir='ltr' id='par_1_3' title="bbox 204 769 1849 1540">
     <span class='ocr_line' id='line_1_8' title="bbox 282 769 1837 818; baseline -0.006 -1"><span class='ocrx_word' id='word_1_47' title='bbox 282 778 333 818; x_wconf 92' lang='lat' dir='ltr'>In</span> <span class='ocrx_word' id='word_1_48' title='bbox 352 777 470 817; x_wconf 89' lang='lat' dir='ltr'>festo</span> <span class='ocrx_word' id='word_1_49' title='bbox 491 774 762 815; x_wconf 82' lang='lat' dir='ltr'>Nativitatis</span> <span class='ocrx_word' id='word_1_50' title='bbox 783 773 972 813; x_wconf 89' lang='lat' dir='ltr'>Domini</span> <span class='ocrx_word' id='word_1_51' title='bbox 1003 772 1235 812; x_wconf 80' lang='lat' dir='ltr'>maximus</span> <span class='ocrx_word' id='word_1_52' title='bbox 1263 771 1486 811; x_wconf 70' lang='lat' dir='ltr'>confluxit</span> <span class='ocrx_word' id='word_1_53' title='bbox 1518 769 1837 810; x_wconf 89' lang='lat' dir='ltr'>confitentium</span> 
     </span>
     <span class='ocr_line' id='line_1_9' title="bbox 204 839 1840 897; baseline -0.007 -8"><span class='ocrx_word' id='word_1_54' title='bbox 204 859 445 897; x_wconf 91' lang='lat' dir='ltr'>numerus,</span> <span class='ocrx_word' id='word_1_55' title='bbox 478 847 542 886; x_wconf 90' lang='lat' dir='ltr'>ita</span> <span class='ocrx_word' id='word_1_56' title='bbox 562 852 612 886; x_wconf 95' lang='lat' dir='ltr'>ut</span> <span class='ocrx_word' id='word_1_57' title='bbox 641 857 732 885; x_wconf 87' lang='lat' dir='ltr'>una</span> <span class='ocrx_word' id='word_1_58' title='bbox 763 845 947 894; x_wconf 81' lang='lat' dir='ltr'>integra</span> <span class='ocrx_word' id='word_1_59' title='bbox 979 842 1272 882; x_wconf 86' lang='lat' dir='ltr'>hebdomada</span> <span class='ocrx_word' id='word_1_60' title='bbox 1299 842 1447 881; x_wconf 82' lang='lat' dir='ltr'>nostri</span> <span class='ocrx_word' id='word_1_61' title='bbox 1476 840 1639 880; x_wconf 82' lang='lat' dir='ltr'>Patres</span> <span class='ocrx_word' id='word_1_62' title='bbox 1668 839 1840 879; x_wconf 88' lang='lat' dir='ltr'>fuerint</span> 
     </span>
     <span class='ocr_line' id='line_1_10' title="bbox 205 910 1840 965; baseline -0.007 -5"><span class='ocrx_word' id='word_1_63' title='bbox 205 918 448 960; x_wconf 87' lang='lat' dir='ltr'>audiendis</span> <span class='ocrx_word' id='word_1_64' title='bbox 470 916 841 958; x_wconf 79' lang='lat' dir='ltr'>confessionibus</span> <span class='ocrx_word' id='word_1_65' title='bbox 863 914 1095 965; x_wconf 86' lang='lat' dir='ltr'>occupati:</span> <span class='ocrx_word' id='word_1_66' title='bbox 1119 914 1275 964; x_wconf 91' lang='lat' dir='ltr'>plures</span> <span class='ocrx_word' id='word_1_67' title='bbox 1297 913 1421 952; x_wconf 90' lang='lat' dir='ltr'>enim</span> <span class='ocrx_word' id='word_1_68' title='bbox 1437 911 1515 951; x_wconf 70' lang='lat' dir='ltr'>‘o&#39;OO</span> <span class='ocrx_word' id='word_1_69' title='bbox 1531 910 1840 952; x_wconf 82' lang='lat' dir='ltr'>confessionis</span> 
     </span>
     <span class='ocr_line' id='line_1_11' title="bbox 205 981 1844 1036; baseline -0.007 -5"><span class='ocrx_word' id='word_1_70' title='bbox 205 997 250 1031; x_wconf 91' lang='lat' dir='ltr'>et</span> <span class='ocrx_word' id='word_1_71' title='bbox 285 988 627 1030; x_wconf 84' lang='lat' dir='ltr'>communionis</span> <span class='ocrx_word' id='word_1_72' title='bbox 660 992 955 1027; x_wconf 89' lang='lat' dir='ltr'>sacramenta</span> <span class='ocrx_word' id='word_1_73' title='bbox 985 990 1311 1036; x_wconf 89' lang='lat' dir='ltr'>susceperunt,</span> <span class='ocrx_word' id='word_1_74' title='bbox 1350 984 1469 1023; x_wconf 89' lang='lat' dir='ltr'>inter</span> <span class='ocrx_word' id='word_1_75' title='bbox 1505 994 1621 1034; x_wconf 91' lang='lat' dir='ltr'>quos</span> <span class='ocrx_word' id='word_1_76' title='bbox 1655 981 1844 1021; x_wconf 86' lang='lat' dir='ltr'>fuerunt</span> 
     </span>
     <span class='ocr_line' id='line_1_12' title="bbox 206 1052 1845 1113; baseline -0.007 -11"><span class='ocrx_word' id='word_1_77' title='bbox 206 1061 413 1113; x_wconf 77' lang='lat' dir='ltr'>plerique</span> <span class='ocrx_word' id='word_1_78' title='bbox 433 1059 632 1109; x_wconf 81' lang='lat' dir='ltr'>nobileS,</span> <span class='ocrx_word' id='word_1_79' title='bbox 663 1069 861 1110; x_wconf 90' lang='lat' dir='ltr'>quorum</span> <span class='ocrx_word' id='word_1_80' title='bbox 887 1057 1064 1103; x_wconf 88' lang='lat' dir='ltr'>multis,</span> <span class='ocrx_word' id='word_1_81' title='bbox 1095 1055 1184 1095; x_wconf 89' lang='lat' dir='ltr'>Dei</span> <span class='ocrx_word' id='word_1_82' title='bbox 1216 1055 1392 1105; x_wconf 80' lang='lat' dir='ltr'>gratia,</span> <span class='ocrx_word' id='word_1_83' title='bbox 1424 1066 1517 1094; x_wconf 91' lang='lat' dir='ltr'>non</span> <span class='ocrx_word' id='word_1_84' title='bbox 1546 1052 1845 1093; x_wconf 76' lang='lat' dir='ltr'>mediocriter</span> 
     </span>
     <span class='ocr_line' id='line_1_13' title="bbox 206 1123 1844 1181; baseline -0.007 -8"><span class='ocrx_word' id='word_1_85' title='bbox 206 1133 485 1173; x_wconf 85' lang='lat' dir='ltr'>subventum</span> <span class='ocrx_word' id='word_1_86' title='bbox 506 1136 596 1179; x_wconf 90' lang='lat' dir='ltr'>est,</span> <span class='ocrx_word' id='word_1_87' title='bbox 621 1129 699 1181; x_wconf 90' lang='lat' dir='ltr'>qui</span> <span class='ocrx_word' id='word_1_88' title='bbox 718 1128 866 1168; x_wconf 87' lang='lat' dir='ltr'>vitam</span> <span class='ocrx_word' id='word_1_89' title='bbox 886 1128 933 1168; x_wconf 92' lang='lat' dir='ltr'>in</span> <span class='ocrx_word' id='word_1_90' title='bbox 961 1127 1125 1167; x_wconf 90' lang='lat' dir='ltr'>melius</span> <span class='ocrx_word' id='word_1_91' title='bbox 1153 1132 1464 1175; x_wconf 89' lang='lat' dir='ltr'>commutare,</span> <span class='ocrx_word' id='word_1_92' title='bbox 1494 1124 1613 1164; x_wconf 88' lang='lat' dir='ltr'>mira</span> <span class='ocrx_word' id='word_1_93' title='bbox 1640 1123 1844 1175; x_wconf 86' lang='lat' dir='ltr'>quadam</span> 
     </span>
     <span class='ocr_line' id='line_1_14' title="bbox 208 1194 1843 1250; baseline -0.006 -6"><span class='ocrx_word' id='word_1_94' title='bbox 208 1204 352 1244; x_wconf 83' lang='lat' dir='ltr'>animi</span> <span class='ocrx_word' id='word_1_95' title='bbox 371 1201 659 1250; x_wconf 84' lang='lat' dir='ltr'>inductione,</span> <span class='ocrx_word' id='word_1_96' title='bbox 684 1206 959 1240; x_wconf 85' lang='lat' dir='ltr'>statuerunt.</span> <span class='ocrx_word' id='word_1_97' title='bbox 990 1199 1165 1239; x_wconf 89' lang='lat' dir='ltr'>Eorum</span> <span class='ocrx_word' id='word_1_98' title='bbox 1193 1198 1386 1246; x_wconf 89' lang='lat' dir='ltr'>multos,</span> <span class='ocrx_word' id='word_1_99' title='bbox 1420 1196 1499 1248; x_wconf 88' lang='lat' dir='ltr'>qui</span> <span class='ocrx_word' id='word_1_100' title='bbox 1534 1194 1843 1235; x_wconf 88' lang='lat' dir='ltr'>confessionis</span> 
     </span>
     <span class='ocr_line' id='line_1_15' title="bbox 209 1267 1844 1320; baseline -0.006 -5"><span class='ocrx_word' id='word_1_101' title='bbox 209 1282 253 1315; x_wconf 89' lang='lat' dir='ltr'>et</span> <span class='ocrx_word' id='word_1_102' title='bbox 273 1273 613 1315; x_wconf 87' lang='lat' dir='ltr'>communionis</span> <span class='ocrx_word' id='word_1_103' title='bbox 635 1277 933 1312; x_wconf 87' lang='lat' dir='ltr'>sacramenta</span> <span class='ocrx_word' id='word_1_104' title='bbox 955 1270 1275 1320; x_wconf 80' lang='lat' dir='ltr'>frequentant,</span> <span class='ocrx_word' id='word_1_105' title='bbox 1308 1267 1446 1308; x_wconf 86' lang='lat' dir='ltr'>valde</span> <span class='ocrx_word' id='word_1_106' title='bbox 1468 1278 1747 1319; x_wconf 81' lang='lat' dir='ltr'>promovere</span> <span class='ocrx_word' id='word_1_107' title='bbox 1769 1278 1844 1305; x_wconf 77' lang='lat' dir='ltr'>ex-</span> 
     </span>
     <span class='ocr_line' id='line_1_16' title="bbox 209 1339 1846 1398; baseline -0.006 -12"><span class='ocrx_word' id='word_1_108' title='bbox 209 1346 430 1398; x_wconf 87' lang='lat' dir='ltr'>perimur:</span> <span class='ocrx_word' id='word_1_109' title='bbox 453 1351 497 1385; x_wconf 91' lang='lat' dir='ltr'>et</span> <span class='ocrx_word' id='word_1_110' title='bbox 518 1344 769 1384; x_wconf 76' lang='lat' dir='ltr'>nonnullae</span> <span class='ocrx_word' id='word_1_111' title='bbox 790 1342 1001 1393; x_wconf 80' lang='lat' dir='ltr'>virgines</span> <span class='ocrx_word' id='word_1_112' title='bbox 1023 1341 1146 1392; x_wconf 86' lang='lat' dir='ltr'>apud</span> <span class='ocrx_word' id='word_1_113' title='bbox 1168 1353 1216 1381; x_wconf 91' lang='lat' dir='ltr'>se</span> <span class='ocrx_word' id='word_1_114' title='bbox 1239 1340 1580 1380; x_wconf 86' lang='lat' dir='ltr'>constituerunt</span> <span class='ocrx_word' id='word_1_115' title='bbox 1612 1339 1846 1388; x_wconf 83' lang='lat' dir='ltr'>integram</span> 
     </span>
     <span class='ocr_line' id='line_1_17' title="bbox 210 1409 1849 1464; baseline -0.006 -7"><span class='ocrx_word' id='word_1_116' title='bbox 210 1418 309 1458; x_wconf 89' lang='lat' dir='ltr'>sine</span> <span class='ocrx_word' id='word_1_117' title='bbox 330 1422 440 1456; x_wconf 76' lang='lat' dir='ltr'>voto</span> <span class='ocrx_word' id='word_1_118' title='bbox 464 1426 748 1456; x_wconf 87' lang='lat' dir='ltr'>conservare</span> <span class='ocrx_word' id='word_1_119' title='bbox 766 1414 1108 1464; x_wconf 81' lang='lat' dir='ltr'>Virginitatem:</span> <span class='ocrx_word' id='word_1_120' title='bbox 1132 1412 1384 1452; x_wconf 75' lang='lat' dir='ltr'>nonnullae</span> <span class='ocrx_word' id='word_1_121' title='bbox 1406 1410 1647 1461; x_wconf 83' lang='lat' dir='ltr'>religionis</span> <span class='ocrx_word' id='word_1_122' title='bbox 1672 1409 1849 1459; x_wconf 82' lang='lat' dir='ltr'>ingres-</span> 
     </span>
     <span class='ocr_line' id='line_1_18' title="bbox 211 1484 1202 1540; baseline -0.006 -12"><span class='ocrx_word' id='word_1_123' title='bbox 211 1500 314 1528; x_wconf 83' lang='lat' dir='ltr'>sum</span> <span class='ocrx_word' id='word_1_124' title='bbox 335 1487 767 1540; x_wconf 87' lang='lat' dir='ltr'>professionemque</span> <span class='ocrx_word' id='word_1_125' title='bbox 789 1484 876 1524; x_wconf 87' lang='lat' dir='ltr'>sibi</span> <span class='ocrx_word' id='word_1_126' title='bbox 898 1495 1202 1536; x_wconf 88' lang='lat' dir='ltr'>proposuere.</span> 
     </span>
    </p>

    <p class='ocr_par' dir='ltr' id='par_1_4' title="bbox 211 1550 1851 1962">
     <span class='ocr_line' id='line_1_19' title="bbox 289 1550 1848 1610; baseline -0.006 -11"><span class='ocrx_word' id='word_1_127' title='bbox 289 1559 447 1599; x_wconf 87' lang='lat' dir='ltr'>Prima</span> <span class='ocrx_word' id='word_1_128' title='bbox 467 1569 650 1610; x_wconf 83' lang='lat' dir='ltr'>quaque</span> <span class='ocrx_word' id='word_1_129' title='bbox 672 1556 904 1596; x_wconf 89' lang='lat' dir='ltr'>dominica</span> <span class='ocrx_word' id='word_1_130' title='bbox 927 1555 1100 1595; x_wconf 87' lang='lat' dir='ltr'>mensis</span> <span class='ocrx_word' id='word_1_131' title='bbox 1120 1553 1241 1594; x_wconf 55' lang='lat' dir='ltr'>Rfluss</span> <span class='ocrx_word' id='word_1_132' title='bbox 1262 1553 1311 1593; x_wconf 83' lang='lat' dir='ltr'>P.</span> <span class='ocrx_word' id='word_1_133' title='bbox 1342 1552 1521 1593; x_wconf 87' lang='lat' dir='ltr'>Natalis</span> <span class='ocrx_word' id='word_1_134' title='bbox 1549 1552 1594 1591; x_wconf 91' lang='lat' dir='ltr'>in</span> <span class='ocrx_word' id='word_1_135' title='bbox 1623 1551 1735 1591; x_wconf 87' lang='lat' dir='ltr'>Divi</span> <span class='ocrx_word' id='word_1_136' title='bbox 1755 1550 1848 1590; x_wconf 73' lang='lat' dir='ltr'>An-</span> 
     </span>
     <span class='ocr_line' id='line_1_20' title="bbox 211 1621 1847 1674; baseline -0.007 -3"><span class='ocrx_word' id='word_1_137' title='bbox 211 1631 324 1671; x_wconf 87' lang='lat' dir='ltr'>tonii</span> <span class='ocrx_word' id='word_1_138' title='bbox 344 1629 577 1670; x_wconf 87' lang='lat' dir='ltr'>nobilibus</span> <span class='ocrx_word' id='word_1_139' title='bbox 598 1627 824 1668; x_wconf 87' lang='lat' dir='ltr'>matronis</span> <span class='ocrx_word' id='word_1_140' title='bbox 846 1626 1097 1666; x_wconf 88' lang='lat' dir='ltr'>conciones</span> <span class='ocrx_word' id='word_1_141' title='bbox 1118 1626 1291 1665; x_wconf 88' lang='lat' dir='ltr'>habere</span> <span class='ocrx_word' id='word_1_142' title='bbox 1312 1624 1475 1664; x_wconf 88' lang='lat' dir='ltr'>solitus</span> <span class='ocrx_word' id='word_1_143' title='bbox 1498 1630 1581 1672; x_wconf 88' lang='lat' dir='ltr'>est,</span> <span class='ocrx_word' id='word_1_144' title='bbox 1603 1622 1768 1674; x_wconf 81' lang='lat' dir='ltr'>quibus</span> <span class='ocrx_word' id='word_1_145' title='bbox 1790 1621 1847 1661; x_wconf 86' lang='lat' dir='ltr'>ab</span> 
     </span>
     <span class='ocr_line' id='line_1_21' title="bbox 212 1692 1848 1752; baseline -0.006 -10"><span class='ocrx_word' id='word_1_146' title='bbox 212 1713 267 1742; x_wconf 93' lang='lat' dir='ltr'>eo</span> <span class='ocrx_word' id='word_1_147' title='bbox 288 1707 512 1752; x_wconf 84' lang='lat' dir='ltr'>ternpore,</span> <span class='ocrx_word' id='word_1_148' title='bbox 537 1711 626 1750; x_wconf 88' lang='lat' dir='ltr'>quo</span> <span class='ocrx_word' id='word_1_149' title='bbox 650 1698 786 1738; x_wconf 89' lang='lat' dir='ltr'>rediit</span> <span class='ocrx_word' id='word_1_150' title='bbox 815 1697 1000 1747; x_wconf 89' lang='lat' dir='ltr'>Comes,</span> <span class='ocrx_word' id='word_1_151' title='bbox 1030 1696 1251 1747; x_wconf 83' lang='lat' dir='ltr'>Proregis</span> <span class='ocrx_word' id='word_1_152' title='bbox 1276 1695 1391 1745; x_wconf 89' lang='lat' dir='ltr'>filia,</span> <span class='ocrx_word' id='word_1_153' title='bbox 1415 1706 1598 1745; x_wconf 89' lang='lat' dir='ltr'>semper</span> <span class='ocrx_word' id='word_1_154' title='bbox 1625 1692 1848 1742; x_wconf 82' lang='lat' dir='ltr'>interfuit3</span> 
     </span>
     <span class='ocr_line' id='line_1_22' title="bbox 215 1764 1851 1823; baseline -0.007 -10"><span class='ocrx_word' id='word_1_155' title='bbox 215 1784 305 1823; x_wconf 80' lang='lat' dir='ltr'>ego</span> <span class='ocrx_word' id='word_1_156' title='bbox 337 1783 451 1812; x_wconf 77' lang='lat' dir='ltr'>vero</span> <span class='ocrx_word' id='word_1_157' title='bbox 485 1771 633 1822; x_wconf 87' lang='lat' dir='ltr'>primo</span> <span class='ocrx_word' id='word_1_158' title='bbox 671 1781 853 1821; x_wconf 88' lang='lat' dir='ltr'>quoque</span> <span class='ocrx_word' id='word_1_159' title='bbox 890 1768 962 1808; x_wconf 89' lang='lat' dir='ltr'>die</span> <span class='ocrx_word' id='word_1_160' title='bbox 999 1768 1182 1807; x_wconf 87' lang='lat' dir='ltr'>sabbati</span> <span class='ocrx_word' id='word_1_161' title='bbox 1217 1766 1460 1807; x_wconf 88' lang='lat' dir='ltr'>cuiuslibet</span> <span class='ocrx_word' id='word_1_162' title='bbox 1495 1765 1667 1806; x_wconf 88' lang='lat' dir='ltr'>mensis</span> <span class='ocrx_word' id='word_1_163' title='bbox 1701 1764 1851 1803; x_wconf 85' lang='lat' dir='ltr'>habeo</span> 
     </span>
     <span class='ocr_line' id='line_1_23' title="bbox 215 1836 1849 1893; baseline -0.007 -9"><span class='ocrx_word' id='word_1_164' title='bbox 215 1844 492 1884; x_wconf 89' lang='lat' dir='ltr'>concionem</span> <span class='ocrx_word' id='word_1_165' title='bbox 514 1842 573 1882; x_wconf 85' lang='lat' dir='ltr'>ad</span> <span class='ocrx_word' id='word_1_166' title='bbox 593 1841 883 1893; x_wconf 78' lang='lat' dir='ltr'>peccatrices</span> <span class='ocrx_word' id='word_1_167' title='bbox 905 1840 951 1879; x_wconf 88' lang='lat' dir='ltr'>in</span> <span class='ocrx_word' id='word_1_168' title='bbox 972 1839 1084 1879; x_wconf 81' lang='lat' dir='ltr'>Divi</span> <span class='ocrx_word' id='word_1_169' title='bbox 1105 1838 1341 1887; x_wconf 75' lang='lat' dir='ltr'>Andreae,</span> <span class='ocrx_word' id='word_1_170' title='bbox 1374 1849 1492 1889; x_wconf 87' lang='lat' dir='ltr'>quae</span> <span class='ocrx_word' id='word_1_171' title='bbox 1516 1836 1606 1876; x_wconf 92' lang='lat' dir='ltr'>duo</span> <span class='ocrx_word' id='word_1_172' title='bbox 1629 1842 1735 1875; x_wconf 91' lang='lat' dir='ltr'>sunt</span> <span class='ocrx_word' id='word_1_173' title='bbox 1762 1836 1849 1874; x_wconf 82' lang='lat' dir='ltr'>hac</span> 
     </span>
     <span class='ocr_line' id='line_1_24' title="bbox 215 1909 1582 1962; baseline -0.007 -7"><span class='ocrx_word' id='word_1_174' title='bbox 215 1916 261 1955; x_wconf 87' lang='lat' dir='ltr'>in</span> <span class='ocrx_word' id='word_1_175' title='bbox 282 1914 473 1954; x_wconf 87' lang='lat' dir='ltr'>civitate</span> <span class='ocrx_word' id='word_1_176' title='bbox 497 1923 706 1953; x_wconf 88' lang='lat' dir='ltr'>summae</span> <span class='ocrx_word' id='word_1_177' title='bbox 728 1923 835 1951; x_wconf 88' lang='lat' dir='ltr'>eum</span> <span class='ocrx_word' id='word_1_178' title='bbox 855 1911 1043 1962; x_wconf 84' lang='lat' dir='ltr'>pietatis</span> <span class='ocrx_word' id='word_1_179' title='bbox 1064 1916 1162 1950; x_wconf 88' lang='lat' dir='ltr'>tum</span> <span class='ocrx_word' id='word_1_180' title='bbox 1187 1909 1401 1948; x_wconf 85' lang='lat' dir='ltr'>utilitatis</span> <span class='ocrx_word' id='word_1_181' title='bbox 1423 1919 1582 1958; x_wconf 85' lang='lat' dir='ltr'>opera.</span> 
     </span>
    </p>

    <p class='ocr_par' dir='ltr' id='par_1_5' title="bbox 215 1979 1855 2390">
     <span class='ocr_line' id='line_1_25' title="bbox 293 1979 1853 2036; baseline -0.007 -10"><span class='ocrx_word' id='word_1_182' title='bbox 293 1985 365 2026; x_wconf 88' lang='lat' dir='ltr'>Ac</span> <span class='ocrx_word' id='word_1_183' title='bbox 388 1992 437 2025; x_wconf 93' lang='lat' dir='ltr'>ut</span> <span class='ocrx_word' id='word_1_184' title='bbox 458 1996 609 2036; x_wconf 86' lang='lat' dir='ltr'>pauca</span> <span class='ocrx_word' id='word_1_185' title='bbox 626 1983 682 2023; x_wconf 93' lang='lat' dir='ltr'>de</span> <span class='ocrx_word' id='word_1_186' title='bbox 698 1983 845 2023; x_wconf 84' lang='lat' dir='ltr'>nostri</span> <span class='ocrx_word' id='word_1_187' title='bbox 863 1981 1055 2032; x_wconf 82' lang='lat' dir='ltr'>Collegii</span> <span class='ocrx_word' id='word_1_188' title='bbox 1078 1981 1366 2020; x_wconf 91' lang='lat' dir='ltr'>incremento</span> <span class='ocrx_word' id='word_1_189' title='bbox 1386 1979 1533 2031; x_wconf 86' lang='lat' dir='ltr'>deque</span> <span class='ocrx_word' id='word_1_190' title='bbox 1553 1984 1678 2018; x_wconf 88' lang='lat' dir='ltr'>statu</span> <span class='ocrx_word' id='word_1_191' title='bbox 1694 1983 1853 2017; x_wconf 77' lang='lat' dir='ltr'>nostro</span> 
     </span>
     <span class='ocr_line' id='line_1_26' title="bbox 215 2047 1848 2106; baseline -0.007 -9"><span class='ocrx_word' id='word_1_192' title='bbox 215 2057 360 2097; x_wconf 82' lang='lat' dir='ltr'>verba</span> <span class='ocrx_word' id='word_1_193' title='bbox 381 2056 567 2106; x_wconf 85' lang='lat' dir='ltr'>faciam,</span> <span class='ocrx_word' id='word_1_194' title='bbox 587 2053 707 2095; x_wconf 72' lang='lat' dir='ltr'>R.d¹¹S</span> <span class='ocrx_word' id='word_1_195' title='bbox 726 2053 775 2094; x_wconf 85' lang='grc' dir='ltr'>Ρ.</span> <span class='ocrx_word' id='word_1_196' title='bbox 794 2053 974 2094; x_wconf 84' lang='lat' dir='ltr'>Natalis</span> <span class='ocrx_word' id='word_1_197' title='bbox 995 2053 1110 2092; x_wconf 88' lang='lat' dir='ltr'>duos</span> <span class='ocrx_word' id='word_1_198' title='bbox 1131 2051 1319 2091; x_wconf 81' lang='lat' dir='ltr'>admisit</span> <span class='ocrx_word' id='word_1_199' title='bbox 1340 2051 1387 2090; x_wconf 90' lang='lat' dir='ltr'>in</span> <span class='ocrx_word' id='word_1_200' title='bbox 1409 2050 1597 2090; x_wconf 88' lang='lat' dir='ltr'>domum</span> <span class='ocrx_word' id='word_1_201' title='bbox 1617 2047 1848 2100; x_wconf 68' lang='lat' dir='ltr'>probatio-</span> 
     </span>
     <span class='ocr_line' id='line_1_27' title="bbox 216 2117 1851 2177; baseline -0.007 -9"><span class='ocrx_word' id='word_1_202' title='bbox 216 2129 287 2168; x_wconf 90' lang='lat' dir='ltr'>nis</span> <span class='ocrx_word' id='word_1_203' title='bbox 309 2127 528 2177; x_wconf 86' lang='lat' dir='ltr'>novitios,</span> <span class='ocrx_word' id='word_1_204' title='bbox 557 2132 804 2176; x_wconf 88' lang='lat' dir='ltr'>utrumque</span> <span class='ocrx_word' id='word_1_205' title='bbox 825 2124 1121 2175; x_wconf 82' lang='lat' dir='ltr'>ingeniosum</span> <span class='ocrx_word' id='word_1_206' title='bbox 1143 2130 1185 2162; x_wconf 90' lang='lat' dir='ltr'>et</span> <span class='ocrx_word' id='word_1_207' title='bbox 1208 2123 1323 2162; x_wconf 89' lang='lat' dir='ltr'>bene</span> <span class='ocrx_word' id='word_1_208' title='bbox 1345 2128 1522 2161; x_wconf 87' lang='lat' dir='ltr'>natum:</span> <span class='ocrx_word' id='word_1_209' title='bbox 1546 2132 1670 2160; x_wconf 89' lang='lat' dir='ltr'>nunc</span> <span class='ocrx_word' id='word_1_210' title='bbox 1692 2119 1735 2158; x_wconf 86' lang='lat' dir='ltr'>in</span> <span class='ocrx_word' id='word_1_211' title='bbox 1760 2117 1851 2158; x_wconf 88' lang='lat' dir='ltr'>offi-</span> 
     </span>
     <span class='ocr_line' id='line_1_28' title="bbox 218 2190 1851 2239; baseline -0.007 0"><span class='ocrx_word' id='word_1_212' title='bbox 218 2199 301 2239; x_wconf 90' lang='lat' dir='ltr'>ciis</span> <span class='ocrx_word' id='word_1_213' title='bbox 322 2205 366 2238; x_wconf 93' lang='lat' dir='ltr'>et</span> <span class='ocrx_word' id='word_1_214' title='bbox 387 2197 623 2238; x_wconf 84' lang='lat' dir='ltr'>exercitiis</span> <span class='ocrx_word' id='word_1_215' title='bbox 644 2195 919 2236; x_wconf 87' lang='lat' dir='ltr'>humilitatis</span> <span class='ocrx_word' id='word_1_216' title='bbox 941 2200 1233 2234; x_wconf 80' lang='lat' dir='ltr'>exercentur.</span> <span class='ocrx_word' id='word_1_217' title='bbox 1263 2192 1426 2233; x_wconf 85' lang='lat' dir='ltr'>Plures</span> <span class='ocrx_word' id='word_1_218' title='bbox 1448 2192 1527 2231; x_wconf 87' lang='lat' dir='ltr'>alii</span> <span class='ocrx_word' id='word_1_219' title='bbox 1548 2190 1851 2230; x_wconf 52' lang='lat' dir='ltr'>libentissime</span> 
     </span>
     <span class='ocr_line' id='line_1_29' title="bbox 218 2264 1854 2318; baseline -0.007 -8"><span class='ocrx_word' id='word_1_220' title='bbox 218 2270 391 2309; x_wconf 78' lang='lat' dir='ltr'>vellent</span> <span class='ocrx_word' id='word_1_221' title='bbox 427 2268 626 2318; x_wconf 81' lang='lat' dir='ltr'>admitti3</span> <span class='ocrx_word' id='word_1_222' title='bbox 663 2266 744 2307; x_wconf 89' lang='lat' dir='ltr'>sed</span> <span class='ocrx_word' id='word_1_223' title='bbox 778 2266 918 2306; x_wconf 84' lang='lat' dir='ltr'>Pater</span> <span class='ocrx_word' id='word_1_224' title='bbox 947 2265 1167 2306; x_wconf 88' lang='lat' dir='ltr'>dilatione</span> <span class='ocrx_word' id='word_1_225' title='bbox 1195 2264 1397 2315; x_wconf 85' lang='lat' dir='ltr'>quadam</span> <span class='ocrx_word' id='word_1_226' title='bbox 1427 2264 1526 2303; x_wconf 79' lang='lat' dir='ltr'>vult</span> <span class='ocrx_word' id='word_1_227' title='bbox 1557 2273 1718 2302; x_wconf 89' lang='lat' dir='ltr'>eorum</span> <span class='ocrx_word' id='word_1_228' title='bbox 1749 2272 1854 2300; x_wconf 89' lang='lat' dir='ltr'>con-</span> 
     </span>
     <span class='ocr_line' id='line_1_30' title="bbox 220 2331 1855 2390; baseline -0.006 -10"><span class='ocrx_word' id='word_1_229' title='bbox 220 2340 420 2381; x_wconf 85' lang='lat' dir='ltr'>stantiae</span> <span class='ocrx_word' id='word_1_230' title='bbox 440 2339 700 2390; x_wconf 89' lang='lat' dir='ltr'>periculum</span> <span class='ocrx_word' id='word_1_231' title='bbox 720 2338 890 2377; x_wconf 88' lang='lat' dir='ltr'>facere.</span> <span class='ocrx_word' id='word_1_232' title='bbox 921 2336 1103 2388; x_wconf 86' lang='lat' dir='ltr'>Reliqui</span> <span class='ocrx_word' id='word_1_233' title='bbox 1130 2335 1314 2385; x_wconf 86' lang='lat' dir='ltr'>novitii,</span> <span class='ocrx_word' id='word_1_234' title='bbox 1345 2334 1425 2386; x_wconf 87' lang='lat' dir='ltr'>qui</span> <span class='ocrx_word' id='word_1_235' title='bbox 1459 2346 1485 2373; x_wconf 85' lang='lat' dir='ltr'>a</span> <span class='ocrx_word' id='word_1_236' title='bbox 1513 2333 1692 2373; x_wconf 87' lang='lat' dir='ltr'>duobus</span> <span class='ocrx_word' id='word_1_237' title='bbox 1721 2331 1855 2371; x_wconf 81' lang='lat' dir='ltr'>annis</span> 
     </span>
    </p>
   </div>
   <div class='ocr_carea' id='block_1_3' title="bbox 183 2404 1855 2466">
    <p class='ocr_par' dir='ltr' id='par_1_6' title="bbox 183 2404 1855 2466">
     <span class='ocr_line' id='line_1_31' title="bbox 183 2404 1855 2466; baseline -0.007 -14"><span class='ocrx_word' id='word_1_238' title='bbox 183 2461 187 2466; x_wconf 86' lang='lat'>.</span> <span class='ocrx_word' id='word_1_239' title='bbox 223 2411 414 2452; x_wconf 87' lang='lat' dir='ltr'>admissi</span> <span class='ocrx_word' id='word_1_240' title='bbox 435 2416 562 2460; x_wconf 90' lang='lat' dir='ltr'>sunt,</span> <span class='ocrx_word' id='word_1_241' title='bbox 585 2409 674 2449; x_wconf 91' lang='lat' dir='ltr'>Dei</span> <span class='ocrx_word' id='word_1_242' title='bbox 693 2408 847 2460; x_wconf 83' lang='lat' dir='ltr'>gratia</span> <span class='ocrx_word' id='word_1_243' title='bbox 879 2419 1076 2459; x_wconf 83' lang='lat' dir='ltr'>magnos</span> <span class='ocrx_word' id='word_1_244' title='bbox 1105 2413 1149 2447; x_wconf 91' lang='lat' dir='ltr'>et</span> <span class='ocrx_word' id='word_1_245' title='bbox 1178 2407 1224 2446; x_wconf 87' lang='lat' dir='ltr'>in</span> <span class='ocrx_word' id='word_1_246' title='bbox 1250 2406 1417 2446; x_wconf 86' lang='lat' dir='ltr'>litteris</span> <span class='ocrx_word' id='word_1_247' title='bbox 1445 2411 1490 2444; x_wconf 92' lang='lat' dir='ltr'>et</span> <span class='ocrx_word' id='word_1_248' title='bbox 1517 2404 1724 2444; x_wconf 85' lang='lat' dir='ltr'>moribus</span> <span class='ocrx_word' id='word_1_249' title='bbox 1753 2414 1855 2453; x_wconf 88' lang='lat' dir='ltr'>pro-</span> 
     </span>
    </p>
   </div>
   <div class='ocr_carea' id='block_1_4' title="bbox 222 2474 1861 3100">
    <p class='ocr_par' dir='ltr' id='par_1_7' title="bbox 222 2474 1861 3100">
     <span class='ocr_line' id='line_1_32' title="bbox 222 2474 1857 2534; baseline -0.007 -12"><span class='ocrx_word' id='word_1_250' title='bbox 222 2493 415 2534; x_wconf 85' lang='lat' dir='ltr'>gressus</span> <span class='ocrx_word' id='word_1_251' title='bbox 444 2481 634 2521; x_wconf 89' lang='lat' dir='ltr'>faciunt.</span> <span class='ocrx_word' id='word_1_252' title='bbox 665 2480 795 2520; x_wconf 90' lang='lat' dir='ltr'>Unus</span> <span class='ocrx_word' id='word_1_253' title='bbox 830 2492 887 2519; x_wconf 78' lang='lat' dir='ltr'>ex</span> <span class='ocrx_word' id='word_1_254' title='bbox 920 2484 1140 2530; x_wconf 85' lang='lat' dir='ltr'>quatuor,</span> <span class='ocrx_word' id='word_1_255' title='bbox 1177 2477 1297 2517; x_wconf 88' lang='lat' dir='ltr'>filius</span> <span class='ocrx_word' id='word_1_256' title='bbox 1332 2475 1575 2516; x_wconf 91' lang='lat' dir='ltr'>cuiusdam</span> <span class='ocrx_word' id='word_1_257' title='bbox 1611 2474 1778 2514; x_wconf 78' lang='lat' dir='ltr'>nobilis</span> <span class='ocrx_word' id='word_1_258' title='bbox 1812 2478 1857 2512; x_wconf 90' lang='lat' dir='ltr'>et</span> 
     </span>
     <span class='ocr_line' id='line_1_33' title="bbox 222 2545 1856 2606; baseline -0.006 -13"><span class='ocrx_word' id='word_1_259' title='bbox 222 2552 433 2606; x_wconf 89' lang='lat' dir='ltr'>primarii</span> <span class='ocrx_word' id='word_1_260' title='bbox 452 2551 543 2592; x_wconf 84' lang='lat' dir='ltr'>viri</span> <span class='ocrx_word' id='word_1_261' title='bbox 563 2551 768 2591; x_wconf 86' lang='lat' dir='ltr'>civitatis</span> <span class='ocrx_word' id='word_1_262' title='bbox 789 2550 950 2600; x_wconf 86' lang='lat' dir='ltr'>huius,</span> <span class='ocrx_word' id='word_1_263' title='bbox 974 2549 1098 2590; x_wconf 88' lang='lat' dir='ltr'>felici</span> <span class='ocrx_word' id='word_1_264' title='bbox 1118 2549 1304 2589; x_wconf 88' lang='lat' dir='ltr'>dotatus</span> <span class='ocrx_word' id='word_1_265' title='bbox 1326 2546 1515 2597; x_wconf 82' lang='lat' dir='ltr'>ingenio</span> <span class='ocrx_word' id='word_1_266' title='bbox 1537 2545 1756 2595; x_wconf 87' lang='lat' dir='ltr'>facilique</span> <span class='ocrx_word' id='word_1_267' title='bbox 1778 2556 1856 2584; x_wconf 88' lang='lat' dir='ltr'>na-</span> 
     </span>
     <span class='ocr_line' id='line_1_34' title="bbox 223 2615 1859 2675; baseline -0.007 -11"><span class='ocrx_word' id='word_1_268' title='bbox 223 2632 343 2675; x_wconf 91' lang='lat' dir='ltr'>tura,</span> <span class='ocrx_word' id='word_1_269' title='bbox 368 2624 447 2664; x_wconf 93' lang='lat' dir='ltr'>dat</span> <span class='ocrx_word' id='word_1_270' title='bbox 469 2633 662 2674; x_wconf 85' lang='lat' dir='ltr'>operam</span> <span class='ocrx_word' id='word_1_271' title='bbox 681 2621 964 2661; x_wconf 87' lang='lat' dir='ltr'>rhetoricae:</span> <span class='ocrx_word' id='word_1_272' title='bbox 990 2620 1108 2660; x_wconf 89' lang='lat' dir='ltr'>alius</span> <span class='ocrx_word' id='word_1_273' title='bbox 1129 2618 1482 2659; x_wconf 85' lang='lat' dir='ltr'>humanioribus</span> <span class='ocrx_word' id='word_1_274' title='bbox 1503 2615 1666 2665; x_wconf 79' lang='lat' dir='ltr'>literiS,</span> <span class='ocrx_word' id='word_1_275' title='bbox 1694 2615 1859 2666; x_wconf 85' lang='lat' dir='ltr'>reliqui</span> 
     </span>
     <span class='ocr_line' id='line_1_35' title="bbox 226 2685 1859 2746; baseline -0.007 -10"><span class='ocrx_word' id='word_1_276' title='bbox 226 2696 316 2736; x_wconf 90' lang='lat' dir='ltr'>duo</span> <span class='ocrx_word' id='word_1_277' title='bbox 349 2693 688 2746; x_wconf 83' lang='lat' dir='ltr'>grammaticae</span> <span class='ocrx_word' id='word_1_278' title='bbox 722 2691 922 2733; x_wconf 85' lang='lat' dir='ltr'>student.</span> <span class='ocrx_word' id='word_1_279' title='bbox 959 2691 1006 2731; x_wconf 85' lang='lat' dir='ltr'>ln</span> <span class='ocrx_word' id='word_1_280' title='bbox 1044 2690 1251 2741; x_wconf 78' lang='lat' dir='ltr'>Collegio</span> <span class='ocrx_word' id='word_1_281' title='bbox 1287 2699 1446 2728; x_wconf 87' lang='lat' dir='ltr'>sumus</span> <span class='ocrx_word' id='word_1_282' title='bbox 1473 2697 1667 2726; x_wconf 87' lang='lat' dir='ltr'>numero</span> <span class='ocrx_word' id='word_1_283' title='bbox 1702 2685 1779 2734; x_wconf 79' lang='lat'>203</span> <span class='ocrx_word' id='word_1_284' title='bbox 1812 2685 1859 2725; x_wconf 88' lang='lat' dir='ltr'>in</span> 
     </span>
     <span class='ocr_line' id='line_1_36' title="bbox 227 2757 1861 2818; baseline -0.007 -11"><span class='ocrx_word' id='word_1_285' title='bbox 227 2767 364 2807; x_wconf 92' lang='lat' dir='ltr'>domo</span> <span class='ocrx_word' id='word_1_286' title='bbox 391 2764 680 2818; x_wconf 89' lang='lat' dir='ltr'>probationis</span> <span class='ocrx_word' id='word_1_287' title='bbox 707 2764 752 2814; x_wconf 79' lang='lat'>73</span> <span class='ocrx_word' id='word_1_288' title='bbox 789 2763 1025 2814; x_wconf 90' lang='lat' dir='ltr'>discipuli,</span> <span class='ocrx_word' id='word_1_289' title='bbox 1064 2762 1140 2813; x_wconf 90' lang='lat' dir='ltr'>qui</span> <span class='ocrx_word' id='word_1_290' title='bbox 1175 2769 1364 2801; x_wconf 85' lang='lat' dir='ltr'>nostras</span> <span class='ocrx_word' id='word_1_291' title='bbox 1398 2759 1694 2810; x_wconf 88' lang='lat' dir='ltr'>frequentant</span> <span class='ocrx_word' id='word_1_292' title='bbox 1729 2757 1861 2797; x_wconf 88' lang='lat' dir='ltr'>scho-</span> 
     </span>
     <span class='ocr_line' id='line_1_37' title="bbox 227 2830 1860 2888; baseline -0.007 -10"><span class='ocrx_word' id='word_1_293' title='bbox 227 2841 316 2888; x_wconf 65' lang='lat' dir='ltr'>las,</span> <span class='ocrx_word' id='word_1_294' title='bbox 339 2836 431 2877; x_wconf 83' lang='lat'>350.</span> <span class='ocrx_word' id='word_1_295' title='bbox 457 2836 650 2885; x_wconf 89' lang='lat' dir='ltr'>Omnes,</span> <span class='ocrx_word' id='word_1_296' title='bbox 675 2835 763 2875; x_wconf 89' lang='lat' dir='ltr'>Dei</span> <span class='ocrx_word' id='word_1_297' title='bbox 783 2834 1028 2884; x_wconf 71' lang='lat' dir='ltr'>beneficio,</span> <span class='ocrx_word' id='word_1_298' title='bbox 1052 2839 1211 2884; x_wconf 87' lang='lat' dir='ltr'>patres</span> <span class='ocrx_word' id='word_1_299' title='bbox 1233 2838 1276 2871; x_wconf 93' lang='lat' dir='ltr'>et</span> <span class='ocrx_word' id='word_1_300' title='bbox 1299 2830 1489 2879; x_wconf 82' lang='lat' dir='ltr'>fratres,</span> <span class='ocrx_word' id='word_1_301' title='bbox 1520 2840 1606 2880; x_wconf 88' lang='lat' dir='ltr'>pro</span> <span class='ocrx_word' id='word_1_302' title='bbox 1634 2839 1860 2868; x_wconf 89' lang='lat' dir='ltr'>concesso</span> 
     </span>
     <span class='ocr_line' id='line_1_38' title="bbox 227 2898 1859 2959; baseline -0.007 -11"><span class='ocrx_word' id='word_1_303' title='bbox 227 2909 333 2959; x_wconf 86' lang='lat' dir='ltr'>sibi,</span> <span class='ocrx_word' id='word_1_304' title='bbox 358 2908 516 2948; x_wconf 86' lang='lat' dir='ltr'>divina</span> <span class='ocrx_word' id='word_1_305' title='bbox 538 2906 715 2958; x_wconf 84' lang='lat' dir='ltr'>gratia,</span> <span class='ocrx_word' id='word_1_306' title='bbox 740 2906 931 2955; x_wconf 89' lang='lat' dir='ltr'>talento,</span> <span class='ocrx_word' id='word_1_307' title='bbox 964 2915 1188 2956; x_wconf 89' lang='lat' dir='ltr'>prospere</span> <span class='ocrx_word' id='word_1_308' title='bbox 1218 2902 1333 2942; x_wconf 86' lang='lat' dir='ltr'>satis</span> <span class='ocrx_word' id='word_1_309' title='bbox 1355 2905 1662 2951; x_wconf 86' lang='lat' dir='ltr'>occupantur.</span> <span class='ocrx_word' id='word_1_310' title='bbox 1687 2898 1859 2949; x_wconf 81' lang='lat' dir='ltr'>Digne-</span> 
     </span>
     <span class='ocr_line' id='line_1_39' title="bbox 229 2971 1861 3030; baseline -0.007 -11"><span class='ocrx_word' id='word_1_311' title='bbox 229 2989 304 3020; x_wconf 75' lang='lat' dir='ltr'>tur</span> <span class='ocrx_word' id='word_1_312' title='bbox 325 2978 453 3019; x_wconf 90' lang='lat' dir='ltr'>Deus</span> <span class='ocrx_word' id='word_1_313' title='bbox 474 2984 567 3030; x_wconf 87' lang='lat' dir='ltr'>opt.</span> <span class='ocrx_word' id='word_1_314' title='bbox 592 2989 718 3017; x_wconf 75' lang='lat' dir='ltr'>max.</span> <span class='ocrx_word' id='word_1_315' title='bbox 742 2976 964 3027; x_wconf 83' lang='lat' dir='ltr'>obsequia</span> <span class='ocrx_word' id='word_1_316' title='bbox 986 2974 1274 3014; x_wconf 83' lang='lat' dir='ltr'>infirmorum</span> <span class='ocrx_word' id='word_1_317' title='bbox 1295 2978 1340 3012; x_wconf 84' lang='lat' dir='ltr'>et</span> <span class='ocrx_word' id='word_1_318' title='bbox 1369 2971 1670 3022; x_wconf 81' lang='lat' dir='ltr'>indignorum</span> <span class='ocrx_word' id='word_1_319' title='bbox 1699 2980 1861 3021; x_wconf 86' lang='lat' dir='ltr'>opera-</span> 
     </span>
     <span class='ocr_line' id='line_1_40' title="bbox 229 3041 1861 3100; baseline -0.007 -10"><span class='ocrx_word' id='word_1_320' title='bbox 229 3050 407 3090; x_wconf 90' lang='lat' dir='ltr'>riorum</span> <span class='ocrx_word' id='word_1_321' title='bbox 435 3049 607 3100; x_wconf 87' lang='lat' dir='ltr'>placito</span> <span class='ocrx_word' id='word_1_322' title='bbox 642 3047 949 3097; x_wconf 88' lang='lat' dir='ltr'>clementique</span> <span class='ocrx_word' id='word_1_323' title='bbox 979 3047 1109 3086; x_wconf 87' lang='lat' dir='ltr'>vultu</span> <span class='ocrx_word' id='word_1_324' title='bbox 1145 3043 1397 3094; x_wconf 85' lang='lat' dir='ltr'>suscipere.</span> <span class='ocrx_word' id='word_1_325' title='bbox 1428 3041 1563 3092; x_wconf 83' lang='lat' dir='ltr'>Quod</span> <span class='ocrx_word' id='word_1_326' title='bbox 1589 3047 1639 3081; x_wconf 93' lang='lat' dir='ltr'>ut</span> <span class='ocrx_word' id='word_1_327' title='bbox 1665 3051 1861 3091; x_wconf 80' lang='lat' dir='ltr'>propen-</span> 
     </span>
    </p>
   </div>
  </div>
 </body>
</html>
