2168 3437
884 252 966 288 ΑΝ.
999 248 1089 287 1553
1734 244 1806 281 383

845 696 1130 752 CCXLIV

244 938 437 984 joannes
458 934 718 974 Gambarus.

293 1001 363 1038 Ex
382 999 701 1038 commissione
721 998 866 1035 Patris
887 995 1093 1034 Caesaris
1112 995 1275 1039 Helmi,

337 1066 457 1103 Patri
476 1065 644 1112 Ignatio
664 1064 717 1100 de
736 1063 920 1110 Loyola.

388 1130 599 1175 Venetiis,
622 1129 644 1165 2
665 1127 937 1176 Septembris
959 1127 1050 1165 1553
1068 1127 1094 1162 ¹.

259 1550 424 1591 Gratia
445 1550 534 1590 Dei
551 1556 594 1590 et
612 1549 819 1589 charitas
835 1547 1025 1588 Domini
1047 1546 1193 1587 nostri
1214 1545 1327 1598 JESU
1343 1544 1531 1585 CHmsri
1548 1548 1592 1583 et
1610 1553 1810 1583 commu-

176 1621 348 1661 nicatio
370 1620 568 1672 Spiritus
586 1619 746 1660 Sancti
764 1619 823 1659 sit
845 1629 950 1659 cum
971 1617 1185 1657 omnibus
1206 1616 1355 1656 nobis.

256 1691 540 1743 Scripsimus
575 1691 782 1743 quidem,
813 1689 866 1730 R.
897 1689 944 1729 in
970 1689 1133 1741 primis
1160 1694 1298 1738 atque
1328 1684 1471 1726 obs.de
1498 1684 1651 1734 Pater,
1682 1695 1811 1735 supe-

177 1763 377 1803 rioribus
408 1763 626 1813 duorum,
653 1768 764 1801 tunc
794 1760 1178 1812 praeteritorum,
1202 1756 1615 1810 quadrimestrium
1635 1755 1809 1804 literas,

173 1833 415 1873 recensitis
437 1833 655 1883 breviter,
679 1844 799 1884 quae
820 1831 1047 1883 proximis
1069 1836 1175 1869 ante
1195 1828 1342 1868 literis
1362 1827 1805 1879 perscripseramus.

176 1904 354 1944 Verum
376 1904 484 1955 quia
505 1903 624 1943 forte
651 1902 813 1954 primis
843 1902 932 1941 illis
964 1901 1153 1941 modum
1173 1900 1472 1951 epistolarem
1503 1897 1806 1946 excessimus,

174 1974 395 2014 historica
435 1975 587 2025 magis
627 1974 896 2025 prolixitate
936 1983 1077 2021 quam
1115 1970 1376 2011 laconismo
1416 1968 1658 2020 epistolico
1700 1979 1809 2007 non-

175 2046 301 2085 nulla
335 2045 588 2097 prosecuti;
631 2044 897 2096 proximae,
935 2043 1100 2094 quibus
1136 2048 1181 2081 et
1216 2041 1340 2090 illas,
1378 2046 1423 2079 et
1456 2046 1554 2078 tum
1587 2050 1811 2090 praesens

175 2117 532 2168 quadrimestre,
555 2117 699 2155 multo
720 2114 910 2155 brevius
928 2114 975 2153 in
995 2124 1160 2161 unum,
1190 2118 1241 2152 ut
1266 2111 1319 2151 T.
1343 2110 1452 2150 P.tfl⁵
1473 2110 1679 2158 iubebat,
1705 2121 1810 2148 con-

173 2198 495 2238 gesseramus,
520 2187 739 2238 quoniam
766 2185 780 2204 ²
811 2197 905 2225 non
934 2190 1041 2224 sunt
1068 2184 1298 2235 perlatae,
1330 2182 1429 2221 sive
1460 2181 1810 2220 tabellariorum

177 2258 279 2297 sive
300 2264 462 2297 nostra
483 2258 529 2297 id
550 2269 694 2297 causa
715 2256 908 2305 accidit;
930 2267 1034 2301 nOS‚
1054 2254 1178 2306 quod
1194 2260 1407 2293 nostrum
1425 2258 1518 2302 est,
1537 2263 1617 2291 eas
1635 2262 1810 2300 omnes,

178 2327 333 2379 quoad
355 2326 452 2378 ejus
472 2328 571 2368 fieri
597 2340 679 2379 per
707 2327 983 2368 memoriam
1011 2325 1202 2376 poterit,
1235 2330 1283 2364 at
1312 2322 1608 2372 brevissime,
1639 2322 1698 2361 ad
1727 2328 1811 2361 ter-

179 2399 292 2439 tium
314 2399 467 2438 isthuc
489 2399 829 2449 quadrimestre
849 2402 1100 2437 revocatas
1122 2395 1426 2435 ascribemus.

258 2470 315 2510 Et
335 2470 486 2521 primo
509 2469 713 2521 quidem,
738 2468 861 2521 quod
888 2474 987 2508 tum
1013 2467 1102 2507 illis
1131 2473 1231 2506 tum
1258 2464 1366 2504 huic
1391 2475 1635 2504 commune
1659 2463 1811 2503 hacte-

178 2552 264 2580 nus
298 2540 386 2580 Dei
420 2541 708 2591 benignitate
746 2539 852 2589 fuit,
895 2537 1157 2589 frequentia
1190 2535 1429 2585 nimirum,
1467 2541 1565 2574 turn
1603 2517 1811 2574 virorum

177 2617 275 2652 tum
296 2612 562 2662 mulierum,
587 2622 704 2662 quos
725 2610 850 2662 apud
869 2621 954 2650 nos
976 2609 1206 2650 CHRISTUS
1227 2606 1424 2657 singulis
1445 2606 1704 2657 quibusque
1733 2605 1810 2646 do-

178 2682 361 2723 minicis
406 2695 463 2723 ac
502 2682 682 2722 festivis
727 2681 960 2733 plerisque
1001 2680 1162 2720 diebus
1201 2678 1422 2729 dignatur
1462 2677 1809 2717 communicare

177 2752 484 2794 Sanctissimo
507 2751 717 2804 corporis
738 2759 782 2792 et
804 2751 1048 2802 sanguinis
1069 2750 1141 2791 sui
1160 2749 1482 2797 Sacramento,
1509 2759 1578 2798 ea,
1602 2747 1809 2799 inquam,

232 2865 243 2884 ¹
283 2866 530 2899 Autographae
552 2865 676 2900 duplici
692 2865 724 2892 in
739 2865 829 2898 folio,
846 2872 900 2891 nn.
919 2864 954 2891 77
968 2868 1001 2891 et
1015 2863 1059 2890 73.
1072 2877 1106 2882 —
1119 2862 1186 2889 Eas
1201 2860 1397 2888 emendavit
1415 2859 1600 2894 Polancus,
1617 2865 1650 2887 et
1666 2868 1725 2888 nos
1741 2861 1815 2895 ejus

179 2912 433 2940 emendationes
447 2913 490 2940 ad
504 2913 650 2948 paginae
666 2914 795 2940 calcem
809 2918 1034 2946 supponemus
1050 2909 1194 2937 —Extat
1209 2913 1242 2936 et
1257 2907 1496 2942 apographum
1508 2907 1737 2941 fragmentum
1752 2909 1816 2935 ita-

180 2959 244 2986 lice
260 2960 438 2994 seriptum,
451 2961 538 2994 quod
554 2960 642 2988 infra
657 2960 885 2994 subjiciemus.

235 3007 248 3026 ²
287 3006 348 3034 His
363 3008 405 3034 ab
417 3008 511 3035 initio
526 3008 698 3042 hucusque
714 3006 924 3040 cancellatis,
941 3006 1116 3033 substituit
1132 3005 1301 3032 Polaticus
1317 3002 1411 3029 haec:
1425 3001 1718 3036 Quandoquidem
1732 3007 1813 3037 pro·

180 3055 273 3082 ximz'
287 3055 565 3088 quadrimestris
579 3055 667 3082 Irae.
683 3055 728 3082 ad
744 3056 767 3081 t.
779 3058 815 3089 p.
