2168 3437
901 281 983 318 ΑΝ.
1016 282 1106 319 1554
1753 283 1823 322 667

889 746 1118 801 CGXOI

251 972 512 1011 Theodorus
533 974 741 1012 Peltanus

298 1039 419 1076 Patri
438 1039 608 1087 Ignatio
628 1040 681 1077 de
701 1041 886 1088 Loyola.

343 1105 550 1153 Neapoli,
572 1106 594 1143 6
615 1105 719 1154 Maji
740 1107 829 1144 1554
849 1106 874 1144 ¹.

951 1364 1049 1405 IHS

254 1589 419 1630 Gratia
440 1597 485 1629 et
507 1602 622 1641 pax,
647 1598 734 1631 etc.

254 1660 352 1700 R.‘ie
383 1660 429 1700 in
458 1660 541 1701 X.⁰
572 1661 645 1701 Rs
670 1674 678 1702 :
716 1662 905 1702 Evoluti
931 1662 1144 1713 proxime
1172 1664 1527 1715 quadrimestris
1555 1669 1688 1715 gesta
1716 1665 1814 1705 bre-

175 1731 369 1771 vissimo
390 1737 596 1772 tractatu
616 1733 992 1784 perstringimus.

252 1802 343 1843 Res
364 1803 595 1844 litteraria
615 1804 752 1855 nihil,
778 1804 903 1857 quod
924 1805 1140 1856 equidem
1170 1806 1331 1855 sciam,
1357 1806 1628 1847 mutationis
1649 1807 1814 1847 sortita

172 1879 261 1923 est,
287 1874 376 1914 nisi
396 1873 595 1915 forsitan
625 1874 869 1916 fatendum
890 1876 949 1916 sit
979 1887 1081 1926 eos,
1106 1877 1185 1928 qui
1216 1876 1430 1928 audiunt,
1463 1888 1604 1929 quam
1634 1877 1813 1928 pridem

172 1956 197 1983 a
218 1945 347 1985 feriis
367 1946 670 1997 paschalibus
691 1947 1033 1999 frequentiores
1053 1948 1255 1988 venisse.

249 2016 441 2057 Fratres
475 2018 635 2058 valent
664 2023 708 2058 et
739 2030 825 2070 pro
862 2030 911 2058 se
945 2019 1140 2070 quisque
1173 2017 1414 2071 Spartam,
1447 2031 1585 2071 quam
1621 2021 1813 2060 sortitus

171 2094 260 2138 est,
284 2089 445 2129 sedulo
467 2088 666 2129 adornat
687 2088 715 2129 ².

251 2160 352 2200 Hac
387 2160 753 2211 quadragesima
783 2167 881 2200 tum
910 2161 1035 2201 domi
1062 2167 1161 2201 tum
1189 2161 1304 2201 foris
1340 2162 1590 2202 conciones
1625 2163 1813 2202 habitae

171 2238 277 2271 sunt
298 2231 671 2282 quamplurimae
693 2237 738 2271 et
761 2232 903 2272 etiam
933 2244 1057 2272 nunc
1088 2232 1336 2272 habentur.
1368 2233 1630 2273 Enarratur
1661 2241 1706 2273 et
1736 2233 1812 2274 do-

171 2303 322 2342 ctrina
350 2301 606 2342 christiana
637 2309 687 2343 ut
716 2303 861 2354 prius.
896 2303 1182 2343 Confitentes
1209 2310 1254 2343 et
1284 2304 1686 2345 communicantes
1717 2317 1812 2345 cre·

170 2373 349 2413 briores
372 2384 512 2425 quam
534 2374 734 2414 antehac
755 2385 961 2426 unquam
981 2374 1126 2415 fuere.
1154 2374 1317 2414 Plures
1337 2376 1579 2427 utriusque
1601 2387 1742 2416 sexus
1764 2376 1811 2416 in

171 2444 402 2495 spirituali
421 2445 658 2495 palaestra
679 2445 877 2485 exerciti
897 2452 1027 2496 sunt,
1051 2457 1250 2497 quorum
1271 2452 1366 2486 tres
1387 2445 1611 2486 Societati
1640 2458 1811 2487 nomen

178 2515 424 2565 dederunt;
448 2521 645 2567 quartus
667 2516 801 2556 alteri
821 2516 1038 2568 religioni
1059 2528 1109 2557 se
1131 2516 1343 2557 adiunxit
1365 2516 1393 2557 ⁵.

251 2585 413 2626 Studio
447 2585 641 2626 Patrum
675 2592 944 2627 nostrorum
978 2587 1098 2628 duae
1133 2599 1182 2628 se
1218 2588 1468 2628 societates
1501 2589 1548 2628 in
1576 2588 1667 2629 hac
1699 2590 1811 2630 urbe

223 2770 235 2791 ἱ
274 2771 522 2805 Autographae
539 2771 571 2798 in
586 2771 665 2798 solio
680 2771 816 2805 duplici,
833 2779 865 2798 n.
882 2772 1086 2799 lde—Plura
1102 2773 1133 2799 in
1150 2772 1190 2799 iis
1205 2773 1323 2806 ignota
1338 2773 1506 2807 quaedam
1520 2781 1639 2801 manus
1654 2774 1810 2801 emenda·

172 2819 234 2851 vit,
251 2826 393 2853 quorum
407 2826 466 2846 nos
480 2819 668 2853 praecipua
682 2818 725 2846 ad
740 2819 887 2853 paginae
901 2820 1029 2847 calcem
1044 2828 1280 2854 supponemus.

223 2867 236 2886 Ξ
274 2866 362 2893 Vide
377 2874 493 2901 supra,
509 2874 587 2901 pag.
602 2866 665 2894 495.

221 2914 235 2932 ἴ·
273 2913 393 2941 Plures
408 2914 441 2941 in
457 2913 665 2941 Societatem
679 2914 742 2941 hoc
765 2921 853 2941 anno
874 2914 1016 2949 Neapoli
1038 2916 1205 2943 admissos
1228 2920 1396 2943 memorat
1420 2916 1596 2944 POLANCUS
1616 2917 1649 2944 in
1672 2916 1811 2943 Chroni-

170 2965 252 2995 c0,t.
266 2969 312 2996 1v;
327 2962 385 2988 sed
401 2969 517 2989 eorum
532 2961 618 2989 alios
630 2961 820 2989 Februario
834 2969 948 2990 mense
961 2963 1105 2990 Romam
1119 2964 1239 2991 missos
1255 2964 1304 2991 ait
1317 2964 1411 2998 (quos
1426 2968 1571 2992 noverat
1584 2965 1655 2999 Jam
1666 2964 1699 2992 S.
1712 2964 1810 2999 Igna-

169 3009 253 3043 tius‚
268 3009 347 3036 dum
360 3009 424 3036 hae
440 3010 577 3036 litterae
592 3010 858 3044 exarabantur),
876 3010 961 3037 alios
981 3010 1172 3045 Septembri
1193 3012 1319 3046 partim
1343 3012 1502 3045 Romam,
1524 3013 1652 3047 partim
1672 3013 1704 3041 in
1727 3012 1809 3040 Sici-

169 3056 260 3083 liam:
274 3063 379 3090 quare
396 3064 436 3083 ne
452 3057 675 3091 conjectando
691 3057 824 3091 quidem
842 3058 954 3086 dicere
972 3059 1125 3086 valemus
1141 3060 1277 3094 quinam
1293 3059 1327 3087 hi
1339 3060 1417 3094 sint,
1432 3068 1574 3094 quorum
1588 3060 1642 3088 hic
1656 3061 1809 3088 meminit

169 3103 343 3131 Peltanus.
1445 3111 1450 3114 “
