2168 3437
891 228 975 267 AN.
1006 228 1097 266 1554
1744 227 1815 265 689

254 327 396 368 Otros
427 327 619 380 quieren
641 338 716 368 ser
742 326 977 367 reeibidos
1007 329 1032 367 e
1058 326 1215 366 instan
1246 326 1416 366 mueho
1450 338 1507 366 en
1537 326 1646 366 ello:
1675 325 1814 366 hasta

175 410 325 451 agora
345 411 405 439 no
426 400 496 439 105
518 399 743 448 admiten,
770 409 955 450 aurique
977 398 1046 437 asi
1067 397 1123 437 de
1144 402 1302 449 partes
1325 398 1565 437 naturales
1587 408 1721 437 como
1739 396 1812 436 (161

175 471 414 523 provecho
446 471 501 510 de
529 469 754 520 estudios‚
786 482 818 521 y
844 470 885 509 el
913 469 1068 509 animo
1101 481 1132 520 y
1163 468 1392 508 devocion
1431 479 1520 519 que
1556 474 1811 519 muestran,

175 541 524 594 perseverando
546 541 717 580 mueho
739 540 913 591 tiempo
934 539 996 579 ha
1016 551 1075 579 en
1094 539 1139 578 la
1161 539 1401 579 confesion
1422 552 1453 590 y
1474 539 1815 579 conversacion

177 613 251 652 del
271 612 484 663 Colegi0‚
510 623 558 651 se
580 610 803 652 satisface
824 611 866 652 el
885 610 1052 651 Padre.
1079 609 1090 629 ¹
1111 610 1223 664 Jesu
1250 610 1404 650 Cristo
1432 616 1623 650 nuestro
1651 609 1811 661 Sefior,

177 683 216 723 si
239 682 294 723 de
311 684 399 723 6110
416 683 546 723 fuere
569 682 772 733 servido,
800 681 973 723 ordene
991 693 1125 722 como
1143 693 1257 721 sean
1274 681 1553 721 consolados
1570 693 1628 721 en
1645 687 1744 722 esta
1762 693 1816 722 su

178 755 458 805 Compafiia‚
490 757 517 794 a
544 753 602 794 do
624 754 732 805 pido
760 766 845 794 nos
875 753 932 794 de
960 753 1124 805 gracia
1151 764 1268 804 para
1290 751 1656 804 perfectamente
1684 764 1817 793 amar

177 839 208 877 y
228 826 381 866 servir
403 828 429 865 a
451 837 505 865 su
526 825 687 865 divina
709 824 952 876 Majestad.
976 824 1142 865 Amen.

257 897 328 937 De
351 896 593 945 Coimbra,
621 900 647 936 a
672 896 722 936 16
743 896 799 936 (16
821 896 963 948 Mayo
991 896 1106 936 1554.

259 967 331 1008 De
356 967 416 1008 V.
440 967 491 1007 Ρ.

263 1037 358 1090 hijo
381 1051 439 1078 en
460 1038 599 1079 Chro.

1015 1180 1277 1220 FRAthsco
1306 1179 1596 1225 HENRIQUEZ.

264 1395 698 1447 Superscrzptz'om's
727 1393 827 1434 loco
850 1393 899 1433 in
919 1393 1073 1445 primi
1094 1394 1396 1445 autographi
1418 1397 1591 1445 quarta
1612 1393 1820 1445 pagina:

188 1468 258 1508 De
280 1467 513 1508 Coimbra.

264 1538 375 1578 Alsa
397 1549 566 1578 manu:
592 1537 706 1578 1554.
730 1536 878 1588 Quad.
906 1536 1146 1587 Coimbra,
1175 1536 1222 1575 16
1244 1536 1289 1576 (11
1311 1536 1518 1588 Maggio.

357 1988 638 2016 Praecedentium
654 1986 765 2014 Patris
780 1986 957 2015 Francisei
973 1987 1143 2022 Euriquez
1160 1988 1355 2015 litterarum
1370 1988 1478 2015 latina
1494 1987 1607 2015 versio
1624 1987 1648 2015 2.

955 2178 1051 2232 Jhs.

270 2393 368 2433 R.de
390 2393 437 2433 in
459 2392 646 2433 Christo
669 2392 823 2432 Pater.

268 2464 369 2504 Pax
389 2470 433 2504 et
454 2464 609 2515 gratia
636 2463 827 2503 Domini
854 2463 1003 2504 nostri
1029 2463 1141 2516 Jesu
1169 2462 1342 2503 Christi
1370 2462 1428 2503 sit
1459 2473 1643 2514 semper
1674 2462 1825 2503 nobis-

194 2547 313 2575 cum.
338 2534 506 2575 Amen.

269 2607 393 2655 Etsi,
423 2618 482 2646 ex
508 2606 644 2645 solita
671 2605 913 2645 literarum
942 2604 1183 2655 missione,
1217 2610 1484 2644 nostrarum
1516 2616 1672 2645 rerum
1705 2606 1826 2646 ratio

191 2683 296 2717 tuae
318 2676 367 2716 P.
393 2676 533 2728 (quod
555 2676 759 2716 maxime
779 2675 827 2715 in
848 2675 972 2715 votis
992 2675 1152 2723 habes)
1187 2675 1300 2715 satis
1321 2675 1381 2715 sit
1401 2675 1614 2727 cognita,
1640 2687 1695 2716 ac
1715 2688 1828 2716 non-

191 2748 317 2788 nulla
339 2759 398 2788 ex
420 2748 506 2798 his,
531 2759 648 2799 quae
664 2746 902 2799 Januario,
927 2746 1207 2797 Februario,
1232 2745 1422 2796 Martio,
1441 2745 1608 2798 Aprili,
1629 2753 1828 2799 quatuor

193 2819 263 2858 his
283 2818 497 2869 proxime
519 2818 689 2869 elapsis
712 2817 969 2867 mensibus,
998 2816 1198 2857 fratrum
1224 2816 1515 2868 filiorumque
1540 2824 1727 2859 tuorum
1748 2818 1828 2859 mi—

250 3002 257 3020 ¹
298 3001 333 3029 P.
347 3001 417 3028 Leo
433 3000 619 3035 Euriquez,
638 2998 923 3029 Conimbricensis
940 3001 1082 3035 Collegii
1098 3005 1177 3029 tunc
1194 3000 1332 3028 Rector.

249 3049 262 3067 *ὲ
298 3049 545 3083 Apographum
561 3049 594 3075 in
609 3048 689 3075 folio
706 3049 842 3083 duplici,
859 3057 913 3076 nn.
928 3049 978 3076 461
995 3053 1027 3076 et
1042 3049 1106 3076 462.

340 3107 389 3143 T.
422 3120 464 3144 11.
1598 3119 1646 3152 44
