2168 3437
900 263 984 299 AN.
1018 261 1111 300 1553
1751 258 1823 295 299

178 364 417 405 meditatis
438 362 676 402 exercitiis
696 359 1018 401 hebdomadae
1040 359 1233 410 primae,
1266 357 1550 408 generaliter
1579 355 1822 396 confessus

176 435 329 485 fuerit,
354 440 398 474 et
418 433 593 473 relictis
608 432 873 484 principum
894 430 1026 470 atriis
1047 436 1091 470 et
1112 428 1326 469 domibus
1342 439 1528 479 regum,
1553 427 1599 466 in
1615 426 1819 478 gratiam

179 512 223 546 et
244 506 292 545 in
313 505 503 545 domum
523 504 685 544 uxoris
705 503 894 543 rediret.

259 576 504 617 Habentur
534 574 794 626 spiritualia
825 572 1058 623 colloquia
1093 582 1217 610 nunc
1252 569 1392 619 domi,
1416 581 1539 609 nunc
1569 574 1704 609 extra
1744 568 1818 608 do-

181 659 322 697 mum,
350 647 409 687 ad
443 647 561 686 alios
588 645 787 685 aliarum
813 644 939 683 vitae
966 642 1289 682 conditionum
1316 653 1422 681 cum
1455 651 1627 691 magno
1655 646 1699 679 et
1728 639 1821 679 ani-

182 731 365 759 marum
400 728 592 758 suarum
626 715 840 767 profectu
874 720 918 754 et
951 713 1274 765 proximorum
1315 711 1657 760 aedificatione,
1682 721 1821 762 quam

180 803 274 831 non
310 802 369 830 ex
403 790 492 829 hoc
528 789 681 828 solum
717 786 831 826 oriri
865 785 1199 836 cog-novimum,
1238 783 1321 823 sed
1354 795 1413 822 ex
1433 783 1509 822 illo
1537 783 1679 822 etiam
1699 781 1823 833 quod

180 861 371 902 videant
405 859 576 900 fratres
601 864 789 898 nostros
820 857 943 896 intra
970 862 1015 896 et
1048 861 1184 895 extra
1210 854 1372 894 urbem
1400 853 1623 893 docentes
1652 863 1823 903 pueros

178 931 485 973 christianam
506 929 769 970 doctrinam
788 932 854 976 <et
883 927 1144 967 inserentes
1179 931 1337 965 tamen
1366 935 1702 975 nonnunquam
1729 934 1821 963 ser·

184 1013 345 1044 mones
367 1002 547 1053 aliquos
570 999 628 1040 ad
648 997 993 1051 provectiores)
1026 996 1265 1048 sigillatim
1293 995 1545 1035 admonere
1580 1005 1741 1034 omnes
1768 993 1824 1033 de

179 1074 342 1127 primis
364 1072 623 1114 catholicae
644 1070 751 1111 fidei
771 1069 1067 1119 rudimentis,
1101 1068 1156 1108 de
1179 1068 1314 1118 signo
1336 1066 1511 1113 cruciS,
1545 1065 1822 1105 ceremoniis

181 1152 225 1186 et
253 1144 559 1194 orationibus,
592 1143 648 1183 de
680 1141 953 1182 adoratione
985 1138 1270 1179 sanctissimi
1305 1136 1631 1177 Eucharistiae
1668 1147 1820 1175 sacra-

182 1216 351 1267 menti,
376 1214 579 1256 Sanctae
601 1213 766 1254 Crucis
786 1218 830 1252 et
854 1211 1126 1262 imaginum,
1151 1209 1350 1260 denique
1381 1208 1436 1248 de
1457 1207 1723 1247 reverentia
1755 1218 1823 1246 sa-

187 1287 281 1328 cris
301 1287 418 1327 locis
439 1291 482 1326 et
499 1286 636 1325 rebus
655 1283 931 1332 exhibenda,
957 1292 1155 1333 quorum
1177 1280 1382 1320 omnium
1403 1291 1497 1318 non
1517 1277 1655 1330 pauci
1677 1277 1822 1327 (mise-

184 1358 330 1399 rabile
366 1357 517 1407 dictu)
549 1362 593 1396 et
624 1353 990 1407 quadragenarii
1025 1358 1069 1392 et
1098 1350 1489 1403 quinquagenarii
1525 1349 1825 1389 inveniuntur

183 1435 263 1469 aut
280 1429 556 1480 ignorantes
569 1433 649 1467 aut
667 1426 811 1476 obliti,
832 1431 926 1473 aut,
943 1424 1065 1476 quod
1078 1422 1210 1474 pejus
1226 1430 1310 1472 est,
1331 1422 1457 1462 circa
1477 1421 1576 1472 ipsa
1595 1426 1822 1460 errantes.

262 1500 524 1540 Habuimus
546 1498 673 1538 domi
692 1496 925 1549 proximis
947 1495 1108 1535 diebus
1129 1501 1308 1545 septem
1331 1499 1408 1533 aut
1431 1499 1535 1532 octo
1566 1491 1823 1532 exercitan-

182 1578 253 1612 tes
278 1570 305 1623 ¹,
329 1582 529 1623 quorum
549 1569 763 1620 exemplo
788 1573 832 1607 et
854 1566 1068 1619 profectu
1089 1566 1246 1617 plures
1269 1564 1346 1604 alii
1369 1564 1427 1604 ad
1448 1563 1674 1603 exercitia
1703 1573 1824 1602 com-

181 1643 294 1683 moti
315 1647 435 1683 sunt.
459 1642 517 1682 Et
536 1640 796 1692 Episcopus
813 1636 1198 1679 Salmanticensis
1219 1635 1249 1686 ²,
1269 1647 1447 1675 novum
1470 1646 1583 1685 erga
1606 1645 1692 1673 nos
1712 1645 1825 1685 prae

182 1727 232 1755 se
266 1713 422 1754 ferens
456 1723 686 1761 amorem,
717 1710 849 1763 petiit
880 1721 907 1749 a
944 1709 1078 1749 nobis
1108 1708 1210 1759 ipsa
1239 1706 1439 1758 legenda
1468 1705 1495 1745 ⁵.
1527 1705 1618 1746 Det
1647 1705 1826 1745 utinam

183 1785 418 1826 Dominus
439 1791 483 1824 et
506 1783 595 1835 ipsi
614 1794 670 1823 ea
692 1778 992 1822 exercenda⁴

264 1854 542 1897 Scholastici
564 1853 747 1894 externi
768 1851 1082 1904 poenitentiae
1106 1857 1150 1891 et
1171 1849 1497 1891 Eucharistiae
1519 1819 1825 1888 Sacramenta

181 1927 449 1979 frequenter
486 1925 772 1976 suscipiunt,
810 1928 1049 1963 crescente
1077 1922 1124 1962 in
1158 1922 1256 1961 dies
1286 1921 1495 1972 ipsorum
1522 1930 1732 1969 numero,
1766 1930 1825 1958 ex

183 2011 237 2039 eo
271 1997 571 2050 praesertim,
611 2008 701 2048 quo
737 2003 781 2035 et
813 1995 1037 2035 sacellum
1072 1994 1316 2034 dilatatum
1351 1997 1396 2032 et
1431 1991 1601 2032 ostium
1630 1989 1728 2041 ejus
1766 1989 1825 2029 ad

183 2070 312 2110 viam
333 2069 570 2121 publicam
591 2074 806 2119 apertum
824 2073 909 2106 est.

265 2136 620 2188 Dissensiones,
662 2138 865 2178 divortia
905 2143 949 2176 et
991 2137 1096 2176 lites
1138 2137 1257 2176 inter
1297 2134 1527 2186 quosdam
1567 2132 1826 2184 composita

186 2218 314 2262 sunt,
352 2211 555 2251 maxime
584 2210 704 2249 inter
741 2209 858 2248 duas
892 2207 1118 2255 familiaS,
1151 2218 1270 2258 quae
1300 2217 1406 2246 cum
1432 2210 1623 2256 propter
1655 2202 1827 2243 adulte-

186 2283 307 2323 rium
326 2281 464 2322 valde
486 2280 666 2321 divisae
687 2285 862 2329 essent,
894 2278 1044 2319 effecit
1071 2278 1303 2318 Dominus
1331 2282 1401 2325 ut,
1426 2276 1679 2328 primatum
1708 2274 1827 2324 ipso-

187 2365 292 2394 rum
318 2351 690 2393 confessionibus
722 2350 846 2391 domi
874 2349 1066 2400 auditis,
1091 2347 1189 2400 jam
1217 2347 1534 2397 consentiant,
1569 2344 1827 2396 composita

186 2436 325 2476 pace,
351 2429 396 2463 et
417 2422 641 2463 oblivioni
660 2421 852 2461 tradunt
877 2420 1197 2461 antehabitam
1221 2418 1576 2459 dissensionem.

268 2493 509 2535 Affectant
531 2492 675 2544 aliqui
694 2496 1055 2544 perseveranter
1076 2491 1123 2530 in
1145 2489 1428 2530 Societatem
1460 2487 1653 2534 admitti3
1687 2485 1827 2526 credo

188 2566 429 2606 mittentur
452 2563 595 2615 aliqui
616 2575 675 2602 ex
695 2562 809 2613 ipsis
830 2562 877 2602 in
898 2561 1211 2612 Lusitaniam,
1235 2561 1274 2600 si
1295 2559 1415 2600 forte
1436 2558 1627 2599 Rectori
1647 2562 1825 2607 nostro,

188 2636 386 2676 Doctori
406 2635 579 2675 Torres
600 2631 629 2684 ⁵,
657 2633 807 2673 Visum
828 2632 874 2672 id
894 2632 1032 2672 fuerit
1054 2632 1290 2684 expedire.

268 2706 393 2747 Inter
413 2717 493 2745 eos
515 2705 595 2756 qui
617 2703 744 2744 domi
765 2708 891 2754 sunt,
916 2709 1168 2743 conservat
1189 2702 1420 2743 Dominus
1442 2712 1560 2745 eam.
1585 2711 1726 2751 quam
1749 2710 1826 2738 no-

245 2892 255 2911 ¹
294 2890 389 2917 Voce
405 2890 644 2917 exercitantes
658 2889 813 2922 sublata,
829 2887 966 2922 scripsit
982 2887 1150 2914 Polancus
1165 2887 1202 2913 iu
1218 2886 1402 2914 exercitiis
1416 2885 1681 2919 spiritualibus.

249 2939 263 2957 ‘-'
300 2937 422 2965 Petrus
437 2938 477 2964 de
494 2936 616 2964 Castro
631 2935 766 2963 Lemos.
1170 2940 1177 2944 ⁴

245 2986 258 3005 5
297 2986 415 3020 ipsum
437 2985 689 3011 exercitiorum
705 2984 837 3010 librum
854 2983 1054 3017 legendum.
1072 2982 1250 3010 Polancus.

246 3034 261 3053 4
297 3032 517 3067 Temperavit
532 3032 618 3060 haec
634 3032 801 3059 Polancus
822 3031 974 3058 scribens
990 3038 1031 3058 ea
1047 3031 1131 3058 bene
1147 3037 1322 3057 exercere.

247 3079 261 3098 ⁵
297 3079 333 3107 P.
346 3079 491 3107 Michael
506 3079 546 3106 de
559 3079 695 3106 Torres.
