2168 3437
902 281 985 318 AN.
1018 280 1110 317 1553
1757 279 1832 317 255

190 391 284 420 uno
298 379 353 419 de
371 379 484 419 ellos
501 379 639 430 eligio
657 379 697 418 el
714 378 948 419 Cardenal
968 377 1142 417 Rector
1160 376 1215 416 de
1230 387 1349 416 unos
1367 376 1618 427 eolegiales
1640 389 1670 427 y
1690 376 1827 416 nifios

192 450 444 502 orphanos,
464 461 553 501 que
574 462 632 489 en
653 456 752 489 esta
774 449 943 489 cibdad
973 448 1107 487 tiene.
1133 447 1260 487 Ε1105
1288 450 1423 487 65ῖεὶ(1
1449 458 1562 497 muy
1584 447 1639 486 de
1662 450 1825 498 propo-

192 522 282 562 sito
303 521 554 561 asentados
576 532 633 560 en
649 521 694 560 13
716 519 991 559 obediencia
1012 531 1043 570 y
1064 518 1364 568 resignacion
1386 517 1527 557 delas
1548 516 1832 557 voluntades

193 604 251 632 en
270 593 340 631 135
361 603 525 631 manos
546 591 602 630 de
625 602 703 630 sus
725 590 1011 641 superiores,
1034 601 1066 639 y
1086 594 1270 639 prestos
1291 600 1408 639 para
1429 587 1539 628 toda
1565 589 1609 628 13
1638 587 1825 628 mortifi-

195 663 362 702 cacion
382 674 413 713 y
435 661 689 709 abiection,
718 673 749 711 y
781 660 1048 699 finalmente
1077 670 1165 698 eon
1193 659 1562 698 determinacion
1586 657 1641 698 de
1663 670 1713 698 56
1733 659 1827 698 vol-

194 735 356 774 vieren
377 733 528 772 nifios.
553 731 749 772 Bendito
776 743 856 771 563
884 732 926 770 61
952 729 1116 770 Sefior.

272 805 327 845 El
352 810 542 844 nuestro
576 803 773 854 collegio
802 814 851 842 56
879 802 969 842 (133
997 814 1023 841 3
1054 800 1224 841 mucha
1252 801 1419 852 prisszu
1458 800 1674 852 trabajan
1703 812 1761 840 en
1790 801 1832 839 e'l

194 875 390 916 muchos
418 875 638 915 officiales
665 886 842 926 porque
871 873 916 914 S.
946 873 1003 912 A.
1027 872 1285 912 determina
1317 883 1596 923 passm-ense
1624 873 1694 911 105
1729 872 1831 911 her-

194 958 361 986 manos
377 957 487 997 muy
508 951 665 996 presto
682 956 798 996 para
820 945 861 984 e'l
881 956 913 994 y
935 944 977 983 lo
999 943 1139 983 visita
1162 941 1407 982 amenudo.
1432 941 1593 992 Pliega
1615 943 1659 982 31
1682 941 1833 982 Seflor

195 1029 283 1068 que
305 1029 384 1057 563
405 1017 516 1056 todo
538 1027 653 1067 para
675 1027 729 1055 su
750 1015 903 1066 gloria
920 1028 950 1066 y
972 1013 1188 1054 servicio.
1214 1013 1382 1053 Amen.

276 1089 347 1128 En
367 1089 437 1128 135
465 1087 570 1128 §.tas
593 1087 838 1127 oraciones
859 1099 890 1137 y
911 1085 1168 1125 sacrificios
1190 1084 1245 1124 de
1267 1084 1326 1124 V.
1351 1083 1405 1124 R.
1431 1095 1504 1123 me
1524 1084 1835 1123 encomiendo

199 1159 500 1199 humilmente
522 1170 656 1198 como
678 1156 773 1208 hijo
795 1169 913 1208 suyo
937 1157 1086 1197 infitil.

278 1230 350 1271 De
370 1236 468 1270 este
489 1229 698 1280 Collegio
721 1228 912 1280 devora,
937 1240 997 1279 oy
1017 1228 1193 1279 primes
1214 1227 1291 1267 (113
1314 1226 1369 1266 (16
1391 1225 1531 1277 Mayo
1554 1225 1610 1265 de
1636 1224 1750 1264 1553.

278 1301 385 1353 Hijo
407 1300 599 1352 indigno
621 1300 678 1340 de
699 1299 759 1340 V.
784 1299 856 1350 R,

1110 1440 1299 1481 MIGUEL
1319 1452 1380 1480 DE
1401 1439 1620 1479 BAffiRos.

283 1655 851 1710 Superscreptz·0:A1R.d0
871 1668 928 1696 en
949 1655 1090 1696 Chro.
1113 1655 1162 1695 P.
1189 1655 1231 1694 61
1251 1654 1403 1695 Padre
1420 1653 1480 1694 M.
1504 1652 1687 1703 Ignatio
1708 1663 1843 1704 prae-

202 1730 353 1782 posito
374 1730 567 1781 general
588 1728 643 1768 de
665 1729 710 1768 13
731 1727 988 1780 Compafiia
1011 1727 1066 1767 de
1086 1727 1237 1780 Jesus.

283 1802 353 1841 En
374 1801 537 1841 Roma.

283 1872 394 1913 Alsa
415 1883 574 1912 manu.
598 1871 749 1924 Jesus.
778 1871 893 1911 1553.
923 1871 1131 1912 Devora.
1165 1870 1237 1910 De
1266 1869 1437 1909 Michel
1463 1867 1672 1917 Bairros,
1695 1865 1764 1918 p.⁰
1784 1865 1845 1905 de

202 1945 412 1997 Maggio.
