2168 3437
871 149 955 186 AN.
986 149 1078 186 1552
1283 147 1294 162 ’
1752 150 1798 186 77

153 245 371 297 concepit
391 244 577 295 quidem
598 255 821 296 magnam
843 244 981 285 Pater
1003 247 1122 287 tanti
1152 246 1372 287 desiderii
1403 248 1795 299 expectationem,

156 317 481 368 delegavitque
502 327 665 356 curam
684 317 763 356 uni
785 329 844 357 ex
865 317 1110 368 fratribus,
1136 318 1212 370 qui
1235 330 1439 359 canones
1461 324 1506 358 et
1533 319 1799 360 rudimenta

156 388 333 439 logices
352 387 605 439 praefecto,
631 399 686 428 ac
708 388 807 439 eJ'us
828 388 1067 440 fratribus,
1087 402 1271 430 necnon
1288 390 1519 441 aliquibus
1537 390 1798 442 Religionis

156 459 610 500 commendatoribus
649 460 867 512 explicat.
917 460 1070 511 Quam
1107 473 1282 512 magna
1321 468 1365 502 et
1409 462 1644 502 mirabilia
1692 468 1799 503 sunt

155 542 297 582 opera
334 530 447 571 Dei!
487 531 682 571 allectus
721 532 949 583 paulatim
983 532 1240 584 spiritualis
1274 533 1405 584 pacis
1441 533 1685 574 dulcedine
1724 535 1799 574 vir

155 601 511 652 illustrissimus,
535 602 583 642 in
603 602 877 642 dormitorio
899 603 1166 643 cubiculum
1199 616 1225 644 a
1246 603 1387 644 Patre
1408 604 1598 655 petivit,
1631 605 1678 645 in
1704 617 1796 657 quo

154 678 310 723 posset
337 683 386 712 se
417 672 618 712 interdiu
645 674 854 725 recipere
881 673 1065 725 illicque
1096 674 1346 725 diligenter
1372 675 1520 716 literis
1549 676 1662 716 dare
1693 688 1798 728 ope-

152 754 268 783 ram.
308 742 436 783 Bone
475 743 625 792 Deus,
668 756 810 796 quam
850 745 1042 796 elegans
1082 746 1271 786 occasio
1313 746 1498 787 colendi
1538 747 1791 788 Christum!

154 826 338 866 semper
371 815 418 855 in
453 816 666 856 cubiculo
688 828 737 856 se
773 817 1002 857 continet:
1042 816 1101 857 ad
1136 818 1385 868 prandium
1421 826 1466 858 et
1508 819 1566 859 ad
1601 831 1798 860 coenam

154 887 302 927 solum
323 886 636 938 proficiscitur
658 888 862 928 domum.
887 889 955 929 Illi
975 889 1214 930 silentium
1233 891 1408 941 placet,
1443 890 1639 942 Collegii
1667 892 1799 943 quies

154 965 223 998 est
252 958 477 1010 jucunda,
514 967 653 1010 grata
685 960 893 1000 omnium
921 960 1120 1001 fratrum
1155 961 1445 1002 consuetudo
1474 968 1519 1002 et
1545 963 1798 1014 praecipue

154 1029 202 1069 Ρ.
221 1031 385 1080 nostri,
411 1029 540 1081 cujus
562 1031 749 1082 quidem
770 1032 1107 1072 consuetudine
1130 1033 1390 1074 delectatur
1419 1040 1463 1074 et
1492 1034 1798 1075 concionibus

153 1102 299 1142 veluti
331 1113 588 1154 suspensus
622 1109 821 1144 tenetur.
860 1103 1208 1156 Saepenumero
1244 1111 1381 1145 nocte
1418 1116 1473 1145 ac
1513 1106 1586 1146 die
1622 1105 1682 1145 ad
1713 1106 1796 1146 Pa-

154 1178 271 1212 trem
293 1173 444 1224 venit,
469 1173 511 1214 ei
532 1185 616 1214 sua
638 1175 825 1226 negotia
849 1175 1019 1227 aperit,
1052 1176 1222 1216 fratres
1253 1183 1394 1216 vocat
1426 1189 1480 1217 ac
1511 1183 1615 1217 orat
1645 1183 1695 1217 ut
1726 1178 1798 1217 sui

151 1243 201 1283 in
222 1245 515 1285 orationibus
536 1246 858 1286 recordentur.
881 1247 987 1300 Jam
1007 1248 1225 1299 pulvinos
1246 1248 1292 1288 in
1314 1249 1486 1300 templo
1518 1249 1696 1289 sericos
1728 1260 1795 1289 re-

151 1315 333 1367 pudiat,
354 1316 453 1367 jam
471 1328 684 1368 gemmas
705 1324 750 1358 et
770 1319 933 1359 clavos
954 1331 1123 1359 aureos
1151 1320 1428 1371 contemnit,
1458 1319 1555 1372 jam
1585 1321 1795 1361 venatio-

146 1399 234 1427 nes
268 1395 312 1428 et
347 1399 606 1429 concursus
637 1401 864 1441 equorum
894 1391 1216 1442 parvipendit,
1254 1393 1492 1444 multaque
1528 1393 1620 1432 alia
1656 1393 1793 1444 signa

152 1460 369 1511 ostendit,
394 1472 452 1500 ex
472 1462 637 1512 quibus
659 1462 768 1514 quid
789 1463 985 1503 interius
1006 1462 1136 1503 Deus
1165 1464 1211 1503 in
1239 1476 1292 1503 eo
1325 1470 1544 1514 operetur
1566 1465 1674 1504 licet
1703 1465 1794 1504 col-

151 1531 312 1582 ligere.
350 1531 474 1573 Audi
505 1532 602 1584 jam
630 1533 838 1585 (quaeso)
867 1534 976 1585 quid
1012 1535 1075 1574 illi
1103 1535 1422 1586 superioribus
1458 1535 1620 1575 diebus
1651 1536 1794 1576 conti-

149 1603 284 1653 gerit.
314 1603 431 1644 Cum
456 1604 619 1645 fuisset
641 1605 882 1657 profectus
915 1606 1050 1646 simul
1084 1618 1190 1646 cum
1220 1606 1350 1646 Duce
1379 1619 1435 1646 ac
1465 1618 1636 1659 magno
1665 1608 1789 1659 equi-

149 1682 247 1715 tum
269 1676 456 1726 agmine
483 1675 542 1716 ad
569 1676 804 1728 quoddam
840 1677 1020 1718 confine
1050 1678 1285 1729 oppidum,
1311 1679 1454 1718 animi
1476 1679 1542 1728 (ut
1571 1678 1789 1729 arbitror)

151 1745 427 1799 [relaxandi]
454 1748 632 1799 gratia,
663 1749 709 1788 in
736 1760 845 1789 arce
873 1749 993 1789 illius
1024 1749 1181 1801 oppidi
1209 1750 1254 1789 in
1283 1756 1458 1790 terram
1490 1750 1642 1790 subito
1677 1751 1793 1790 ceci-

150 1817 236 1858 dit:
272 1818 384 1870 quid
416 1819 512 1859 dixi
547 1819 727 1859 subito?
763 1820 855 1860 imo
895 1820 992 1860 fere
1027 1828 1238 1860 mortuus
1275 1832 1301 1860 a
1343 1821 1597 1872 nativoque
1638 1822 1795 1861 colore

150 1895 355 1930 mutatus
376 1895 420 1930 et
441 1890 640 1942 pallidus
668 1892 767 1931 sine
795 1892 1025 1943 sanguine
1051 1891 1224 1943 jacuit;
1259 1892 1508 1932 cadaveris
1538 1892 1602 1931 illi
1630 1891 1791 1942 facies,

150 1972 320 2013 corpus
346 1962 524 2013 proprii
545 1962 759 2002 elementi
789 1968 889 2002 erat
916 1969 1169 2013 mutatum,
1193 1963 1274 2002 vix
1296 1969 1474 2014 septem
1500 1964 1713 2004 homines
1735 1964 1795 2004 ad

149 2038 322 2073 stratas
344 2033 566 2074 culcitras
587 2041 830 2086 asportare
852 2041 1127 2086 potuerunt:
1152 2036 1393 2075 ululabant
1424 2035 1548 2075 intus
1581 2036 1793 2075 clamori-

148 2104 233 2144 bus
254 2105 453 2156 palatia‚
478 2104 587 2145 Dux
607 2106 819 2156 lugebat,
843 2106 1016 2146 fratres
1037 2107 1158 2146 illius
1182 2106 1268 2146 sibi
1297 2117 1482 2146 comam
1514 2118 1569 2147 ac
1598 2107 1794 2146 barbam

149 2175 430 2225 evellebant,
467 2177 724 2217 haerebant
759 2177 988 2217 columnis
1028 2189 1083 2217 ac
1116 2177 1329 2229 postibus
1370 2177 1553 2228 famuli,
1599 2178 1792 2229 cognati

150 2248 272 2287 ultro
293 2248 503 2299 citroque
532 2259 773 2299 exangues
795 2255 838 2288 et
860 2249 1120 2300 perturbati
1141 2249 1414 2299 currebant,
1450 2249 1671 2300 lugubres
1696 2248 1794 2300 jam

148 2319 438 2369 parabantur
458 2325 638 2367 vestes,
663 2320 746 2360 sed
767 2320 956 2360 tandem
977 2320 1300 2360 misericordia
1329 2320 1518 2361 Domini
1544 2320 1793 2371 pristinum

150 2391 354 2430 colorem
376 2396 420 2430 et
441 2391 654 2442 corporis
677 2392 889 2431 eamdem
920 2403 1060 2443 quam
1091 2392 1220 2444 prius
1250 2392 1573 2432 habitudinem
1602 2402 1789 2442 recupe-

150 2462 288 2501 ravit.
310 2463 382 2502 Ex
403 2473 458 2502 eo
479 2468 688 2514 tempore
718 2463 1099 2515 contemplationi
1120 2476 1169 2503 se
1191 2464 1316 2504 dedit
1346 2464 1498 2514 magis
1528 2474 1668 2514 quam
1700 2468 1789 2502 stu-

150 2533 225 2573 dio
247 2541 291 2573 et
312 2533 560 2574 meditatur
583 2546 638 2574 ac
659 2540 763 2574 orat
788 2534 922 2575 flexis
947 2535 1146 2586 genibus
1177 2541 1472 2575 reverenter:
1510 2534 1620 2586 quid
1652 2534 1790 2574 medi-

149 2610 274 2645 tatus
294 2605 447 2653 fuerit,
472 2606 582 2657 quid
603 2607 822 2657 senserit,
848 2607 1020 2657 quidve
1042 2618 1147 2646 eum
1164 2607 1432 2657 agitaverit,
1458 2611 1621 2657 postea
1643 2605 1793 2657 aperit

149 2675 253 2717 P.³:
282 2677 607 2717 coenationem
637 2677 898 2728 ingreditur
929 2684 974 2717 et
1006 2678 1252 2718 nobiscum
1273 2677 1447 2728 gaudet
1483 2668 1791 2716 discumbere.

149 2747 350 2788 Demum
369 2747 488 2788 haec
509 2749 679 2799 anima,
705 2749 805 2789 sine
826 2750 929 2801 lege
952 2755 1092 2790 antea
1112 2749 1295 2798 vivens,
1320 2755 1390 2788 est
1411 2754 1706 2800 recuperata.

229 2819 266 2859 F
271 2820 383 2859 estis
398 2818 634 2860 Natalitiis
651 2820 1058 2861 commendatores
1076 2832 1237 2861 omnes
1259 2832 1314 2860 ac
1336 2818 1435 2871 ejus
1455 2819 1618 2859 famuli
1635 2818 1789 2869 (turba

146 2890 336 2942 quidem
362 2891 477 2931 satis
507 2891 719 2943 copiosa)
757 2891 961 2932 confessi
989 2899 1096 2931 sunt
1127 2891 1183 2931 de
1210 2891 1443 2943 peccatis,
1479 2891 1648 2930 missos
1684 2889 1793 2929 fecit

146 2962 400 3002 choraulas
427 2969 472 3003 et
492 2964 720 3014 musicos,
744 2964 823 3014 qui
850 2964 972 3003 illius
1001 2963 1208 3003 animum
1238 2969 1378 3002 cantu
1411 2967 1456 3002 et
1487 2961 1612 3002 dulci
1640 2972 1789 3002 armo-
