2168 3437
904 243 988 280 AN.
1020 241 1111 279 1553
1752 239 1822 276 335

186 345 383 386 rationis
398 343 630 396 pepererit
647 341 897 394 aliquibus,
916 339 1142 392 paulatim
1157 337 1346 378 tandem
1362 336 1540 377 veritas
1557 336 1659 387 ipsa
1676 346 1818 375 emer-

186 417 256 468 git
277 415 669 467 conspiciturque.

266 486 521 527 Consuevit
542 484 664 525 RQS
690 483 838 523 Dnus.
867 481 1206 532 Proepiscopus
1236 491 1345 519 suos
1376 478 1674 528 sacerdotes,
1705 488 1822 528 quos

115 598 123 605 ,
185 558 337 598 minus
358 557 551 597 idoneos
574 555 633 595 ad
654 565 791 594 sacra
812 558 959 602 retur,
982 551 1278 591 instruendos
1309 556 1388 589 aut
1414 549 1699 589 deteriorum
1729 559 1821 588 mo-

186 640 290 668 rum
322 626 647 668 reformandos
672 624 806 664 nobis
839 622 1142 663 committere.
1180 621 1314 661 Hanc
1350 620 1474 660 enim
1504 619 1560 659 de
1589 618 1822 660 Societate

186 711 317 751 spem
338 704 490 738 ratam
510 697 649 737 habet
669 701 718 735 ut
738 695 785 734 in
806 693 1084 734 reducendis
1106 692 1165 732 ad
1185 698 1448 731 creatorem
1474 691 1627 742 ipsum
1648 691 1822 730 anima-

187 771 295 821 bus,
332 769 650 819 maximopere
675 766 846 806 valeat.
877 764 998 815 Quin
1026 769 1069 803 et
1098 763 1186 814 ipsi
1213 761 1483 802 sacerdotes
1513 773 1696 812 quoque
1721 773 1824 813 pro-

186 841 374 882 fitentur
396 851 495 890 eos,
520 839 598 890 qui
617 838 846 877 hactenus
867 836 1236 886 degenerarunt,
1268 845 1360 873 non
1392 839 1488 872 tam
1515 833 1690 872 nostris
1718 844 1822 873 con-

186 912 397 952 cionibus
436 916 481 951 et
519 907 945 957 exhortationibus,
982 905 1104 957 quod
1133 905 1330 945 multum
1352 910 1443 952 est,
1474 915 1614 955 quam
1647 903 1825 943 meritis

185 982 480 1023 reducendos
501 987 641 1032 atque
662 979 899 1030 legitimos
920 976 1198 1017 reddendos.

266 1053 471 1094 Castella
492 1057 600 1092 sunt
621 1051 797 1102 aliquot
818 1049 902 1089 sub
923 1047 1060 1099 hujus
1087 1047 1215 1087 urbis
1243 1046 1438 1096 ditione,
1472 1057 1590 1097 quae
1618 1044 1823 1085 Societa-

186 1125 245 1166 tis
266 1136 401 1177 opem
423 1123 594 1175 oppido
623 1121 906 1162 desiderant.
935 1119 1073 1159 Faxit
1101 1117 1315 1158 Christus
1342 1123 1392 1156 ut
1422 1122 1465 1156 et
1496 1128 1577 1167 spe
1602 1115 1822 1167 juventur

185 1196 251 1236 illi
284 1207 390 1245 sua,
431 1205 610 1246 nosque
649 1192 905 1233 alacriores
944 1196 988 1230 et
1021 1189 1253 1229 fideliores
1291 1187 1494 1227 Domino
1525 1187 1819 1227 famulemur.

188 1267 366 1308 Civitas
394 1266 513 1305 haec
541 1275 654 1304 sane
684 1263 752 1303 sic
778 1262 825 1302 in
851 1273 1029 1310 rerum,
1063 1260 1230 1312 quibus
1264 1259 1428 1299 fuisset
1453 1259 1530 1298 vel
1560 1258 1619 1298 ad
1648 1258 1824 1297 victum

186 1349 323 1390 opus,
347 1336 543 1388 penuria
561 1367 568 1386 ,
592 1334 791 1375 fratrum
812 1332 1226 1384 aequanimitatem
1246 1336 1495 1381 postquam
1514 1329 1729 1378 rescivit,
1749 1329 1825 1368 ad-

186 1409 356 1450 mirata
379 1413 468 1458 est,
491 1412 541 1446 ut
570 1417 707 1446 nemo
735 1405 795 1445 sit
822 1404 900 1455 qui
919 1415 1013 1444 non
1035 1403 1160 1443 dicat
1181 1401 1408 1442 meruisse
1429 1401 1557 1440 illam
1577 1399 1825 1441 Societatis

186 1479 467 1521 adminiculo
503 1477 711 1526 destitui,
748 1475 873 1528 quod
901 1473 1201 1527 postmodum
1235 1473 1431 1513 multum
1465 1477 1566 1512 erat
1593 1471 1825 1511 desidera-

185 1557 305 1591 tura.
341 1550 574 1600 Novitque
597 1547 694 1599 jam
723 1547 1037 1598 aliquatenus,
1067 1544 1156 1585 Dei
1179 1543 1284 1595 Opt.
1318 1544 1495 1594 gratia,
1529 1542 1737 1583 maxima
1767 1542 1825 1582 ci-

184 1622 314 1662 vium
338 1632 450 1672 pars
476 1619 761 1660 Societatem
789 1629 884 1657 non
912 1616 988 1656 hic
1016 1627 1101 1656 sua
1133 1615 1215 1655 sed
1237 1626 1355 1666 quae
1376 1614 1488 1667 Jesu
1510 1613 1685 1654 Christi
1715 1619 1823 1653 sunt

185 1704 425 1745 quaerere.
451 1691 553 1742 Quo
574 1689 623 1730 fit
639 1695 689 1730 ut
706 1688 858 1740 magis
875 1700 930 1728 ac
947 1687 1100 1738 magis
1114 1687 1266 1738 ipsam
1284 1686 1626 1737 amplectantur
1645 1696 1823 1732 omneS,

184 1765 482 1814 futurumque
503 1767 572 1802 est
591 1761 725 1801 brevi
746 1767 795 1800 ut
816 1759 930 1799 nihil
958 1769 1140 1808 eorum,
1171 1769 1291 1810 quae
1318 1756 1378 1797 ad
1411 1756 1500 1796 Dei
1531 1756 1758 1796 honorem
1781 1762 1824 1794 et

185 1835 387 1888 proximi
408 1834 606 1874 salutem
628 1832 783 1882 aliqua
804 1842 862 1870 ex
882 1835 1015 1882 parte
1035 1828 1233 1879 faciunt,
1257 1828 1432 1879 requiri
1455 1827 1616 1879 possit.
1649 1826 1823 1867 Omnes

187 1918 324 1959 opem
343 1905 640 1958 pollicentur,
670 1914 813 1954 reque
843 1901 945 1953 ipsa
973 1900 1097 1952 quod
1123 1905 1319 1951 possunt
1346 1904 1603 1951 praestant.
1633 1897 1825 1938 Plurimi

188 1983 318 2028 sunt,
342 1976 421 2028 qui
440 1975 553 2015 nihil
573 1973 663 2014 nisi
683 1973 839 2025 quoad
860 1983 943 2024 per
969 1970 1123 2011 Patris
1151 1971 1302 2010 nostri
1328 1970 1387 2010 D.
1417 1970 1647 2010 Everardi
1678 1969 1825 2009 consi-

187 2049 299 2088 lium
326 2048 489 2097 liceat,
521 2044 859 2096 aggrediantur
893 2048 1221 2093 moveantque.
1259 2041 1450 2092 Aliquot
1486 2040 1582 2092 jam
1618 2041 1746 2080 cives
1780 2040 1826 2079 in

185 2119 300 2160 urbe
333 2116 582 2170 potissimi,
619 2116 667 2156 in
701 2115 869 2167 quibus
900 2119 944 2153 et
974 2112 1121 2153 Dnus.
1159 2112 1501 2164 Proepiscopus
1530 2117 1574 2151 et
1610 2111 1827 2151 doctores

188 2189 382 2242 aliquot,
427 2199 589 2229 curam
628 2187 701 2227 sui
741 2196 927 2226 omnem
964 2184 1093 2224 Patri
1134 2183 1482 2224 commiserunt.
1523 2183 1581 2223 Et
1628 2182 1826 2232 singulis

185 2261 347 2301 diebus
368 2259 554 2300 veneris
575 2257 792 2308 decalogi
819 2262 1097 2308 praecepta,
1132 2255 1240 2295 hinc
1269 2255 1395 2294 enim
1425 2265 1623 2294 exorsus
1657 2258 1746 2303 est,
1780 2253 1826 2291 in

184 2343 328 2372 unum
349 2330 653 2380 eumdemque
674 2330 829 2368 locum
850 2327 1030 2367 coactis
1051 2326 1408 2377 interpretatur,
1432 2324 1638 2365 maxima
1662 2334 1823 2363 eorum

187 2403 385 2443 utilitate
420 2406 464 2441 et
491 2400 578 2440 nri.
610 2399 858 2439 desiderio.
895 2397 1168 2448 Noruntque
1191 2395 1289 2447 jam
1315 2395 1615 2448 perfectionis
1643 2395 1825 2434 culmen

187 2486 302 2524 non,
326 2479 375 2512 ut
397 2473 575 2521 lucum,
598 2470 725 2521 ligna
747 2481 849 2509 esse
872 2467 905 2519 1;
925 2467 1113 2520 jamque
1131 2479 1293 2508 eorum
1314 2467 1540 2507 memoria
1557 2466 1694 2517 periit
1712 2464 1822 2513 fere,

186 2557 281 2585 non
303 2544 476 2594 absque
498 2542 686 2582 divinae
706 2540 984 2592 prudentiae
1004 2546 1144 2589 nutu,
1175 2539 1252 2591 qui
1283 2539 1349 2578 sic
1380 2539 1551 2589 vulgus
1572 2548 1666 2576 non
1688 2534 1825 2575 modo

188 2615 270 2656 sed
297 2621 341 2655 et
369 2614 571 2665 optimae
602 2612 701 2663 spei
721 2611 851 2651 viros
879 2616 923 2651 et
957 2610 1176 2650 mulieres
1205 2610 1374 2649 misere
1409 2609 1704 2659 deceperant.
1744 2606 1825 2646 Mi-

187 2691 350 2726 rantur
372 2695 532 2725 omnes
561 2682 842 2724 Societatem
858 2681 1035 2721 nullum
1050 2681 1264 2720 laborum
1280 2679 1540 2731 praemium
1561 2677 1823 2729 admittere,

187 2757 404 2808 nullaque
424 2765 581 2795 rerum
602 2759 903 2793 externarum
923 2763 1004 2804 spe
1026 2752 1156 2802 duci;
1178 2751 1424 2802 magisque
1446 2749 1503 2789 ob
1519 2749 1566 2789 id
1583 2749 1673 2801 ipsi
1690 2748 1827 2789 fidem

244 2942 253 2961 ¹
828 2937 1004 2965 Virtutem
1017 2937 1125 2964 verba
1140 2941 1248 2970 putes,
1266 2939 1303 2962 ut

548 2986 676 3014 Lucum
693 2984 801 3020 ligna?

759 3055 901 3089 Heium,
914 3056 936 3082 1.
951 3063 972 3089 1,
987 3055 1050 3089 Ep.
1065 3055 1091 3088 6,
1108 3063 1141 3081 v.
1155 3054 1200 3081 31.
