2168 3437
912 221 980 258 AN
988 250 996 258 .
1028 220 1120 258 1554
1766 216 1837 252 637

279 318 631 371 Superscmptio
648 318 697 358 in
714 321 888 370 quarta
905 317 1120 369 pagina:
1140 316 1228 356 ihs.
1257 315 1507 356 admodum
1524 313 1625 354 R.d0
1641 313 1689 353 in
1707 312 1837 353 Chri-

199 396 271 430 sto
293 390 420 430 Patri
442 390 579 430 Mtro.
603 389 785 441 ignatio
803 389 859 429 de
879 388 1081 440 Loyola,
1101 387 1376 439 Praeposito
1395 385 1616 427 Generali
1632 383 1838 425 Societa-

199 462 258 502 tis
278 462 410 515 Jesu‚
436 461 559 513 apud
579 460 804 502 Sanctum
825 460 1052 500 Marcum.

279 532 472 573 Romae.

282 603 394 643 Alsa
414 615 587 643 manu:
612 602 728 643 1554.
751 602 1039 653 Vallisoleti,
1065 601 1119 652 Q.
1143 600 1209 641 P.i
1236 599 1362 651 Maji.

799 1027 1233 1084 CCLXXXVH

275 1259 472 1296 Erardus
492 1258 702 1304 Dawant‚
723 1257 1002 1303 Leodiensis‚

328 1323 449 1362 Patri
468 1323 638 1370 Ignatio
659 1323 711 1360 de
730 1324 915 1370 Loyola.

372 1389 559 1434 Vienna,
582 1389 598 1425 1
621 1389 725 1436 Maji
744 1389 834 1426 1554
855 1389 880 1424 ¹.

287 1597 467 1648 Gratia,
491 1610 585 1649 pax
602 1605 691 1638 etc.

286 1668 520 1721 Imprimis
535 1669 718 1720 gratiae
734 1669 920 1709 divinae
936 1668 1214 1709 beneficium
1230 1678 1326 1707 non
1343 1667 1568 1717 exiguum
1585 1675 1848 1715 agnoscere

208 1741 443 1791 debemus,
469 1740 591 1791 quod
611 1740 782 1780 fratres
806 1740 1021 1792 spiritum
1048 1739 1359 1780 robustiorem
1388 1736 1845 1785 constantioremque

207 1812 454 1862 retineant,
480 1812 781 1863 quantumvis
802 1812 973 1852 multos
1003 1811 1078 1851 hic
1106 1811 1445 1851 obtrectatores
1466 1814 1509 1848 et
1532 1807 1740 1848 aemulos
1768 1806 1847 1845 ha-

207 1883 361 1933 beant,
386 1883 465 1934 qui
486 1889 583 1922 tum
603 1889 814 1923 nostrum
835 1883 1096 1923 institutum
1123 1888 1220 1922 tum
1243 1881 1507 1921 doctrinam
1540 1878 1849 1919 cachinantur

209 1954 540 2004 orthodoxam,
566 1960 623 2002 et,
648 1955 775 1994 velut
791 1960 956 1995 contra
979 1952 1295 2002 adversarios,
1319 1952 1445 1991 vires
1467 1950 1706 2000 colligant.
1727 1947 1850 1987 Hinc

207 2025 259 2066 fit
282 2031 331 2065 ut
354 2025 432 2077 qui
454 2025 764 2065 concionandi
785 2031 953 2065 munus
974 2024 1245 2064 iamdudum
1267 2028 1502 2072 exercent,
1521 2021 1567 2060 in
1583 2021 1681 2060 dies
1697 2018 1852 2069 magis

211 2108 267 2137 ac
291 2096 445 2147 magis
470 2096 546 2148 pio
569 2097 667 2136 zelo
699 2096 1018 2136 accendantur
1039 2094 1254 2147 quodam.
1287 2093 1464 2144 Quibus
1493 2103 1608 2131 vero
1643 2090 1851 2130 nondum

208 2169 325 2208 haec
345 2167 500 2218 gratia
523 2179 749 2208 concessa
778 2173 862 2218 est,
887 2167 1200 2207 aemulatione
1233 2176 1416 2217 quoque
1445 2169 1609 2203 sancta
1641 2160 1847 2210 excitati,

209 2238 478 2289 diligentius
489 2238 659 2289 linguis
680 2244 725 2278 et
746 2238 848 2278 aliis
870 2238 929 2278 ad
951 2238 1039 2278 hoc
1061 2248 1229 2277 munus
1251 2234 1533 2276 necessariis
1554 2232 1844 2273 incumbant.

209 2299 354 2350 R.11d1'¹S
380 2308 429 2349 P.
459 2308 689 2360 Canisius,
714 2315 763 2349 ut
791 2309 1014 2349 nonnulla
1040 2308 1095 2348 de
1127 2306 1431 2348 concionibus
1458 2304 1681 2354 adferam,
1714 2302 1852 2342 solito

211 2392 315 2422 cum
336 2380 523 2420 fervore
545 2385 589 2419 et
611 2379 824 2420 doctrina
855 2380 1102 2431 diligenter
1135 2379 1183 2418 in
1209 2378 1300 2418 hoc
1331 2374 1633 2428 praedicandi
1654 2384 1848 2414 munere

211 2452 434 2504 persistit.
462 2451 504 2491 Is
529 2451 746 2503 proxima
773 2450 1137 2502 quadragesima
1167 2450 1270 2489 aliis
1298 2459 1481 2500 quoque
1509 2446 1657 2486 sacris
1686 2444 1851 2485 diebus

213 2529 292 2563 aut
322 2522 445 2574 apud
466 2521 520 2562 R.
544 2521 839 2562 Maiestatem
860 2521 874 2540 ²
893 2531 973 2562 aut
994 2522 1042 2562 in
1064 2532 1245 2561 summo
1267 2519 1439 2570 templo
1465 2517 1717 2558 conciones
1742 2526 1851 2555 suas

212 2593 504 2634 continuavit
521 2599 564 2633 et
580 2593 719 2633 habet
731 2605 913 2644 semper
930 2592 1357 2644 frequentissimum
1374 2588 1670 2629 auditorium.
1688 2586 1851 2626 Liben-

214 2672 285 2705 ter
307 2665 430 2704 enim
452 2664 576 2704 docti
597 2664 775 2715 pariter
797 2675 852 2703 ac
874 2663 1049 2703 indocti
1071 2663 1222 2714 ipsum
1246 2660 1453 2700 audiunt.
1477 2658 1708 2699 Dominus
1738 2668 1870 2715 vero-4,

214 2735 441 2778 Godanus
464 2735 491 2786 ⁵,
515 2747 609 2775 una
632 2746 738 2775 cum
758 2735 950 2786 reliquis
975 2734 1195 2774 Patribus
1222 2731 1281 2773 ad
1301 2733 1391 2772 hoc
1416 2729 1726 2771 concionandi
1755 2738 1850 2768 mu-

271 2943 278 2962 ¹
320 2943 569 2977 Autographae
585 2943 618 2969 in
633 2942 712 2969 folio
727 2942 835 2975 unico,
848 2950 879 2968 n.
894 2941 959 2970 212.

272 2991 285 3009 ”2
324 2990 568 3024 Fcrdinandus,
585 2989 815 3016 Romanorum
831 2988 913 3016 Rex.

268 3039 281 3057 ⁵
320 3039 357 3066 Ρ.
373 3038 532 3066 Nicolaus
548 3038 743 3065 Goudanus.
