2168 3437
863 227 947 263 AN.
980 226 1074 264 1552
1747 224 1794 260 75

148 335 254 370 otra
274 327 420 368 mitad
440 337 528 378 que
550 326 723 366 habian
745 325 845 365 sido
867 324 1148 376 superiores.
1181 323 1295 364 Esto
1318 333 1368 362 es
1388 322 1433 362 lo
1462 333 1550 373 que
1577 322 1701 361 hallo
1735 322 1791 362 de

148 405 339 441 nuestra
360 398 495 438 salud
517 411 548 449 y
569 397 830 438 exercicios
851 408 967 448 para
989 395 1184 435 escribir
1209 397 1236 435 a
1256 394 1315 434 V.
1339 393 1387 434 P.

229 470 283 511 El
317 468 464 509 Sefior
500 480 585 509 nos
625 468 682 509 de
717 471 744 508 a
779 467 916 507 todos
950 479 1003 507 su
1046 466 1346 507 sanctissimo
1383 476 1514 505 amor
1554 477 1585 516 y
1624 469 1788 505 temor.

151 542 319 583 Amen.

233 610 304 652 De
326 611 510 652 Gandia
532 614 559 650 a
580 611 632 650 29
653 610 709 650 de
728 609 1006 650 Deziembre
1029 609 1085 648 de
1111 607 1226 648 1552.

232 683 303 723 De
324 682 384 722 V.
407 682 458 723 P.
482 682 808 733 indignissimo
831 681 986 721 siervo
1008 692 1066 720 en
1087 681 1128 719 el
1149 679 1239 720 5.οῑ

233 753 322 794 Por
345 754 578 794 mandado
600 753 657 793 de
678 752 778 793 Ν.ΓΟ
796 752 948 792 Padre
969 751 1072 791 D.0r
1093 750 1329 803 Baptista,

1257 893 1519 934 GOVIERNO.
1552 895 1578 940 †

234 1110 602 1162 Superscriptio.
638 1083 750 1150 IPTIS.
782 1109 841 1149 Al
871 1121 983 1161 muy
1018 1108 1120 1149 R.d0
1148 1108 1300 1149 Padre
1327 1107 1426 1148 Ν.ΓΟ
1444 1119 1504 1148 en
1537 1106 1723 1149 Christo
1751 1108 1792 1147 el

153 1183 226 1225 Re
247 1183 307 1224 M.
331 1182 523 1233 Ignacio
545 1181 601 1222 de
623 1182 804 1232 Loyola
826 1181 1069 1232 Preposito
1093 1179 1297 1221 General
1316 1179 1373 1220 de
1394 1181 1439 1220 la
1456 1178 1714 1231 Compafn'a
1736 1178 1792 1219 de

153 1256 289 1308 Jesus
309 1266 367 1294 en
394 1253 558 1294 Roma.

234 1325 345 1366 Alia
367 1337 538 1366 manu:
560 1325 614 1377 Q.
638 1324 836 1365 Gandia.
860 1324 926 1364 52.
951 1324 1002 1364 29
1023 1323 1306 1364 Diciembre.

385 1932 669 1960 praecedentium
684 1932 860 1959 Michaelis
876 1931 1049 1959 Govierno
1065 1932 1261 1959 litterarum
1277 1932 1383 1959 latina
1399 1932 1512 1959 versio
1530 1932 1551 1959 ¹.

239 2183 407 2224 Gratia
433 2189 478 2224 et
498 2195 592 2235 pax
612 2188 700 2223 etc.

237 2255 308 2295 Ex
329 2266 384 2294 eo
406 2260 640 2306 ternpore,
666 2266 757 2306 quo
787 2255 936 2306 pridie
964 2254 1269 2295 calendarum
1295 2253 1582 2306 Septembris
1611 2254 1799 2305 scripsi-

155 2337 258 2366 mus
285 2326 341 2365 de
367 2325 568 2366 fratrum
595 2326 767 2377 salute,
797 2337 958 2366 eorum
988 2337 1211 2366 numerus
1242 2337 1336 2366 non
1372 2325 1542 2374 crevit;
1580 2325 1799 2377 permulti

155 2404 313 2437 tamen
340 2398 558 2447 extitere,
596 2397 674 2449 qui
709 2397 848 2437 anxie
883 2397 1210 2438 desiderarunt
1238 2402 1283 2437 et
1310 2408 1337 2436 a
1373 2402 1535 2436 nostro
1571 2397 1619 2437 P.
1660 2396 1797 2447 petie-

156 2474 265 2509 runt
286 2473 335 2508 ut
364 2468 411 2508 in
432 2474 644 2508 nostram
665 2469 942 2520 religionem
961 2469 1298 2521 reciperentur.
1321 2468 1477 2509 Taceo
1500 2467 1708 2518 insignes
1732 2467 1797 2507 vi-

155 2551 235 2579 ros
256 2545 300 2579 et
320 2539 483 2579 variae
506 2539 803 2590 eruditionis,
829 2541 906 2592 qui
923 2539 1048 2591 quod
1075 2539 1258 2580 dotibus
1282 2540 1496 2580 omnibus
1517 2538 1797 2579 necessariis

156 2622 252 2650 non
282 2617 438 2650 essent
462 2610 694 2661 insigniti,
725 2611 875 2651 nostri
906 2610 1061 2651 Patris
1086 2609 1261 2662 judicio
1290 2622 1529 2662 nunquam
1562 2609 1690 2650 fuere
1719 2609 1795 2650 ad-

159 2681 303 2721 missi.
345 2680 505 2722 Solum
544 2681 794 2733 quemdam
833 2681 1030 2722 fratrem
1069 2681 1142 2721 P!
1182 2682 1370 2722 admisit
1409 2682 1565 2722 victus
1611 2681 1798 2733 quidem

155 2752 281 2792 illius
301 2752 599 2804 simplicitate
621 2758 665 2792 et
693 2753 981 2804 constantia;
1014 2765 1123 2794 nam
1155 2765 1262 2793 cum
1291 2753 1362 2793 bis
1394 2752 1467 2793 P.r
1489 2754 1546 2793 ab
1568 2764 1622 2792 eo
1645 2764 1694 2792 se
1721 2763 1796 2791 ex-

158 2822 413 2873 pedivisset
439 2830 484 2864 et
514 2823 672 2864 multis
698 2835 783 2876 pro
819 2835 874 2864 eo
906 2824 1230 2864 laborantibus
1265 2835 1315 2864 se
1350 2824 1699 2873 excusavisset,
1737 2822 1798 2862 ad

216 3006 227 3027 ¹
266 3007 304 3035 In
318 3008 386 3036 vol.
402 3007 517 3043 Epzst.
534 3009 722 3043 quadrimz
735 3008 837 3037 1553-
841 3009 906 3042 54,
921 3009 1000 3037 folio
1015 3009 1152 3044 duplici,
1164 3017 1219 3037 nn.
1241 3009 1294 3037 1195
1314 3013 1347 3037 et
1359 3009 1421 3037 496.
1425 3009 1548 3036 ——Vide
1559 2998 1666 3036 etiam
1680 3015 1796 3042 supra,

139 3066 142 3070 ·
161 3057 185 3080 t.
202 3061 214 3080 1
225 3062 325 3090 ,paga
340 3055 357 3082 6
367 3063 475 3090 ,quae
491 3056 532 3083 de
545 3056 598 3083 his
612 3056 727 3084 latinis
741 3056 957 3084 versionibus
971 3057 1135 3085 lectorem
1149 3058 1337 3085 monuimus
