2168 3437
918 235 999 271 Ax.
1030 233 1122 272 1553
1772 232 1846 268 249

203 333 410 384 incipiat:
433 343 572 384 porro
594 330 704 383 quid
730 331 776 371 in
804 343 947 372 causa
978 331 1116 372 fuerit
1148 331 1271 382 quod
1302 338 1397 370 tam
1425 330 1552 382 pium
1578 329 1842 369 institutum

204 405 431 444 hactenus
453 403 647 443 dilatum
667 403 741 452 sit,
767 403 932 454 opinor
954 414 1047 442 non
1069 403 1271 442 otiosum
1298 401 1418 451 fore,
1448 412 1597 452 neque
1624 412 1651 440 a
1678 406 1842 440 nostro

205 487 348 526 scopo
384 475 601 523 alienum,
639 474 685 514 id
718 474 925 514 breviter
959 474 1207 524 attingere,
1238 473 1316 524 qui
1352 484 1464 512 sane
1493 484 1585 512 non
1620 479 1689 511 est
1716 470 1841 511 aliud

206 557 346 598 quam
374 545 464 586 Dei
498 545 828 596 omnipotentis
862 545 1063 594 gloriam
1090 544 1214 594 apud
1245 543 1614 595 quamplurimos
1651 541 1843 593 amplifi-

207 629 330 657 care.
354 616 585 656 Intellexit
606 615 871 656 Paternitas
892 615 951 655 V.
977 627 1035 655 ex
1056 615 1255 666 privatis
1272 615 1439 654 litteris
1456 614 1647 654 Patrum
1663 615 1843 653 nostro'-

207 699 324 738 rum,
349 699 439 739 quo
461 693 615 738 pacto,
639 686 789 726 hieme
808 686 1062 726 novissime
1083 692 1340 735 transacta,
1361 685 1566 735 scholae,
1585 691 1682 725 tum
1700 684 1842 736 publi-

208 770 290 798 cae
313 764 410 798 tum
424 757 660 809 privatae,
685 757 741 797 ob
771 757 965 797 nimium
991 756 1281 796 saevientem
1309 762 1486 807 pestem
1514 755 1842 804 conticuerint;

205 841 355 880 neque
377 828 561 868 interim
582 830 682 868 sola
704 839 759 868 ea
781 839 925 868 causa
946 827 1187 879 principiis
1210 827 1398 867 scholae
1421 835 1577 878 (quam
1605 838 1690 866 nos
1712 825 1847 877 jussu

207 897 264 941 V.
290 899 338 940 P.
362 900 544 951 erigere
566 899 887 949 moliebamur)
911 899 1115 949 obstare,
1146 910 1246 938 rem
1275 898 1692 950 procrastinando,
1723 909 1843 938 com-

207 978 338 1023 perta
356 978 439 1011 est.
458 970 549 1012 Sed
567 972 712 1011 multo
733 971 886 1022 magis
903 970 1182 1020 aestimatio,
1202 969 1459 1009 secundum
1471 969 1725 1009 humanam
1742 980 1847 1020 pru-

207 1043 412 1083 dentiam
451 1048 693 1093 concepta,
729 1048 892 1082 nostro
927 1041 1116 1092 negotio
1155 1040 1402 1080 adversari
1437 1039 1703 1089 videbatur3
1742 1050 1849 1079 cum

209 1120 476 1154 censeretur
499 1125 616 1165 opus
636 1125 731 1153 non
752 1124 855 1153 esse
877 1124 1003 1152 novo
1032 1112 1140 1152 ludo
1168 1112 1376 1151 literario
1407 1111 1454 1150 in
1482 1117 1579 1151 tam
1600 1111 1847 1162 praeclara

210 1185 483 1234 Academia,
521 1185 567 1225 in
603 1196 694 1236 qua
729 1184 917 1223 minime
945 1183 1096 1223 desint
1131 1182 1405 1230 doctissimi,
1436 1182 1679 1221 literarum
1707 1181 1849 1221 etiam

210 1257 552 1305 humaniorum,
576 1255 880 1307 professores,
903 1255 982 1295 ubi
1012 1261 1257 1306 praeterea
1287 1254 1377 1294 sint
1406 1253 1721 1303 ludimagistri
1752 1253 1848 1303 plu-

207 1340 297 1379 res,
321 1328 399 1380 qui
418 1328 466 1368 in
487 1328 583 1367 suis
604 1327 776 1367 scholis
792 1327 1055 1367 trivialibus
1072 1337 1242 1377 pueros
1259 1327 1305 1366 in
1321 1324 1644 1377 grammaticis
1660 1335 1847 1375 praece-

212 1399 446 1451 ptionibus
467 1400 627 1438 valent
649 1398 929 1438 sufficienter
950 1398 1206 1448 instituere,
1230 1403 1475 1448 praeterea
1492 1407 1586 1436 non
1602 1395 1719 1435 levis
1735 1406 1850 1435 sane

213 1470 388 1510 invidia
409 1470 518 1510 hinc
540 1469 786 1509 videbatur
809 1470 1038 1509 adversus
1052 1475 1240 1509 nostros
1257 1475 1455 1508 conatus
1473 1467 1705 1516 suscitari,
1726 1466 1852 1517 quod

213 1554 239 1581 a
262 1541 540 1592 quibusdam
567 1540 765 1580 literatis
796 1540 908 1580 viris
937 1540 1199 1580 diceremur
1226 1539 1384 1579 nescio
1413 1550 1552 1589 quam
1580 1549 1753 1578 novam
1774 1538 1850 1577 do-

213 1612 349 1652 cendi
370 1612 600 1652 rationem
622 1611 859 1661 meditari,
884 1623 1003 1662 quae
1025 1611 1234 1651 inclitum
1261 1611 1349 1650 hoc
1375 1609 1677 1661 gymnasium
1703 1608 1852 1649 fundi-

213 1691 287 1724 tus
307 1683 558 1735 aliquando
580 1682 900 1723 labefactaret.
924 1682 1107 1722 Interea
1131 1681 1240 1722 dum
1266 1680 1604 1722 Serenissimus
1630 1680 1732 1720 Rex
1763 1679 1852 1719 Ro·

212 1766 459 1794 manorum
480 1766 586 1794 curn
607 1765 787 1794 summo
809 1754 1090 1804 magistratu
1111 1752 1219 1792 hinc
1242 1753 1388 1802 abest,
1413 1752 1526 1791 nihil
1549 1752 1664 1791 certi
1685 1751 1732 1790 in
1764 1752 1853 1790 hac

212 1838 263 1866 re
283 1826 516 1878 possimus
537 1825 763 1876 obtinere;
785 1836 872 1864 nos
893 1831 1049 1864 tamen
1071 1823 1381 1876 quorumdam
1409 1823 1641 1869 virorum,
1671 1834 1764 1862 non
1795 1834 1853 1861 ex

214 1897 372 1937 infima
393 1903 540 1947 sorte,
564 1897 637 1937 usi
658 1896 868 1947 consilio,
894 1895 1189 1945 admisimus,
1213 1896 1303 1935 ista
1325 1895 1391 1934 sic
1413 1895 1653 1934 exoriente
1683 1901 1853 1943 tempe-

212 1974 347 2019 state,
370 1979 542 2020 pueros
563 1968 793 2019 quosdam
814 1967 873 2007 ad
894 1967 1120 2007 lectiones
1142 1967 1426 2007 domesticas
1448 1966 1647 2005 fratrum
1673 1971 1853 2004 nostro—

213 2051 332 2090 rum,
355 2039 510 2091 potius
530 2039 747 2079 obtrusos
768 2050 909 2091 quam
930 2051 956 2078 a
977 2038 1110 2078 nobis
1138 2044 1396 2089 susceptos.
1427 2036 1607 2077 Deinde
1629 2036 1854 2088 paulatim

213 2111 278 2150 ita
300 2121 512 2150 crescere
534 2110 686 2162 coepit
706 2121 946 2160 numerus,
972 2109 1121 2149 donec
1143 2109 1214 2148 his
1237 2109 1400 2148 diebus
1422 2120 1448 2148 a
1466 2107 1691 2159 primario
1708 2106 1854 2157 magi-

215 2187 365 2221 stratu
385 2193 443 2221 ex
464 2181 572 2222 aula
593 2192 786 2221 reverso
808 2180 1042 2232 (dominos
1071 2180 1127 2220 de
1158 2180 1384 2230 regimine
1413 2178 1603 2229 vocant)
1626 2178 1856 2218 indultum

216 2252 276 2292 sit
296 2252 431 2292 nobis
451 2258 501 2292 ut
522 2252 733 2293 scholam
754 2258 966 2292 nostram
986 2252 1269 2304 aperiamus.
1294 2251 1365 2291 Ex
1386 2250 1458 2290 his
1485 2249 1752 2302 primordiis
1773 2249 1853 2288 mi-

218 2335 322 2363 rum
344 2322 468 2363 dictu
489 2335 630 2374 quam
651 2323 787 2363 suavi
809 2323 951 2363 odore
972 2323 1282 2374 magistratus
1310 2321 1581 2362 viennensis
1610 2326 1748 2371 atque
1777 2331 1854 2370 po-

217 2395 352 2445 pulus
373 2393 472 2445 ipse
493 2394 701 2434 recreari
720 2394 950 2434 videatur.
974 2394 1046 2434 Ex
1061 2393 1328 2445 praecipuis
1345 2393 1468 2433 enim
1484 2403 1579 2432 non
1594 2391 1731 2443 pauci
1747 2390 1855 2429 libe-

220 2476 298 2504 ros
319 2464 628 2504 instituendos
650 2464 785 2504 nobis
806 2465 1097 2512 commisere,
1121 2476 1355 2504 summum
1371 2463 1585 2503 favorem
1602 2468 1645 2501 et
1662 2472 1856 2512 operam

218 2536 352 2576 nobis
378 2535 587 2587 polliciti.
627 2534 851 2586 Magnam
887 2535 1100 2587 profecto
1136 2536 1384 2576 utilitatem
1413 2534 1672 2574 redituram
1697 2543 1854 2583 spera-

218 2619 320 2647 mus
342 2619 399 2647 ex
419 2607 606 2646 novella
627 2607 716 2646 hac
737 2607 913 2657 schola,
939 2619 1080 2658 quam
1101 2607 1148 2646 in
1169 2613 1264 2646 tres
1286 2606 1473 2646 ordines
1495 2616 1574 2644 seu
1593 2605 1768 2643 classes
1790 2602 1854 2653 (ut

219 2678 407 2727 vocant)
445 2677 702 2728 divisimus3
739 2689 849 2718 nam
875 2685 1126 2729 postquam
1160 2683 1368 2729 potestas
1397 2677 1464 2715 sic
1500 2674 1695 2715 docendi
1721 2673 1858 2713 nobis

220 2749 409 2788 tandem
430 2748 555 2788 facta
578 2753 662 2798 est,
686 2748 1007 2800 praescriptae
1035 2754 1142 2788 sunt
1171 2748 1384 2788 omnibus
1412 2757 1681 2786 communes
1709 2745 1851 2796 leges,

220 2831 339 2871 quae
374 2825 553 2859 rectam
586 2818 924 2859 institutionem
967 2819 1153 2870 pietatis
1195 2830 1249 2858 ac
1291 2798 1533 2858 doctrinae
1579 2816 1851 2867 respiciunt.

220 2890 349 2930 Deus
371 2901 455 2930 sua
482 2889 771 2940 benignitate
798 2889 914 2929 bene
941 2889 1145 2930 fortunet
1182 2888 1304 2941 quod
1326 2887 1423 2939 ejus
1444 2887 1768 2928 misericordia
1793 2887 1856 2927 fe-

219 2961 373 3001 liciter
395 2961 634 3012 inceptum
656 2966 741 3000 est.

302 3030 372 3071 De
393 3031 699 3072 concionibus
725 3030 918 3071 Patrum
944 3037 1212 3072 nostrorum
1238 3042 1361 3070 nunc
1388 3028 1562 3080 aliquid
1589 3029 1857 3069 summatim
