2168 3437
897 300 980 336 AN.
1013 299 1103 336 1554
1744 297 1812 334 571

796 748 1207 804 CCLXXVIII

250 983 505 1021 Edmundus
524 983 769 1030 Augerius‚

297 1047 368 1085 Ex
387 1047 710 1085 commissione
729 1049 873 1086 Patris
893 1049 1111 1086 Everardi
1129 1048 1414 1094 Mercuriani,

347 1113 469 1151 Patri
486 1113 656 1160 Ignatio
677 1113 730 1150 de
749 1113 934 1161 Loyola.

394 1178 594 1225 Perusio,
615 1178 638 1215 4
657 1178 891 1216 Februarii
911 1178 1002 1215 1554
1020 1178 1045 1214 ¹.

949 1385 1048 1427 IHS

261 1600 329 1640 La
352 1600 508 1652 gratia
530 1607 573 1640 et
594 1611 734 1651 pace,
759 1606 846 1640 etc.

264 1671 591 1722 Quantunche,
615 1671 716 1712 R.d0
740 1672 785 1711 in
807 1671 945 1712 Chro.
974 1669 1139 1721 padre,
1164 1670 1207 1709 13
1228 1668 1545 1709 1116111113110116
1566 1676 1728 1708 nostra
1751 1669 1819 1708 sia

181 1743 263 1794 pin
283 1743 464 1794 grande
493 1743 539 1783 in
568 1742 653 1782 far'
680 1742 883 1783 tuttavia
911 1741 1055 1781 nuovi
1084 1740 1295 1780 beneficii
1323 1741 1367 1780 al
1393 1740 1623 1791 prossimo
1654 1739 1740 1779 che
1772 1740 1818 1779 in

180 1815 389 1854 scrivere
410 1814 425 1854 i
444 1814 629 1854 vecchii
651 1821 695 1854 et
716 1813 794 1864 gia
814 1813 1017 1865 passati,
1041 1811 1320 1852 nondimeno
1347 1817 1392 1851 et
1413 1811 1440 1851 1¹
1466 1823 1559 1851 uno
1581 1816 1625 1850 et
1647 1812 1674 1850 l'
1698 1811 1817 1851 altro

179 1886 476 1936 egualmente
504 1885 547 1925 ci
574 1888 683 1925 5313
702 1890 855 1935 grato,
880 1882 1138 1923 chiedendo
1161 1885 1260 1922 cosi
1289 1882 1334 1922 13
1355 1881 1415 1922 V.
1439 1881 1488 1922 P.
1512 1881 1633 1921 Anzi
1653 1882 1697 1921 al
1717 1893 1816 1932 pre-

178 1962 309 1996 sente
343 1955 593 1996 scrivendo
620 1956 652 1995 il
680 1956 824 1996 frutto
852 1955 936 1995 che
963 1953 1009 1993 di
1038 1965 1129 2005 qua
1156 1955 1192 1992 s'
1226 1957 1249 1993 6
1276 1953 1409 2003 fatto,
1440 1953 1624 2003 magior
1657 1953 1817 2003 cogni-

177 2027 304 2067 tione
325 2027 581 2067 haveremo
603 2026 723 2066 della
744 2026 1032 2077 negligentia
1053 2036 1154 2065 nra.
1187 2024 1405 2064 havendo
1437 2026 1533 2063 cosi
1560 2035 1680 2075 poco
1713 2035 1818 2074 ope·

179 2104 282 2138 rato
303 2099 425 2138 nella
445 2099 592 2149 vigna
613 2098 687 2138 del
709 2096 798 2138 SR

258 2169 444 2220 Quanto
468 2170 556 2209 alle
579 2180 686 2209 cose
707 2174 864 2209 nostre
885 2168 1091 2220 private,
1116 2166 1216 2207 diro
1238 2167 1345 2207 delli
1366 2166 1556 2217 fratelli,
1581 2167 1595 2206 1
1616 2166 1741 2218 quali
1773 2171 1818 2204 et

178 2240 225 2279 in
247 2241 511 2280 constantia
533 2246 578 2280 et
597 2240 645 2279 in
666 2241 764 2280 zelo
787 2240 898 2290 ogni
919 2239 964 2279 di
987 2250 1227 2279 cresconO.
1251 2237 1286 2278 Il
1308 2239 1392 2278 che
1422 2237 1710 2278 dimostrano
1733 2248 1818 2288 per

177 2311 221 2350 13
243 2322 364 2362 gran
386 2317 483 2351 sete
505 2312 590 2351 che
611 2312 768 2351 hanno
792 2311 864 2351 del
885 2311 1132 2362 prossimo‚
1157 2308 1459 2360 agintandolo
1483 2321 1570 2348 con
1587 2308 1818 2359 essempio

179 2381 256 2421 chi
279 2382 396 2422 altro
419 2393 512 2422 non
532 2385 623 2433 pu'o
644 2382 744 2422 far’.
770 2381 859 2422 Gia
881 2381 957 2421 doi
978 2393 1091 2421 sono
1113 2380 1160 2420 in
1190 2391 1311 2431 gran
1333 2379 1642 2419 sollicitudine
1670 2384 1714 2418 et
1743 2379 1818 2418 de-

179 2453 351 2493 siderio
391 2453 433 2493 d'
475 2453 623 2493 intrar
658 2454 781 2493 nella
816 2452 1124 2503 Compagnia.
1162 2451 1233 2491 De
1267 2451 1375 2502 quai
1411 2449 1436 2490 l‘
1472 2462 1563 2491 uno
1599 2454 1622 2490 6
1657 2449 1813 2500 Scoto,

178 2524 350 2564 huomo
375 2529 503 2564 certo
524 2530 714 2564 versato
734 2535 792 2563 ne
812 2525 841 2563 Γ
866 2523 1109 2563 1111111311113
1130 2528 1174 2562 61
1196 2522 1241 2562 di
1264 2522 1461 2562 costumi
1490 2521 1632 2561 buoni
1661 2521 1816 2572 pieno.

178 2595 230 2635 L'
256 2596 375 2635 altro
398 2599 422 2634 e
443 2595 652 2645 italianO,
675 2605 878 2645 persona
899 2593 944 2633 di
965 2593 1174 2644 singolar
1195 2592 1447 2644 simplicita
1467 2598 1510 2632 et
1539 2592 1742 2632 candore
1760 2603 1767 2641 3
1793 2595 1819 2631 e

181 2665 330 2706 anche
352 2671 602 2716 utcumque
622 2670 811 2704 versato
842 2665 947 2704 nell'
980 2664 1238 2704 humanita.
1270 2664 1358 2703 Per
1384 2663 1415 2702 il
1443 2663 1527 2703 che
1554 2663 1594 2702 si
1622 2666 1713 2714 puo
1742 2674 1817 2701 co-

177 2748 408 2788 gnoscere
436 2737 467 2776 il
500 2736 625 2776 buon
655 2735 772 2776 odor
807 2735 892 2775 che
914 2735 1068 2774 danno
1095 2734 1126 2774 11
1153 2734 1324 2774 fratelli
1351 2733 1397 2773 di
1427 2745 1490 2774 se.
1521 2733 1696 2774 Faccia
1723 2733 1819 2773 idio

176 2806 231 2848 N.
266 2807 310 2848 S.
337 2807 422 2847 che
455 2807 588 2847 siano
617 2806 756 2858 quelli
783 2806 906 2846 fideli
935 2805 1102 2845 coltori
1133 2805 1177 2844 di
1208 2811 1370 2856 questa
1400 2817 1484 2844 sua
1513 2805 1658 2856 vigna
1686 2816 1820 2856 peru-

178 2878 296 2929 sina,
319 2879 363 2918 13
386 2879 522 2929 quale
542 2881 566 2917 6
586 2877 726 2929 piena
746 2876 802 2916 de
823 2876 954 2928 spine
975 2881 1020 2915 61
1040 2875 1196 2915 triboli
1217 2881 1260 2915 et
1282 2875 1417 2927 quasi
1434 2875 1732 2915 abandonata
1755 2875 1815 2914 da

177 2949 297 2989 tutti.
322 2947 513 2989 Grande
534 2951 559 2988 6
579 2948 657 2999 qui
677 2948 721 2988 13
742 2959 882 2997 111656,
907 2957 982 2986 1113
1003 2946 1142 2997 pochi
1163 2947 1224 2996 gl'
1250 2947 1467 2997 operarii.

235 3110 242 3129 ¹
284 3109 537 3144 Autographae
553 3108 587 3136 in
602 3108 682 3136 folio
698 3108 831 3142 duplici,
846 3116 876 3135 n.
889 3108 933 3135 49.
