2168 3437
341 215 395 252 04
861 213 1091 250 LITTERAE
1118 222 1478 256 QUADRIMESTRES

345 323 450 352 mus
489 311 658 363 quippe
692 317 761 351 est
796 311 1010 351 omnibus
1046 321 1095 350 se
1129 309 1177 349 in
1212 309 1425 350 omnibus
1465 311 1709 362 impartire
1743 312 1988 364 nullosque

340 388 575 434 gravatur
600 382 784 423 labores
811 382 965 421 subire
995 392 1078 433 pro
1110 381 1433 421 amantissimo
1461 381 1563 422 Iesu
1591 383 1799 434 nomine;
1830 394 1986 435 saepe-

343 465 539 494 numero
570 454 703 494 doleo
740 460 836 494 tam
862 464 1021 504 gnavo
1051 453 1268 504 operario
1297 464 1390 492 non
1420 452 1786 494 abundantiores
1809 466 1987 495 messes

340 524 493 565 offeri.
517 524 859 576 Supplicandus
882 530 1037 564 autem
1057 524 1191 564 nobis
1212 523 1367 575 potius
1397 523 1472 564 ille
1502 524 1757 565 seminator
1785 536 1984 577 evange-

343 596 461 636 licus
482 602 532 636 ut
553 602 597 636 et
623 596 745 635 hunc
777 606 945 646 agrum
970 601 1183 635 nostrum
1212 594 1277 635 ita
1310 594 1548 646 subigere,
1582 596 1756 636 sarrire
1787 608 1841 636 ac
1873 602 1985 637 ster-

339 679 510 707 corare
541 666 758 718 dignetur
778 674 828 707 ut
851 673 987 718 aptus
1008 666 1067 706 sit
1088 666 1266 706 semina
1286 677 1370 706 suo
1392 667 1573 717 gremio
1584 668 1865 719 suscipere,
1889 679 1984 708 sus-

340 744 480 790 cepta
497 739 652 778 calore
670 749 755 778 suo
773 737 1040 788 confovere,
1060 743 1108 778 ut
1140 738 1340 787 demum,
1371 737 1568 789 firmiter
1590 738 1708 778 actis
1728 739 1984 791 radicibus,

341 810 492 849 laetas
513 816 651 860 atque
671 809 837 849 uberes
859 815 1057 860 segetes,
1082 808 1245 848 eodem
1267 809 1609 848 incrementum
1630 809 1794 860 dante,
1818 810 1986 861 produ-

337 885 435 920 cat.
467 879 600 920 Nunc
634 886 790 920 autem
823 880 1050 931 gravibus
1079 880 1326 920 distinetur
1357 880 1579 931 negotiis;
1612 880 1832 921 sollicitat
1863 882 1987 921 enim

342 950 469 1003 apud
494 950 953 991 Reverendissimum
984 951 1270 1002 Episcopum
1300 950 1627 991 Coloniensem
1659 950 1668 969 ¹
1695 957 1744 991 ut
1775 957 1986 992 nostram

338 1021 628 1063 Societatem
649 1023 696 1062 in
716 1024 909 1062 tutelam
931 1034 1064 1062 suam
1086 1022 1330 1074 suscipiat,
1364 1022 1723 1074 libertatemque
1756 1024 1986 1064 concedat

344 1094 486 1134 libere
508 1106 593 1134 sua
614 1094 804 1145 negotia
827 1093 1122 1145 insequendi3
1147 1099 1191 1133 et
1211 1094 1304 1133 iam
1325 1094 1447 1133 bona
1469 1093 1665 1144 affulget
1686 1105 1808 1146 spes.

423 1165 557 1206 Nunc
592 1171 749 1205 autem
776 1165 874 1216 ipse
903 1165 1017 1204 ordo
1044 1165 1282 1216 postulare
1312 1165 1497 1204 videtur
1525 1171 1574 1204 ut
1606 1165 1662 1204 de
1699 1164 1865 1205 studiis
1896 1165 1985 1206 fra-

345 1243 467 1276 trum
493 1236 705 1276 nonnihil
739 1237 955 1287 attingat.
987 1235 1230 1287 Quomodo
1262 1242 1417 1275 autem
1444 1248 1545 1276 sese
1573 1243 1733 1276 nostra
1766 1237 1983 1288 habeant,

344 1307 520 1347 ultimis
536 1307 703 1347 litteris
719 1307 834 1347 satis
859 1306 989 1346 Tuae
1011 1305 1288 1346 paternitati
1305 1307 1523 1358 explicui;
1549 1319 1694 1359 quare
1712 1319 1834 1347 nunc
1852 1320 1983 1359 prae-

342 1379 484 1419 terire
524 1378 679 1418 statui.
729 1378 957 1429 Magister
996 1377 1194 1417 Ioannes
1225 1376 1365 1427 Ried,
1403 1378 1706 1427 coloniensis,
1746 1379 1985 1430 antiquam

345 1462 437 1490 non
459 1449 767 1490 commutavit
795 1449 1156 1499 habitationem,
1182 1455 1232 1488 ut
1251 1449 1390 1489 latius
1413 1449 1465 1488 T.
1488 1449 1541 1489 R.
1566 1461 1624 1489 ex
1650 1450 1797 1501 ipsius
1818 1450 1984 1490 litteris

343 1521 506 1561 discet.
544 1520 660 1561 Illud
688 1527 844 1561 tamen
872 1520 1062 1560 minime
1089 1520 1272 1559 silentio
1308 1520 1645 1560 involvendum
1679 1521 1829 1560 sentio
1861 1521 1985 1572 quod

341 1593 488 1644 ipsius
523 1592 745 1641 infantes,
779 1604 895 1643 quos
924 1602 1106 1631 summa
1134 1590 1412 1631 dexteritate
1439 1597 1484 1631 et
1510 1591 1725 1642 vigilanti
1755 1592 1983 1632 industria

341 1664 389 1704 in
410 1664 559 1704 Bursa
585 1675 708 1703 nova
736 1662 749 1681 ‘²
779 1662 966 1703 Christo
1005 1662 1108 1702 Iesu
1139 1662 1360 1713 parturit,
1392 1662 1486 1702 iam
1513 1663 1655 1703 etiam
1691 1662 1741 1703 P.
1782 1663 1983 1703 Leonar-

343 1735 453 1775 dum
473 1734 704 1775 accedunt
726 1734 936 1775 crebrius
958 1733 999 1773 ei
1020 1733 1304 1784 confessuri,
1337 1733 1456 1773 inter
1484 1745 1600 1785 quos
1631 1734 1821 1785 quidam
1849 1740 1984 1775 stern-

341 1812 465 1847 mate
485 1807 653 1846 nobilis
675 1818 730 1846 ac
751 1811 948 1845 naturae
970 1804 1154 1844 dotibus
1175 1804 1388 1855 nobilior,
1412 1805 1491 1856 qui
1511 1805 1685 1845 bonam
1702 1817 1832 1857 spem
1852 1805 1981 1846 Patri

340 1878 397 1918 de
418 1889 467 1918 se
489 1877 727 1918 excitavit.
751 1876 1043 1917 Adolescens
1064 1876 1139 1916 ille
1162 1875 1242 1926 (de
1264 1887 1354 1926 quo
1385 1876 1432 1915 in
1460 1877 1779 1927 superioribus
1809 1877 1976 1917 litteris

341 1949 389 1989 P.
419 1949 694 1990 Leonardus
725 1948 1008 1988 mentionem
1034 1946 1186 1998 fecit),
1217 1947 1315 1999 qui,
1345 1947 1479 1987 nobis
1508 1948 1696 1988 minime
1729 1948 1979 2000 spectanti-

336 2022 445 2070 bus,
469 2020 768 2072 gratissimus
792 2026 949 2059 tamen
970 2024 1015 2058 et
1036 2018 1390 2070 acceptissimus
1424 2030 1526 2058 sese
1556 2019 1647 2059 huc
1675 2019 1734 2059 ad
1762 2031 1846 2059 nos
1877 2032 1979 2060 con-

340 2094 538 2142 tulerat,
582 2092 779 2131 feliciter
818 2090 1056 2130 exercitiis
1104 2089 1415 2140 colophonem
1460 2090 1708 2141 imposuit,
1757 2096 1979 2142 tantoque

334 2163 483 2203 animi
504 2163 710 2211 fervore,
735 2162 870 2202 nobis
892 2161 1075 2211 insciiS‚
1109 2173 1157 2200 se
1186 2167 1335 2200 totum
1365 2160 1466 2201 Deo
1495 2161 1658 2201 obtulit
1686 2162 1733 2201 in
1763 2162 1980 2202 holocau-

341 2242 464 2275 stum
498 2234 766 2275 suavissimi
796 2233 972 2283 odoris,
1002 2239 1051 2272 ut
1079 2231 1228 2272 omnis
1256 2232 1321 2272 illi
1356 2244 1487 2272 mora
1515 2233 1656 2283 longa
1683 2233 1787 2273 visa
1822 2234 1978 2284 suerit,

342 2317 428 2346 nec
462 2305 675 2345 flammas
705 2310 892 2344 urentes
919 2303 1041 2343 ferre
1067 2303 1283 2354 potuerit.
1319 2303 1370 2342 In
1404 2303 1554 2354 prima
1584 2303 1878 2344 hebdomada
1912 2305 2007 2350 sic,

342 2377 458 2418 satis
479 2387 703 2428 magnam
725 2377 793 2424 (ut
822 2369 1086 2426 speramusl
1120 2374 1281 2414 habuit
1309 2374 1663 2425 contritionem,
1700 2376 1824 2427 quod
1852 2381 1897 2416 et
1919 2377 1980 2416 la-

335 2460 534 2500 crymae
556 2446 788 2487 interdum
807 2446 938 2485 fusae
960 2445 1266 2485 testabantur.
1301 2444 1436 2484 Nunc
1466 2445 1623 2485 animo
1654 2446 1906 2497 tranquillo
1938 2453 1980 2487 et

344 2519 517 2571 optimo
545 2525 613 2559 est
648 2528 915 2569 magnaque
950 2516 1193 2556 alacritate
1231 2516 1413 2555 culinae
1449 2527 1524 2555 res
1558 2524 1805 2568 procurat,
1843 2529 1979 2569 quem

342 2590 390 2630 P.
430 2590 703 2631 Leonardus
743 2595 983 2639 tamquam
1022 2587 1221 2627 sollicita
1255 2586 1415 2626 nutrix
1456 2587 1742 2628 ablactatum
1777 2600 1804 2628 a
1839 2590 1974 2638 lacte,

342 2661 669 2702 enutriendum
691 2667 798 2700 tuae
819 2665 1044 2711 paternae
1065 2669 1206 2697 curae
1228 2657 1380 2697 offert.
1414 2657 1496 2698 Est
1526 2659 1708 2699 iuvenis
1738 2659 1887 2699 bonae
1915 2660 1978 2699 in-

343 2734 475 2784 dolis,
504 2733 621 2773 bene
649 2737 866 2772 versatus
892 2731 939 2770 in
960 2730 1127 2770 litteris
1148 2729 1335 2780 graecis
1356 2735 1400 2769 et
1422 2730 1649 2780 politioris
1670 2731 1976 2770 litteraturae.

341 2804 542 2845 Lovanii
565 2814 757 2854 operam
778 2802 973 2842 navavit
999 2800 1227 2851 Logicae,
1258 2800 1350 2840 iam
1381 2800 1473 2840 iam
1504 2800 1563 2840 ad
1592 2800 1845 2852 Physicam
1875 2790 1979 2852 gra-

335 2876 451 2916 dum
472 2875 701 2923 facturus3
725 2885 869 2925 quare
891 2879 936 2913 et
956 2873 1031 2912 hic
1053 2871 1177 2923 apud
1198 2883 1282 2911 nos
1305 2871 1344 2911 ei
1367 2871 1540 2919 studet,
1566 2883 1800 2924 unamque
1821 2873 1976 2913 lectio-

397 2990 406 3008 1
447 2988 624 3022 Adolphus
639 2995 705 3014 von
718 2986 973 3020 Schauenburg,
991 2985 1199 3013 Coloniensis
1212 2983 1509 3018 Archiepiscopus.

397 3037 410 3056 ‘2
447 3036 534 3063 Vide
550 3035 802 3068 Rmvrssmffinc„
821 3034 983 3060 Historia
1000 3033 1071 3060 Soc.
1086 3032 1159 3067 ses.
1176 3033 1222 3060 ad
1241 3032 1402 3059 Rhenum
1420 3032 1643 3067 inferiorem,
1658 3032 1713 3060 lib.
1731 3038 1780 3065 111,
1797 3039 1871 3066 cap.
1892 3039 1914 3060 ῐ,
