2168 3437
944 192 1025 229 ΑΝ.
1057 190 1150 228 1553
1789 187 1855 224 431

225 298 371 332 stram
392 291 583 330 domum
607 287 632 340 ¹,
655 295 841 329 vetusta
861 289 979 341 pelle
996 277 1208 328 detracta
1234 286 1462 337 novisque
1492 284 1700 324 moribus
1730 283 1858 323 indu·

226 368 300 402 tus
321 361 543 412 (Aeterno
564 360 703 401 Patre
723 360 975 400 multorum
994 358 1118 399 votis
1140 356 1404 406 annuente),
1437 355 1586 396 sacris
1617 354 1861 395 ordinibus

228 432 452 483 initiatus,
476 431 594 472 miro
615 442 729 482 erga
750 430 904 470 Deum
925 429 1097 470 affectu
1119 435 1164 469 et
1187 439 1367 476 amore,
1400 426 1603 478 primum
1623 425 1748 477 apud
1774 436 1862 465 nos

225 503 335 543 fecit
356 514 558 543 sacrum.
583 502 795 553 Hincque
816 513 866 541 se
887 501 987 552 ipso
1008 499 1305 551 antiquisque
1327 498 1534 539 moribus
1555 496 1711 537 taedio
1732 496 1859 536 habi-

226 574 301 625 tiS,
326 574 567 614 accinctus
588 579 744 613 tamen
766 572 939 613 Christi
959 571 1060 611 Iesu
1092 570 1339 621 auspiciis,
1370 569 1430 609 ad
1457 568 1617 608 infima
1649 578 1863 619 quaeque

224 645 432 685 studiose
464 643 812 696 amplectenda,
849 642 1114 693 mundoque
1147 641 1255 680 totis
1283 640 1461 680 viribus
1493 638 1857 688 adversandum,

225 716 284 756 ab
312 728 366 756 eo
396 715 541 756 veluti
574 714 743 754 iniuria
770 713 1031 762 lacessitUS,
1061 717 1338 763 perpetuum
1365 711 1407 750 ei
1434 710 1644 750 indicens
1671 710 1858 759 bellum,

226 786 414 827 domum
457 797 590 825 suam
632 796 851 825 reversus
887 791 971 823 est.
1014 782 1105 823 Ubi
1140 788 1272 822 tanta
1304 782 1552 821 honestate
1586 791 1862 830 morumque

227 857 459 909 probitate
480 856 622 908 degit,
646 862 696 896 ut
717 867 878 895 omnes
900 854 999 895 noti
1020 860 1064 894 et
1085 853 1225 893 amici
1246 853 1293 892 in
1314 852 1569 892 maximam
1596 851 1862 891 admiratio-

223 940 331 968 nem
348 928 656 978 adducantur,
677 926 892 966 videntes
912 937 1018 966 cum
1040 924 1177 965 unico
1204 923 1378 963 famulo
1399 923 1705 972 incedentem,
1725 933 1864 973 quem

224 1005 362 1039 antea
397 998 528 1038 multi
567 997 921 1037 admirabantur
959 1001 1003 1036 et
1042 1006 1271 1047 equorum
1312 993 1508 1045 strepitu
1546 999 1590 1033 et
1624 993 1863 1033 hominum

227 1081 398 1121 magno
419 1069 638 1110 satellitio
661 1069 900 1120 stipatum.

303 1141 366 1182 At
395 1146 528 1192 pater
550 1140 860 1191 omnipotens,
884 1150 975 1190 qua
997 1138 1114 1178 solet
1135 1136 1438 1187 benignitate,
1463 1135 1589 1175 aliud
1610 1135 1782 1174 bonum
1804 1146 1864 1174 ex

224 1213 315 1253 alio
336 1212 558 1252 hauriens
582 1211 720 1261 bono,
751 1210 984 1251 Abbatem
1004 1208 1330 1260 Mefflymnae,
1355 1207 1433 1259 qui
1460 1212 1599 1246 antea
1626 1205 1735 1245 totis
1755 1205 1862 1245 viri-

224 1283 310 1324 bus
336 1282 560 1324 Societati
587 1281 927 1322 adversabatur
955 1279 1203 1331 (ignorans
1230 1284 1388 1318 tamen
1415 1276 1662 1318 Societatis
1689 1276 1863 1328 placita

225 1366 279 1395 ac
300 1353 550 1404 instituta),
574 1353 721 1393 movit
748 1358 798 1392 ut
826 1358 1038 1392 nostram
1064 1351 1339 1401 dignaretur
1366 1348 1379 1367 ²
1403 1347 1532 1388 adire
1559 1348 1748 1388 domum
1782 1358 1862 1386 no-

224 1432 413 1477 stroque
434 1425 481 1465 in
502 1425 676 1464 sacello
698 1423 768 1463 bis
790 1434 952 1463 sacros
973 1422 1211 1462 celebrare
1234 1420 1438 1461 ordines.
1463 1419 1640 1470 Quibus
1660 1418 1864 1458 nobilem

223 1497 352 1537 illum
368 1496 570 1536 initiavit
589 1495 754 1535 virum.
769 1494 827 1534 Et
843 1493 1055 1545 pristina,
1075 1504 1215 1545 quam
1239 1492 1294 1532 de
1311 1491 1545 1532 Societate
1563 1495 1860 1541 conceperat,

225 1568 442 1620 opinione
483 1566 716 1619 deposita,
753 1565 1163 1616 refragationeque
1198 1564 1246 1604 in
1280 1564 1496 1604 favorem
1530 1573 1776 1612 conversa,
1815 1573 1864 1601 se

224 1640 380 1680 multis
406 1639 563 1679 verbis
585 1643 854 1689 promptum
881 1642 1019 1688 atque
1036 1641 1255 1688 paratum
1276 1634 1336 1675 ad
1364 1646 1419 1674 ea
1441 1634 1611 1681 omnia,
1644 1644 1763 1684 quae
1784 1644 1861 1672 no-

224 1716 371 1751 stram
393 1710 628 1761 respicere
648 1708 897 1749 utilitatem
916 1707 1203 1757 viderentur,
1228 1705 1458 1757 praebuit.
1487 1704 1538 1745 Id
1559 1704 1693 1744 nobis
1722 1704 1864 1744 admi-

223 1781 435 1822 rantibus
457 1780 649 1832 Deoque
671 1791 754 1831 pro
777 1779 873 1819 suis
894 1778 1114 1830 operibus
1135 1777 1320 1829 gratias
1341 1776 1605 1827 agentibus.

301 1852 460 1893 Tertio
478 1851 699 1892 calendas
715 1851 815 1891 Iulii
831 1861 922 1901 quo
940 1849 1012 1889 die
1033 1849 1205 1889 festum
1221 1847 1277 1888 D.
1304 1847 1430 1888 Petri
1448 1847 1728 1897 celebratur,
1749 1846 1864 1886 situs

225 1924 411 1976 quidem
432 1921 744 1975 praegrandis
765 1933 822 1961 ac
843 1921 1080 1972 spatiosus
1102 1919 1174 1970 (de
1196 1930 1288 1971 quo
1310 1919 1404 1958 iam
1425 1918 1485 1958 ad
1506 1918 1554 1958 P.
1579 1918 1632 1958 T.
1667 1918 1864 1969 scripse-

225 1995 423 2046 ramus),
460 1994 670 2045 Collegio
707 1992 995 2033 aedificando
1031 1991 1146 2031 satis
1177 1990 1388 2040 idoneus,
1421 1995 1520 2029 tum
1549 1995 1738 2041 propter
1771 1990 1861 2029 loci

224 2066 532 2118 aptitudinem
552 2064 708 2105 domui
729 2063 996 2115 erigendae,
1021 2069 1121 2103 tum
1144 2062 1287 2102 etiam
1308 2067 1502 2113 propter
1524 2061 1863 2111 salubritatem,

221 2144 266 2178 et
300 2137 653 2189 amplitudinem
683 2136 743 2176 ad
769 2134 1053 2186 degendum,
1088 2133 1223 2174 nobis
1258 2132 1457 2173 traditus
1488 2132 1594 2182 fuit,
1629 2132 1730 2172 Deo
1754 2132 1867 2171 mul·

226 2214 382 2249 torum
415 2207 632 2260 precibus
672 2212 919 2247 annuente.
948 2204 1261 2257 Sequentique
1293 2204 1387 2254 die,
1427 2203 1539 2243 Divi
1579 2203 1709 2243 Pauli
1743 2213 1868 2242 com-

226 2279 561 2320 memoratione
588 2278 760 2326 dicato,
797 2277 938 2317 situm
968 2288 1023 2316 ac
1059 2276 1249 2316 domum
1287 2275 1541 2327 quamdam
1576 2274 1687 2314 inibi
1723 2274 1864 2314 sitam

224 2349 480 2391 intromissi
507 2348 536 2400 ⁵,
573 2360 710 2389 sacro
732 2348 903 2389 ibidem
925 2348 1174 2397 celebratO,
1200 2346 1547 2398 possessionem
1577 2345 1861 2396 accepimus.

225 2421 404 2463 Eodem
419 2426 628 2472 tempore
649 2414 1022 2472 sapientissimus
1044 2417 1250 2458 omnium
1266 2429 1425 2458 rerum
1442 2416 1612 2469 opifex,
1638 2417 1716 2468 qui
1738 2416 1866 2456 illum

228 2493 368 2534 situm
389 2492 477 2533 sibi
497 2492 750 2543 delegerat,
775 2491 966 2542 cupiens
983 2489 1140 2530 domui
1161 2501 1274 2529 suae
1296 2489 1560 2541 providere,
1585 2499 1780 2538 eamque
1797 2498 1868 2527 su-

228 2576 311 2616 per
331 2563 496 2614 solida,
522 2563 689 2615 quibus
709 2562 938 2602 tutissime
959 2561 1158 2611 fulciret,
1182 2559 1491 2600 fundamenta
1515 2558 1784 2608 aedificare,
1808 2558 1869 2598 ad

228 2647 314 2676 nos
334 2635 458 2675 misit
478 2634 528 2674 P.
551 2633 854 2674 Franciscum
874 2632 929 2672 de
950 2632 1140 2683 Borgia,
1165 2631 1402 2683 quondam
1423 2630 1635 2671 Gandiae
1664 2629 1864 2681 Ducem,

229 2718 336 2746 cum
353 2706 403 2746 P.
427 2705 635 2746 Antonio
652 2704 708 2744 de
725 2703 957 2744 Corduba.
982 2703 1071 2754 Qui
1086 2703 1284 2754 genibus
1301 2701 1538 2754 provoluti
1556 2700 1869 2752 precibusque

285 2868 295 2888 ¹
336 2868 479 2894 domum
495 2866 633 2901 scripsit
648 2869 742 2893 recte
757 2865 925 2892 Polaneus
939 2864 1012 2891 loco
1027 2864 1125 2891 verbi
1142 2863 1353 2891 Societatem
1364 2884 1373 2896 ,
1388 2862 1474 2897 quod
1490 2862 1676 2896 scripserat
1692 2861 1867 2889 Ramirez.

286 2916 300 2935 2
338 2915 454 2942 vellet.
471 2914 651 2942 Polancus.

285 2963 299 2983 5
336 2963 402 2991 Ubi
417 2962 574 2990 Ramirez
589 2963 699 2988 situm
717 2968 756 2988 ac
771 2961 914 2987 domum
931 2960 1124 2994 quamdam
1141 2959 1232 2986 inibi
1247 2958 1356 2986 sitam
1373 2958 1584 2991 intromissi,
1599 2958 1736 2993 scripsit
1752 2957 1871 2985 Polan—

231 3019 291 3040 cus
307 3011 382 3046 ejus
399 3018 438 3038 ac
450 3010 575 3037 domus
586 3009 624 3036 in
637 3016 675 3036 eo
690 3009 794 3035 sitae.
