2168 3437
906 257 990 293 AN.
1021 254 1114 294 1553
1756 252 1827 289 395

192 353 524 394 ecclesiasticis
555 365 649 393 non
682 352 979 393 mediocriter
1013 352 1104 392 sint
1139 350 1449 392 admirationi.
1488 350 1563 390 Ad
1597 349 1715 388 haec
1750 348 1824 388 vir

194 423 401 476 quidam,
426 432 469 464 et
491 423 719 474 sanguine
738 422 814 475 [et]
838 434 981 463 censu
996 422 1258 473 multiplici,
1280 419 1491 472 [amicus]
1518 419 1526 438 ¹
1544 419 1707 470 Regis,
1729 419 1822 470 qui,

191 495 397 535 nitidiori
420 495 545 534 cultu
567 506 621 534 ac
641 495 884 545 prophano
905 495 1041 542 luxu,
1075 492 1265 544 reliquis
1288 492 1404 531 adeo
1434 491 1480 531 in
1509 490 1658 541 Regia
1688 489 1825 529 domo

194 566 525 617 praecellebat,
565 572 615 604 ut
656 565 818 604 varius
857 563 956 615 ejus
996 569 1213 613 ornatus,
1260 563 1406 603 vestis
1440 562 1641 602 discolor
1674 561 1823 601 multi—

195 637 302 686 plex
322 642 454 686 toga,
479 642 523 675 et
554 635 657 676 aliis
684 635 940 685 invidiosa,
974 640 1018 673 et
1047 633 1265 684 frequens
1296 632 1475 673 cunctis
1504 639 1626 672 esset
1653 632 1700 672 in
1730 643 1825 680 ore,

194 707 253 746 ab
275 708 375 758 ipsa
397 706 545 756 Regia
566 706 703 746 domo
725 706 784 745 ad
805 711 1018 745 nostrum
1047 705 1354 755 tuguriolum,
1379 710 1602 754 tanquam
1623 703 1682 742 ad
1709 703 1826 743 salu-

196 778 254 817 tis
277 788 389 817 suae
410 777 606 827 asylum,
631 776 900 827 pervolans,
923 774 1111 814 Patrem
1132 774 1366 814 Gonzalez
1388 772 1416 822 ²,
1440 774 1518 825 qui
1537 774 1670 813 nobis
1691 772 1829 813 modo

192 854 399 899 praeest,
423 847 657 887 convenit.
680 846 769 886 Hic
789 846 863 885 Vir
893 846 1110 897 insignis,
1139 845 1526 885 exercitationum
1557 856 1696 884 cursu
1726 856 1831 895 per-

192 925 314 966 actO,
338 919 405 958 sic
426 929 601 957 novum
621 917 881 967 hominem,
913 917 991 968 qui
1017 915 1273 956 secundum
1301 915 1539 956 Christum
1567 915 1728 968 Jesum
1758 921 1827 954 est

194 990 436 1039 formatus,
459 988 628 1038 induit,
652 995 703 1027 ut
728 994 924 1027 cunctos
945 987 993 1026 in
1014 986 1085 1026 sui
1106 986 1486 1036 admirationem,
1511 992 1554 1025 et
1575 985 1754 1025 nobiles
1785 992 1829 1024 et

191 1059 438 1111 religiosos
473 1070 705 1110 quosque,
742 1058 909 1098 merito
944 1057 1119 1109 rapiat3
1156 1057 1360 1108 propriis
1395 1056 1623 1107 siquidem
1654 1055 1828 1095 relictis

195 1131 370 1171 laribus
390 1130 684 1181 negotiisque
705 1141 798 1169 non
822 1134 1070 1180 utcumque
1091 1128 1313 1168 involutis
1334 1128 1469 1167 simul
1491 1133 1629 1177 atque
1660 1132 1829 1166 cuncta

194 1213 445 1242 numerosa
480 1201 636 1251 turba,
673 1200 720 1240 in
749 1211 840 1252 qua
876 1206 1015 1240 antea
1049 1199 1333 1250 praecellere
1370 1198 1574 1248 solebat,
1612 1197 1832 1249 quodam-

195 1273 333 1313 modo
372 1278 549 1324 spreta,
580 1272 627 1311 in
656 1277 887 1311 remotam
923 1276 1062 1322 atque
1093 1270 1211 1310 adeo
1240 1270 1450 1320 ignotam
1481 1267 1733 1320 quamdam
1765 1279 1831 1307 re-

193 1344 480 1396 giunculam‚
504 1349 553 1382 ut
574 1342 739 1382 melius
760 1342 861 1382 Deo
882 1353 1057 1381 vacare
1076 1347 1250 1392 posset,
1275 1339 1522 1380 concessit.

273 1414 498 1466 Quatuor‚
528 1414 599 1453 his
629 1413 792 1453 diebus
818 1413 1058 1464 proximis,
1090 1423 1192 1452 sese
1222 1418 1384 1451 nostro
1417 1409 1722 1451 contubernio
1753 1409 1826 1448 ad-

195 1486 452 1537 junxerunt
472 1496 480 1535 3
510 1490 605 1524 tres
626 1483 813 1535 quidem
834 1483 1040 1534 theologi
1063 1494 1117 1523 ac
1138 1493 1340 1533 magnae
1361 1479 1703 1532 expectationis
1724 1479 1828 1528 viri,

194 1564 389 1608 quartus
408 1567 522 1595 vero
544 1561 589 1594 et
609 1555 724 1594 bene
746 1555 913 1594 doctus
935 1561 978 1594 et
999 1560 1237 1605 spectatae
1258 1552 1426 1592 indolis
1449 1551 1722 1591 adolescens
1744 1557 1828 1590 est.

193 1628 263 1669 Sit
301 1627 516 1668 Christus
555 1625 691 1678 Jesus
732 1625 780 1665 in
818 1626 1036 1677 operibus
1082 1625 1178 1665 suis
1223 1624 1495 1664 benedictus
1538 1622 1585 1662 in
1626 1622 1830 1662 saecula.

194 1699 361 1739 Amen.

274 1770 403 1809 Haec
434 1780 604 1821 pauca,
639 1768 740 1809 Rde
762 1768 836 1818 Ρ.,
869 1779 928 1809 ex
957 1768 1046 1818 his,
1080 1778 1198 1818 quae
1230 1765 1457 1817 proximis
1490 1764 1563 1804 his
1598 1763 1834 1804 mensibus

196 1841 325 1881 Deus
353 1841 557 1892 optimus
584 1841 818 1881 maximus
847 1839 971 1892 apud
1001 1850 1087 1879 nos
1121 1838 1308 1889 operari
1338 1837 1559 1888 dignatus
1592 1840 1683 1885 est,
1714 1845 1832 1885 quae

193 1912 255 1952 ad
276 1917 320 1952 te
342 1912 596 1952 scriberem
618 1911 944 1951 occurrebant.
969 1910 1040 1950 Tu
1057 1921 1186 1960 vero,
1205 1908 1277 1949 P.1·
1300 1907 1551 1947 admodum
1581 1906 1830 1945 observan-

195 1984 268 2032 de,
292 1990 340 2023 ut
356 1989 460 2034 post
476 1983 566 2023 hac
584 1983 631 2022 in
647 1982 834 2033 negotio
852 1981 1025 2022 Christi
1042 1981 1186 2020 simus
1203 1979 1539 2030 diligentiores,
1559 1978 1606 2017 in
1623 1976 1713 2017 tuis
1730 1987 1829 2028 pre-

195 2055 328 2094 cibus
351 2065 435 2094 nos
457 2053 943 2094 commendatissimos
963 2052 1136 2092 habere
1158 2050 1443 2102 dignaberis.

276 2124 611 2175 salmanticae,
634 2124 658 2163 6
679 2123 783 2164 idus
803 2123 1089 2175 Septembris
1114 2122 1229 2162 1553.

254 2309 263 2328 ¹
305 2308 404 2335 Haud
415 2308 543 2342 percipi
556 2310 669 2347 potest
682 2306 761 2341 quid
772 2305 826 2333 hic
841 2306 1003 2339 seriptum
1018 2305 1073 2339 sit,
1087 2313 1129 2332 an
1142 2305 1331 2336 adventus,
1344 2311 1386 2331 an
1400 2304 1580 2334 advectus,
1594 2302 1755 2334 aduclztS,
1770 2305 1837 2328 etc.

253 2357 266 2374 Ξ
307 2356 342 2382 P.
358 2355 504 2389 Joannes
520 2355 703 2382 Gonzalez.
