2168 3437
285 242 357 279 402
798 238 1027 275 LITTERAE
1054 249 1411 281 QUADRIMESTRES

286 350 469 378 necnon
500 343 544 377 et
573 336 710 376 lectio
731 335 987 375 constituta
1014 340 1084 375 est
1113 336 1459 387 quaestionum,
1485 346 1621 386 quas,
1646 345 1785 375 casus
1815 347 1921 375 con-

243 398 247 403 *
287 409 509 449 scientiae
531 408 674 457 vulgo
693 407 996 458 appellamus.
1016 406 1067 446 In
1083 406 1171 446 hoc
1189 406 1450 446 studiorum
1467 406 1660 446 exordio
1679 405 1838 446 habita
1855 413 1925 446 est

289 479 452 527 oratio,
477 489 595 529 quae
617 478 706 529 ipsi
733 476 900 518 Card.li
921 478 1110 530 placuit.
1140 476 1451 517 Perseverant
1482 476 1646 516 eodem
1673 475 1836 516 ordine
1866 477 1926 516 le-

288 550 467 590 ctiones
489 549 695 589 maxima
717 549 983 589 auditorum
1002 549 1281 601 frequentia;
1305 559 1411 588 cum
1432 547 1555 587 enim
1582 547 1693 587 urbs
1715 547 1830 587 satis
1860 559 1929 587 es-

288 626 356 660 set
379 619 589 670 celebris,
613 626 946 672 praeceptores
967 619 1140 672 privati
1156 625 1263 659 sunt
1284 618 1455 659 sublati
1473 631 1499 658 a
1515 617 1683 658 Card.li
1704 630 1711 658 :
1733 617 1928 658 incredi—

287 691 390 730 bilis
412 698 571 731 autem
590 691 785 742 fructus,
810 698 909 732 tum
930 704 988 732 ex
1017 690 1322 731 concionibus
1351 695 1395 729 et
1426 690 1481 729 de
1511 689 1687 729 Christi
1715 689 1930 729 doctrina

286 763 498 813 lectione,
537 768 635 802 tum
671 763 812 803 etiam
850 775 907 803 ex
943 768 1350 803 sacramentorum
1380 760 1569 801 assidua
1596 760 1929 812 frequentatio-

286 845 359 883 ne,
384 834 546 885 oritur,
571 834 793 885 maxima,
817 846 910 875 non
932 836 1083 874 solum
1098 833 1257 884 Regis,
1286 844 1453 873 verum
1475 832 1615 872 etiam
1636 837 1931 872 caeterorum

289 905 510 956 omnium,
533 905 713 946 laetitia
736 912 781 946 et
802 906 1224 957 congratulatione.
1432 949 1434 951 ,

367 975 624 1016 Maximam
645 988 760 1016 vero
789 977 901 1017 illud
922 989 1016 1016 non
1044 977 1194 1016 solum
1221 975 1333 1016 Ptri.
1364 974 1569 1024 Natalis,
1593 985 1759 1014 verum
1790 974 1931 1013 etiam

287 1046 422 1086 nobis
435 1047 652 1087 omnibus
669 1047 716 1087 in
733 1047 936 1087 Domino
952 1047 1179 1087 laetitiam
1197 1046 1363 1096 attulit,
1389 1046 1513 1097 quod
1530 1045 1708 1085 scilicet
1724 1044 1798 1084 Pr.
1818 1044 1931 1084 Tor-

289 1130 378 1167 res,
417 1117 493 1158 Pr.
530 1118 835 1169 Franciscus,
879 1130 971 1159 una
1006 1130 1061 1158 ac
1096 1118 1251 1158 socius
1291 1117 1389 1158 eius
1428 1117 1785 1166 Bustamantus,
1825 1127 1932 1155 cum

288 1189 390 1229 Pre.
435 1189 725 1241 Hieronymo
764 1190 920 1230 Natali
961 1189 1284 1230 convenerint.
1326 1188 1466 1229 Pater
1510 1199 1713 1238 namque
1758 1187 1931 1227 Torres

288 1260 357 1311 p.⁰
392 1259 613 1311 Augusti,
647 1260 696 1300 P.
728 1273 842 1301 vero
870 1260 1154 1301 Franciscus
1182 1260 1345 1300 ultimo
1372 1258 1505 1299 affuit
1533 1259 1631 1309 die,
1661 1258 1741 1309 qui
1769 1269 1934 1297 omnes

289 1331 546 1372 maximum
568 1331 675 1372 huic
696 1344 854 1372 rerum
876 1331 1171 1372 innovationi
1187 1331 1412 1371 auxilium
1427 1330 1701 1382 praebue1·e;
1721 1340 1932 1380 praeser-

289 1403 371 1442 tim
393 1401 442 1442 P.
469 1403 775 1455 Franciscus,
807 1403 917 1443 olim
942 1403 1053 1443 Dux
1075 1402 1303 1454 Gandiae,
1327 1402 1404 1453 qui
1426 1407 1652 1453 quantam
1672 1412 1766 1440 non
1783 1401 1935 1440 solum

289 1473 422 1525 Regi,
448 1485 616 1514 verum
638 1475 777 1514 etiam
807 1475 931 1526 plebi
961 1474 1319 1514 admirationem
1349 1473 1579 1523 attulerit,
1613 1479 1933 1524 quantumque

291 1545 760 1585 misericordissimus
796 1544 947 1596 Deus,
979 1546 1079 1585 eius
1110 1545 1315 1585 adventu
1343 1543 1629 1585 Societatem
1663 1543 1931 1592 lusitanam,

291 1616 427 1666 quasi
448 1616 620 1656 lumine
638 1616 840 1667 quodam
858 1617 1117 1667 illustrarit,
1140 1616 1297 1656 verbis
1319 1615 1546 1667 explicari
1568 1615 1756 1654 minime
1778 1618 1931 1665 queat.

292 1686 498 1727 Contulit
515 1687 556 1726 ei
573 1687 782 1738 profecto
799 1687 1031 1728 Dominus
1048 1688 1216 1728 miram
1231 1687 1504 1727 humilitatis
1523 1686 1758 1736 virtutem,
1782 1685 1829 1724 in
1846 1684 1934 1736 spi-

296 1758 540 1798 ritualibus
568 1758 814 1810 colloquiis
841 1758 1126 1799 affluentiam
1156 1759 1412 1798 maximam
1444 1769 1500 1797 ac
1529 1757 1765 1809 peculiare
1796 1756 1936 1808 quod-

296 1830 403 1869 dam
432 1829 626 1880 donum,
656 1835 705 1869 ut
734 1831 929 1870 multum
965 1841 1127 1870 omnes
1158 1829 1371 1870 aedificet
1397 1834 1537 1880 atque
1571 1828 1617 1868 in
1647 1827 1820 1867 virtute
1850 1838 1936 1867 suo

295 1901 509 1952 exemplo
531 1900 823 1941 corroboret.
846 1901 1010 1941 Invisit
1030 1902 1224 1952 Regem,
1249 1901 1327 1952 qui
1347 1907 1529 1940 tanturn
1552 1900 1593 1939 ei
1614 1899 1841 1939 honorem
1863 1910 1939 1938 ex-

295 1971 457 2022 hibuit,
477 1977 527 2011 ut
545 1983 638 2011 non
656 1983 822 2023 parum
840 1973 970 2012 multi
988 1972 1205 2012 admirati
1221 1971 1408 2022 fuerint,
1430 1970 1554 2022 quod
1570 1977 1728 2010 tamen
1745 1969 1938 2009 sanctis-

296 2043 413 2082 simo
434 2043 538 2082 viro
562 2043 857 2083 intolerabile
879 2050 993 2083 erat.
1020 2042 1256 2084 Satisfecit
1272 2053 1560 2094 magnopere
1578 2041 1710 2092 Regi,
1730 2039 1941 2091 Reginae

295 2125 350 2153 ac
372 2113 686 2165 principibus,
711 2120 756 2154 et
777 2115 823 2154 in
845 2125 1067 2165 magnam
1089 2126 1169 2154 eos
1190 2114 1445 2154 commovit
1467 2113 1659 2164 spiritus
1680 2111 1939 2151 inflamma-

295 2186 484 2236 tionem,
509 2191 553 2225 et
581 2197 639 2225 ex
666 2186 920 2236 nonnullis,
952 2197 1069 2238 quas
1094 2185 1276 2235 habuit,
1307 2185 1505 2236 privatis
1535 2182 1938 2232 collocutionibus,

295 2257 529 2297 maximus
550 2257 597 2297 in
619 2257 768 2308 Regia
792 2258 897 2297 aula
918 2257 1099 2298 fructus
1121 2263 1190 2297 est
1211 2257 1501 2297 subsecutus:
1523 2255 1702 2306 Regina
1721 2265 1937 2305 namque,

295 2327 520 2379 principis
542 2339 676 2377 uxor,
701 2340 756 2368 ac
777 2328 981 2368 infantes
1004 2340 1087 2368 sua
1104 2334 1302 2379 peccata
1320 2327 1522 2367 confessi
1541 2332 1661 2366 sunt.
1680 2325 1791 2365 Illae
1807 2336 1937 2375 vero,

297 2410 417 2449 quae
450 2398 685 2450 Reginam
719 2399 1017 2448 comitantur,
1052 2399 1232 2439 nobiles
1267 2398 1498 2439 foeminae
1534 2403 1583 2437 ut
1611 2396 1699 2436 sibi
1726 2395 1941 2436 doctrina

296 2469 469 2509 Christi
490 2470 690 2520 singulis
711 2469 874 2510 diebus
894 2471 1245 2522 praelegeretur
1265 2470 1639 2521 postulaverunt;
1664 2467 1791 2519 quod
1807 2478 1941 2518 prae-

296 2546 421 2580 stare
443 2541 596 2592 coepit
617 2540 667 2581 Ρ.
691 2541 990 2590 Franciseus,
1011 2553 1134 2581 nunc
1154 2553 1267 2581 vero
1285 2553 1312 2580 a
1329 2541 1507 2581 duobus
1524 2539 1756 2589 Patribus,
1778 2544 1876 2578 tum
1894 2537 1943 2577 in

298 2611 520 2663 Reginae,
545 2618 646 2651 tum
666 2612 713 2652 in
733 2613 958 2664 principis
979 2613 1117 2653 domo
1138 2612 1200 2652 fit.
1219 2611 1465 2652 Nonnullis
1482 2610 1709 2650 exercitia
1726 2609 1940 2661 spiritua-

298 2682 359 2722 lia
378 2682 644 2732 traduntur3
671 2689 969 2723 sacramenta
989 2695 1104 2723 vero
1125 2683 1291 2723 crebro
1313 2682 1684 2734 frequentantur.

383 2752 502 2793 Cum
523 2758 681 2793 autem
702 2755 847 2794 semel
867 2753 916 2794 P.
941 2753 978 2793 F
982 2754 1226 2794 ranciscus
1248 2752 1502 2805 quamdam
1525 2765 1582 2792 ex
1610 2751 1842 2792 nobilibus
1872 2751 1948 2791 his

299 2823 516 2863 foeminis
551 2824 661 2864 ludo
698 2824 971 2865 chartarum
1005 2825 1213 2865 animum
1246 2830 1539 2864 recreantem
1567 2822 1860 2872 offendisset,
1896 2833 1948 2861 se

298 2895 346 2935 in
384 2894 561 2934 eisdem
599 2894 777 2935 chartis
811 2896 1034 2936 vitiorum
1067 2896 1386 2946 virtutumque
1424 2894 1586 2934 ludum
1621 2893 1947 2934 confecturum

300 2976 402 3005 esse
423 2964 563 3015 dixit,
595 2965 717 3016 quod
737 2967 864 3006 nullo
885 2966 1074 3018 negotio
1104 2965 1236 3007 fecit:
1271 2966 1318 3006 in
1349 2966 1548 3016 singulis
1580 2965 1736 3016 itaque
1768 2963 1949 3004 chartis

304 3035 377 3075 vel
397 3036 565 3075 vitium
587 3037 774 3089 scripsit
795 3037 871 3077 vel
891 3037 1134 3088 virtutem,
1160 3037 1388 3088 simulque
1409 3036 1607 3076 virtutes
1628 3035 1691 3075 ita
1713 3035 1761 3074 vi
1782 3034 1943 3075 distin-
