2168 3437
863 193 946 230 AN.
979 193 1070 231 1553
1744 190 1793 228 89

152 290 518 333 contemnendus
540 290 777 342 profectus
798 303 805 330 :
840 290 1068 342 siquidem
1089 289 1320 339 nonnulli,
1352 287 1429 339 qui
1450 287 1791 338 reprehenden-

152 363 257 403 dam
278 363 325 402 in
347 361 565 412 coniugio
588 373 643 401 ac
665 361 806 401 etiam
827 361 875 400 in
897 361 1100 401 divortio
1118 360 1268 400 vitam
1287 358 1536 409 ducebant,
1555 358 1602 397 in
1618 357 1791 397 bonum

153 440 324 475 statum
351 433 575 473 divinitus
602 432 850 472 instaurati
881 443 983 472 sese
1013 438 1310 482 receperunt.
1339 429 1436 470 Alii
1464 441 1490 469 a
1519 429 1792 469 concubinis

150 518 199 546 se
220 505 524 545 extricarunt.
547 502 692 544 Porro
715 503 931 544 mulieres
953 503 1186 554 quaedam
1213 514 1240 541 a
1268 500 1522 541 damnabili
1552 505 1678 540 statu
1708 511 1795 551 per

149 575 336 617 Domini
351 575 669 615 fortitudinem
686 580 990 625 emerserunt3
1010 574 1130 614 inter
1147 584 1263 624 quas
1280 573 1360 612 uni
1376 571 1629 624 praecipue
1650 571 1784 622 (quae

151 646 463 688 meretriciam
483 646 677 687 vivebat
697 645 863 696 vitam)
892 657 976 697 per
1000 645 1220 685 vitiorum
1250 644 1468 684 tenebras
1488 642 1700 693 vaganti,
1724 641 1795 681 sic

151 718 378 759 Dominus
399 717 564 768 illuxit,
596 724 645 757 ut
669 717 975 757 Vehementer
996 716 1168 756 malum
1194 714 1305 755 illud
1335 725 1504 765 perosa
1536 725 1591 753 ac
1619 713 1795 753 abomi-

151 795 277 840 nata,
300 789 442 828 nollet
472 800 680 840 unquam
707 787 798 828 nisi
825 788 885 827 ad
904 787 1018 828 illud
1043 785 1306 827 deflendum
1338 797 1450 825 suae
1472 785 1726 824 memoriae
1746 785 1794 824 in

152 866 390 913 posterum
411 859 582 900 offerri.

231 931 560 972 Confessiones
593 931 735 971 etiam
770 942 855 982 pro
893 929 1231 970 consuetudine
1264 928 1446 969 octavis
1474 933 1518 967 et
1545 927 1793 979 quintisde-

152 997 285 1038 cimis
306 997 565 1049 quibusque
593 997 757 1036 diebus
788 1008 1013 1047 magnum
1043 996 1383 1035 incrementum
1414 1000 1720 1044 susceperunt
1750 1001 1798 1033 et

151 1068 197 1108 in
218 1068 317 1108 dies
338 1068 648 1119 augebuntur.
674 1067 919 1108 Concedat
939 1067 1073 1107 nobis
1090 1066 1325 1106 Dominus
1341 1066 1529 1105 fervore
1551 1064 1799 1104 charitatis

150 1139 367 1179 inundari
388 1139 572 1189 iugiter.
598 1139 765 1179 Amen.

231 1209 426 1262 Insuper
448 1207 857 1250 xenodochiorum
883 1216 927 1250 et
947 1208 1267 1250 custodiarum
1289 1209 1515 1249 exercitia
1537 1221 1630 1248 non
1657 1208 1794 1247 inter—

151 1282 414 1332 mittuntur,
431 1281 637 1333 quinimo>
656 1281 792 1321 modo
809 1286 924 1321 nata
944 1282 1188 1320 voluntate
1205 1280 1540 1331 suscipiuntur,
1561 1286 1603 1319 et
1622 1289 1794 1329 cogno-

153 1354 297 1394 scitur
314 1364 611 1405 nequaquam
627 1353 760 1404 perdi
778 1364 971 1404 operam
987 1364 994 1403 3
1013 1352 1152 1403 idque
1171 1352 1286 1392 satis
1303 1352 1579 1401 intelligitur
1598 1364 1656 1391 ex
1673 1362 1793 1390 com-

150 1425 287 1465 modo
309 1425 433 1476 quod
454 1425 544 1465 illis
565 1425 757 1465 advenit
779 1424 1025 1464 animabus
1052 1424 1176 1463 haud
1205 1423 1408 1474 vulgari,
1441 1434 1552 1462 nam
1580 1422 1639 1462 ad
1667 1422 1794 1462 vitae

149 1497 413 1547 diriguntur
431 1496 821 1545 emendationem,
842 1502 886 1535 et
903 1496 1055 1536 morbi
1070 1495 1261 1545 donum,
1283 1495 1407 1546 quod
1424 1506 1451 1534 a
1469 1493 1672 1534 Domino
1690 1505 1795 1544 per-

150 1568 340 1620 cipiunt,
359 1575 498 1619 grata
520 1574 673 1608 mente
688 1569 1048 1620 amplectuntur.

227 1638 386 1691 Aliqui
407 1640 548 1679 etiam
569 1651 628 1679 ex
650 1639 824 1690 ignotis
844 1638 853 1657 ¹
872 1639 1140 1679 invisuntur
1157 1638 1284 1678 domi
1300 1649 1428 1687 suae,
1448 1637 1526 1688 qui
1544 1648 1646 1676 sese
1664 1632 1791 1676 com-

148 1710 384 1750 mittentes
415 1711 648 1750 voluntati
668 1710 880 1761 Domini,
914 1710 978 1749 nil
1000 1709 1126 1750 aliud
1148 1716 1365 1749 asserunt
1388 1720 1437 1748 se
1460 1708 1578 1747 velle
1601 1713 1793 1759 praeter

149 1780 301 1821 Patris
322 1782 472 1822 nostri
498 1781 511 1800 ‘²
532 1782 872 1833 praesentiam,
896 1787 945 1821 ut
962 1780 1080 1820 hora
1109 1779 1276 1820 mortis
1304 1779 1625 1819 consolatione
1654 1779 1711 1818 ab
1740 1790 1794 1818 eo

150 1859 344 1904 accepta
370 1852 700 1893 refocillentur.
726 1851 928 1903 Magnus
951 1853 1074 1892 enim
1101 1857 1171 1891 est
1202 1863 1349 1901 amor,
1374 1863 1465 1902 quo
1495 1850 1705 1901 diligitur
1734 1850 1795 1889 ab

156 1924 383 1964 omnibus.

230 1995 312 2035 Est
332 2001 578 2047 praeterea
599 1995 646 2035 in
663 1995 751 2036 hoc
769 1995 940 2047 oppido
958 1995 1270 2034 litteratorum
1288 1993 1335 2033 in
1353 1993 1566 2033 omnibus
1584 1993 1792 2032 scientiis

151 2067 334 2117 insigne
363 2067 611 2117 collegium
640 2065 667 2104 ⁵.
698 2066 871 2107 Rector
908 2078 963 2106 ac
995 2066 1072 2105 alii
1099 2065 1310 2106 nonnulli
1340 2065 1464 2104 domi
1498 2064 1793 2104 confitentur:

151 2150 209 2178 ex
248 2138 415 2190 quibus
450 2139 700 2189 theologus
741 2138 931 2189 quidam
968 2144 1240 2189 promotus,
1282 2136 1602 2187 superioribus
1633 2135 1796 2175 diebus

151 2209 378 2249 exercitia
405 2210 633 2261 poposcit,
665 2215 890 2261 expetens
921 2208 1097 2248 erudiri
1127 2208 1186 2248 ad
1215 2208 1454 2259 puriorem
1482 2206 1671 2247 Domini
1702 2207 1793 2246 cul-

150 2286 262 2320 tum.
287 2281 432 2321 Nobis
453 2287 609 2321 autem
631 2280 902 2321 domesticis
931 2279 1324 2331 occupationibus
1345 2278 1484 2318 valde
1509 2276 1797 2329 praepeditis

151 2358 195 2391 et
217 2358 382 2391 exorta
410 2351 563 2392 Patris
584 2351 854 2392 infirmitate
880 2363 974 2391 non
995 2356 1248 2402 potuerunt
1280 2350 1345 2389 illi
1373 2349 1595 2401 proponi;
1624 2348 1799 2388 missus

152 2428 309 2463 tamen
328 2423 413 2463 fuit
435 2423 494 2463 ad
514 2423 654 2463 aliam
675 2422 924 2463 Societatis
953 2423 1156 2473 domum,
1180 2429 1230 2461 ut
1258 2421 1481 2461 desiderii
1501 2430 1693 2470 compos
1720 2418 1793 2458 fie-

151 2501 236 2544 ret,
260 2493 352 2545 qui,
375 2493 578 2534 Domino
599 2494 818 2545 propitio,
843 2494 1037 2533 uberem
1058 2492 1316 2544 reportabit
1338 2492 1599 2531 utilitatem.

230 2564 443 2605 Invisunt
470 2565 612 2605 etiam
639 2565 761 2605 hanc
791 2565 980 2605 domum
1011 2564 1155 2616 aliqui
1182 2563 1415 2614 religiosi,
1457 2562 1534 2613 qui
1569 2561 1794 2602 exercitia

205 2724 214 2743 ¹
257 2723 323 2759 Sic3
340 2725 399 2752 sed
414 2724 547 2752 librarii
562 2724 721 2752 mendum
735 2728 788 2752 est
802 2732 863 2759 pro
879 2725 1048 2758 aegrotis,
1064 2729 1101 2751 ut
1120 2728 1218 2759 patet
1231 2732 1272 2750 ex
1288 2723 1406 2750 italica
1420 2722 1577 2750 versione
1593 2723 1682 2750 infra
1693 2723 1797 2757 subji-

158 2772 288 2800 cienda.

205 2819 219 2838 2
256 2819 293 2846 Ρ.
306 2819 454 2852 Joannes
470 2819 658 2854 Gonzalez,
675 2820 729 2854 qui
747 2820 894 2847 caeteris
909 2820 1106 2847 Vallisoleti
1122 2823 1297 2854 praeerat.

207 2867 220 2886 5
259 2866 448 2901 Collegium
463 2868 573 2902 majus
588 2868 630 2894 de
648 2867 758 2894 Scznta
775 2868 874 2895 Cruz.
892 2867 976 2895 “Los
992 2867 1186 2902 Colegiales
1201 2867 1442 2901 posesionados
1457 2866 1576 2893 fueron
1591 2865 1634 2892 20:
1651 2865 1690 2891 de
1708 2866 1798 2892 ellos

153 2914 219 2941 seis
234 2916 398 2949 teotogos,
414 2923 523 2943 nueve
540 2916 746 2950 canonistas,
770 2921 840 2943 tres
861 2916 1010 2943 medicos
1033 2924 1055 2951 y
1078 2916 1137 2943 dos
1153 2916 1378 2950 capellanes„
1394 2914 1556 2942 Historia
1577 2915 1619 2941 de
1635 2914 1690 2940 las
1714 2913 1796 2939 Uni-

154 2963 375 2995 versidades,
391 2963 577 2998 Colegzosy
590 2964 715 2991 demtis
730 2964 1055 2991 establecz‘mientos
1070 2964 1112 2990 de
1133 2963 1350 2990 Ensenanza
1368 2970 1410 2989 en
1425 2962 1584 2996 Espazm,
1599 2969 1660 2996 por
1677 2961 1717 2987 D.
1734 2959 1794 2988 Vr-

152 3016 258 3037 CENTE
273 3018 318 3037 DE
338 3018 382 3037 LA
396 3010 543 3046 Fufium,
559 3015 583 3039 t.
596 3018 631 3047 11,
646 3018 725 3046 pag.
740 3011 784 3039 22.
