2168 3437
840 242 906 279 AN
954 241 1044 278 1553
1684 240 1750 276 117

118 340 337 380 solationi
357 338 442 379 fuit
461 345 529 379 tot
550 338 713 379 diebus
736 338 893 379 videre
916 345 1074 389 patres
1103 338 1150 377 in
1181 336 1423 377 audiendis
1451 336 1749 376 confessioni-

117 412 202 450 bus
239 410 506 462 impeditos;
544 416 588 449 et
622 410 917 461 praeclarum
951 421 1063 449 suae
1100 408 1284 460 pietatis
1314 408 1579 459 exemplum
1609 407 1751 446 edidit

116 481 249 520 anus
277 481 476 521 Nuntius
505 481 826 532 ApostolicuS,
851 481 928 531 qui
956 492 1049 519 non
1069 481 1219 518 solum
1249 479 1307 518 ad
1328 478 1491 518 Patres
1512 477 1747 517 confessu-

120 563 200 591 rus
220 551 401 591 accedit
422 551 649 602 nobisque
672 552 879 602 impense
899 550 1049 599 favet,
1074 550 1155 589 sed
1183 550 1325 589 etiam
1354 555 1500 589 totam
1527 548 1661 588 iussit
1688 548 1750 587 fa-

122 623 313 672 miliam,
346 634 541 673 eamque
572 622 921 673 amplissimam,
953 632 1086 660 suam
1115 621 1173 660 ad
1194 607 1550 660 Sacramentum
1571 619 1748 668 altaris,

121 699 369 745 postquam
391 693 594 733 confessi
613 700 768 733 essent
789 692 913 732 domi
943 697 1147 741 nostrae,
1176 691 1415 741 accedere,
1440 702 1751 731 communem-

123 776 212 815 que
247 764 408 804 christi
437 763 652 805 Natalem
687 764 928 804 nobiscum
963 763 1213 802 celebrare.
1245 762 1424 812 Quibus
1454 768 1755 802 accesserunt

119 841 163 874 et
185 835 263 875 alii
284 835 563 887 complures,
589 841 638 875 ut
658 846 752 874 non
773 834 1022 874 mediocris
1039 838 1164 873 certe
1186 839 1283 873 tum
1305 833 1638 882 confitentium,
1657 839 1755 872 tum

119 907 567 946 communicantium
593 905 719 945 domi
748 913 938 945 nostrae
965 912 1009 944 et
1037 905 1145 944 alibi
1174 916 1280 944 cum
1308 904 1502 953 nostris,
1534 915 1756 943 numerus

116 977 340 1018 extiterit.

201 1048 462 1089 Omiseram
483 1059 623 1099 pene,
648 1047 771 1098 quod
799 1047 973 1087 dictum
1001 1046 1205 1098 oportuit
1234 1045 1290 1086 de
1319 1045 1646 1095 incarceratis,
1679 1045 1757 1095 qui

120 1131 227 1160 cum
254 1125 392 1159 antea
420 1118 628 1159 difficiles
654 1130 703 1158 se
730 1118 887 1168 nobis,
919 1124 963 1158 et
991 1130 1085 1157 non
1112 1117 1250 1157 modo
1281 1116 1449 1156 surdas
1480 1127 1641 1166 aures,
1676 1115 1757 1154 sed

120 1190 261 1231 etiam
280 1190 475 1230 rebelles
497 1190 676 1230 animos
698 1189 990 1240 praeberent,
1011 1194 1060 1228 ut
1081 1188 1220 1228 etiam
1242 1188 1358 1227 bene
1381 1193 1624 1227 monentes
1641 1186 1754 1226 deri-

120 1262 230 1302 dere
251 1268 295 1301 et
316 1267 614 1301 contemnere
635 1261 922 1310 viderentur,
952 1260 1114 1311 suique
1142 1260 1189 1299 in
1219 1258 1555 1299 murmurando
1582 1258 1757 1297 similes

120 1344 222 1373 esse
242 1339 507 1384 pergerent.
530 1343 653 1372 nunc
669 1332 872 1381 tandem,
892 1331 1036 1371 animi
1056 1331 1208 1382 posita
1226 1330 1469 1370 ferocitate
1490 1329 1568 1369 illa
1591 1337 1634 1368 et
1656 1340 1756 1380 per-

120 1403 323 1454 vicacia,
346 1415 432 1443 nos
452 1402 645 1443 audiunt
665 1409 710 1442 et
731 1408 890 1442 amant
911 1408 955 1442 et
977 1402 1134 1442 colunt
1162 1408 1211 1441 ut
1240 1401 1319 1452 qui
1344 1400 1563 1440 maxime.
1594 1399 1755 1451 Itaque

120 1474 180 1514 ad
199 1475 286 1514 hos
308 1473 620 1514 consolandos
640 1480 685 1513 et
706 1472 1052 1513 confirmandos
1072 1472 1340 1523 frequenter
1360 1471 1495 1521 imus,
1515 1470 1646 1510 festis
1666 1469 1757 1510 die-

119 1546 205 1585 bus
225 1545 537 1597 potissimum,
560 1545 734 1596 ibique,
756 1544 931 1584 nudato
954 1544 1106 1595 capite
1128 1550 1172 1583 et
1194 1548 1413 1594 porrecta
1435 1542 1654 1592 dextera,
1678 1553 1758 1581 no-

120 1622 241 1656 stros
267 1616 533 1656 humaniter
560 1615 718 1656 miseri
748 1615 1028 1666 suscipiunt,
1062 1620 1106 1654 et
1134 1614 1189 1654 de
1218 1615 1367 1654 salute
1398 1625 1483 1653 sua
1511 1620 1754 1653 monentes

116 1687 314 1727 libenter
334 1688 599 1727 auscultant
619 1692 982 1737 reverenterque
999 1685 1248 1725 dimittunt.
1268 1684 1410 1725 Novit
1427 1685 1514 1724 hoc
1533 1685 1749 1735 populus,

120 1764 164 1798 et
193 1758 361 1809 probat
390 1758 513 1798 hanc
540 1758 587 1798 in
617 1757 791 1797 nostris
819 1768 982 1797 curam
1008 1762 1147 1808 atque
1175 1756 1474 1806 charitatem,
1507 1755 1631 1806 quod
1660 1767 1757 1795 non

118 1830 269 1869 solum
289 1829 583 1869 consolemur
605 1828 802 1868 afflictos
823 1834 867 1868 et
888 1827 1140 1868 doceamus
1160 1828 1378 1878 ignaros,
1403 1827 1485 1866 sed
1515 1827 1655 1866 etiam
1673 1858 1680 1875 ,
1707 1833 1755 1866 ut

118 1911 357 1951 nunquam
377 1906 623 1940 senserunt
645 1905 797 1948 antea,
816 1899 1082 1950 frequentes
1103 1904 1147 1938 et
1167 1898 1348 1950 amplas
1369 1898 1459 1937 illis
1477 1897 1757 1948 colligamus

120 1977 165 2011 et
185 1977 485 2023 apportemus
507 1972 847 2022 eleemosynas.
866 1970 1093 2010 Effectum
1115 1976 1185 2010 est
1206 1970 1329 2009 enim
1351 1982 1378 2009 a
1400 1969 1587 2018 nostris,
1608 1975 1657 2008 ut
1679 1981 1757 2008 no-

121 2043 235 2083 biles
255 2042 444 2094 quidam
463 2042 511 2082 in
531 2042 809 2082 miserorum
830 2042 1027 2081 istorum
1047 2041 1252 2092 gratiam
1271 2041 1442 2080 multos
1463 2052 1632 2080 aureos
1650 2051 1756 2080 con-

123 2114 311 2154 tulerint
351 2113 614 2164 nostrisque
648 2112 860 2164 patribus
893 2112 1165 2164 reliquerint
1204 2111 1560 2162 dispensandos.
1600 2111 1757 2161 Quare

123 2190 279 2225 vestes
308 2190 351 2225 et
386 2185 568 2224 calceos
602 2190 647 2223 et
680 2183 863 2223 indusia
898 2183 1173 2235 praeparari
1207 2182 1499 2232 curavimus;
1537 2188 1675 2233 atque
1707 2188 1757 2221 ut

121 2256 261 2308 paulo
282 2256 479 2307 mollius,
502 2261 638 2295 nocte
660 2255 954 2307 praesertim,
977 2260 1310 2304 tractarentur,
1335 2254 1417 2294 sed
1439 2259 1483 2293 et
1504 2253 1757 2304 corporali-

122 2333 193 2366 ter
214 2326 463 2378 aliquando
484 2332 826 2376 recrearentur,
851 2325 1062 2366 dedimus
1084 2337 1289 2377 operam.
1314 2325 1475 2376 Itaque
1496 2325 1635 2374 longe
1656 2335 1758 2374 pro-

122 2397 245 2437 fecto
266 2408 390 2437 nunc
412 2396 503 2436 alia
525 2408 666 2447 quam
685 2397 814 2448 prius
834 2396 987 2436 forma
1008 2396 1215 2436 cernitur
1232 2396 1452 2445 carceris,
1472 2395 1519 2435 in
1536 2407 1626 2446 quo
1647 2406 1758 2434 non-

124 2469 275 2508 nullos
303 2468 443 2507 etiam
473 2467 759 2518 invenimus,
796 2467 870 2519 qui
900 2468 1219 2518 precationem
1248 2466 1528 2507 dominicam
1557 2477 1759 2505 omnem-

124 2551 212 2591 que
232 2538 457 2590 precandi
483 2538 732 2578 formulam
758 2538 1056 2589 ignorarent3
1088 2544 1132 2578 et
1161 2549 1324 2578 rursus
1351 2543 1506 2588 empta
1533 2543 1641 2577 sunt
1670 2536 1761 2576 illis

124 2621 208 2662 per
226 2615 415 2650 nostros
435 2609 632 2659 rosaria,
656 2609 732 2648 vel
754 2620 955 2649 coronae
980 2608 988 2627 ¹
1015 2609 1078 2659 (ut
1098 2608 1302 2659 vocant),
1322 2619 1441 2659 quae
1461 2619 1585 2647 nunc
1606 2607 1653 2646 in
1672 2618 1760 2647 usu

124 2680 355 2732 frequenti
375 2680 569 2730 habent,
592 2679 816 2731 nobisque
838 2685 1074 2720 ostentant
1102 2678 1464 2720 adventantibus
1490 2679 1618 2718 velut
1648 2689 1761 2717 suae

125 2752 312 2804 pietatis
332 2751 531 2802 insigne,
556 2762 647 2802 quo
668 2751 734 2790 illi
755 2750 881 2790 haud
903 2762 1071 2802 parurn
1091 2751 1367 2801 gloriantur.

205 2823 277 2863 De
304 2822 466 2863 schola
495 2822 593 2862 dixi
621 2821 794 2872 aliquid
823 2833 986 2873 supra,
1017 2822 1149 2862 cuius
1181 2820 1368 2872 quidem
1393 2819 1598 2859 fructum
1627 2820 1762 2859 nobis

127 2893 468 2945 amplissimum
489 2893 719 2944 permulta
739 2892 1031 2943 pollicentur,
1056 2892 1116 2942 si,
1141 2895 1354 2931 cessante
1370 2896 1552 2930 tantum
1571 2889 1661 2930 hac
1686 2902 1762 2941 pe-

186 3053 194 3071 ¹
234 3052 288 3079 vel
303 3059 451 3080 coronae
465 3052 620 3080 additum
635 3059 653 3078 a
670 3051 826 3079 Polanco.
