2168 3437
410 260 481 298 418
920 259 1147 296 LITTERAE
1174 270 1536 303 QUADRIMESTRES

407 359 671 409 exemplum
697 356 883 407 imitati,
907 356 986 396 alii
1006 356 1193 396 monitis
1213 356 1491 409 hortatuque
1512 359 1715 410 pellecti,
1739 360 1895 401 facere
1919 362 2043 403 idem

407 440 589 481 quoque
610 433 654 468 et
676 427 766 478 ipsi
798 427 997 466 student.
1022 427 1155 468 Unde
1177 427 1359 468 auctior
1385 428 1434 468 fit
1463 429 1783 471 confitentium
1809 437 1854 472 et
1882 432 1940 472 ad
1970 445 2045 474 sa-

407 510 536 539 cram
562 497 790 549 Synaxim
817 497 1139 538 accedentium
1168 510 1406 539 numerus.
1440 498 1547 551 Qui,
1580 500 1687 541 licet
1717 512 1862 554 usque
1895 501 1905 522 ¹
1936 515 2042 544 con—

406 569 611 610 sueverit
631 580 733 608 esse
754 579 975 619 magnus,
998 568 1127 609 hisce
1148 574 1306 609 tamen
1338 570 1520 621 diebus,
1551 571 1608 611 ob
1636 583 1913 614 concessum
1932 574 2040 615 huic

405 640 567 691 Regno
587 639 773 680 Siciliae
794 640 1065 691 iubilaeum,
1088 639 1175 680 fuit
1194 640 1333 692 longe
1355 642 1518 682 maior.
1542 642 1687 683 Immo
1710 648 1888 695 tantus,
1921 651 1971 685 ut
2000 646 2041 686 si

403 712 667 763 duplicatus
688 717 826 762 atque
848 711 965 751 adeo
986 711 1248 762 triplicatus
1268 711 1432 752 fuisset
1465 711 1860 755 confessariorum
1881 727 2040 756 nume-

402 794 501 832 rus,
526 788 685 822 tantae
716 781 998 822 multitudini
1024 781 1300 822 satisfacere
1332 794 1426 823 non
1456 784 1701 835 potuisset.
1740 785 1954 826 Confessi
1973 793 2038 827 ta—

400 864 506 893 men
526 853 658 893 multi
687 858 794 893 sunt
823 853 901 904 qui
928 853 1227 894 Dominicum
1255 853 1434 905 pariter
1462 866 1634 906 corpus
1663 866 1936 908 suscepere;
1961 858 2039 910 qui

400 935 561 964 omnes
586 924 723 975 plane
749 923 936 964 fuerunt
970 924 1227 975 octingenti
1252 924 1280 964 2.
1311 924 1424 965 Gra.
1460 925 1648 966 divinae
1675 926 1872 968 bonitati
1893 940 1920 968 a
1942 941 2034 980 qua

398 995 617 1047 quicquid
638 995 766 1046 boni,
790 995 1010 1047 quicquid
1031 996 1181 1036 sancti
1202 1002 1291 1046 est,
1316 997 1461 1036 veluti
1481 1009 1505 1036 e
1531 997 1643 1037 vivo
1667 997 1870 1049 quodam
1890 999 2036 1051 fonte„

397 1066 567 1117 iugiter
589 1066 648 1106 ad
668 1078 756 1106 nos
777 1072 1040 1118 promanat.

476 1137 533 1177 Et
568 1138 791 1189 quoniam
826 1138 881 1178 de
916 1138 1287 1179 confessionibus
1322 1139 1463 1180 modo
1499 1139 1698 1181 fecimus
1732 1141 2034 1193 mentionem,

394 1209 521 1249 haud
556 1209 639 1249 abs
671 1220 722 1249 re
757 1209 897 1249 credo
931 1209 1052 1261 fore,
1089 1210 1128 1249 si
1163 1210 1386 1250 nonnulla
1424 1211 1673 1252 subtexam
1708 1212 1886 1264 scriptu
1919 1224 2037 1253 sane

393 1280 604 1332 scituque
624 1292 718 1320 non
739 1280 954 1331 indigna,
985 1292 1104 1332 quae
1131 1281 1179 1321 in
1209 1281 1299 1322 illis
1325 1293 1409 1333 per
1440 1281 1621 1334 aliquos
1652 1283 1844 1324 Patrum
1875 1282 2031 1325 Domi·

391 1362 479 1391 nus
497 1352 684 1403 operari
705 1351 925 1403 dignatus
945 1357 1029 1392 est.
1052 1351 1244 1403 Aliquot
1265 1352 1389 1393 enim
1412 1352 1541 1393 fuere
1563 1354 1877 1406 poenitentes,
1903 1355 1981 1407 qui
2004 1367 2035 1395 a

391 1423 547 1463 multis
577 1423 712 1462 annis
740 1423 924 1463 animae
951 1434 1146 1474 prorsus
1175 1423 1376 1464 miserae
1401 1425 1580 1464 nullum
1609 1433 1873 1476 respectum
1900 1424 1914 1444 ⁵
1947 1426 2027 1466 ha-

389 1494 570 1545 bentes,
607 1494 807 1534 diversis
842 1494 1053 1545 peccatis
1084 1500 1223 1545 atque
1251 1493 1442 1545 flagitiis
1472 1495 1754 1536 serviebant.
1789 1496 1914 1537 Inter
1944 1497 2035 1538 hos

389 1571 545 1606 autem
567 1565 708 1617 aliqui
729 1577 756 1604 a
777 1564 956 1605 duobus
977 1565 1133 1615 annis,
1159 1577 1185 1605 a
1206 1565 1355 1606 tribus
1378 1566 1574 1618 aliquot,
1595 1572 1639 1606 et
1657 1579 1684 1607 a
1701 1573 1901 1618 quatuor
1922 1580 2029 1609 con-

387 1636 501 1677 fessi
525 1648 621 1677 non
650 1635 857 1676 fuerant:
887 1636 1076 1688 quidam
1107 1636 1248 1676 etiam
1279 1648 1305 1676 a
1339 1637 1559 1689 quinque.
1587 1637 1790 1678 Tantum
1815 1638 2028 1690 improba

386 1708 538 1759 potuit
566 1708 613 1748 in
640 1707 890 1760 quemdam
919 1707 1194 1758 indignatio.
1227 1707 1332 1748 Non
1361 1707 1506 1748 defuit
1527 1708 1604 1759 qui
1631 1720 1658 1748 a
1688 1720 1773 1749 sex
1804 1709 1940 1749 annis
1969 1709 2029 1750 ad

387 1768 743 1819 saluberrimum
765 1779 854 1819 hoc
888 1790 981 1819 non
1015 1784 1283 1819 accesserat
1315 1785 1678 1820 sacramentum.
1702 1780 1781 1831 Et,
1806 1781 1931 1832 quod
1958 1786 2030 1821 est

386 1851 695 1891 admiratione
729 1850 924 1901 dignum
959 1850 1185 1901 maxima,
1219 1851 1297 1902 qui
1331 1862 1382 1891 se
1416 1851 1682 1903 quindecim
1710 1851 1857 1892 ferme
1887 1852 2030 1893 annis

385 1923 682 1973 privaverat,
705 1933 826 1962 unus
848 1922 1049 1962 accessit
1070 1920 1098 1960 ⁴.
1123 1921 1213 1973 Qui
1234 1933 1421 1973 omnes,
1451 1921 1540 1962 Dei
1567 1923 1744 1974 gratia,
1772 1924 1921 1964 veteri
1948 1924 2026 1965 ho-

384 1994 507 2034 mine
530 1993 595 2044 (ut
615 1993 831 2045 Apostoli
863 1993 1022 2034 verbis
1051 1992 1173 2044 utar)
1204 1998 1371 2042 exuto,
1396 2005 1575 2033 novum
1603 1993 1817 2046 induere,
1849 1994 2022 2036 IHUm.

383 2064 620 2106 Christum
640 2064 669 2116 ⁵,
693 2065 767 2105 cui
789 2065 847 2105 sit
866 2065 968 2104 laus
995 2064 1146 2104 honor
1168 2069 1306 2116 atque
1333 2064 1507 2115 gloria,
1540 2065 1617 2116 qui
1646 2071 1716 2105 est
1747 2066 2027 2108 benedictus-

383 2138 430 2177 in
451 2137 642 2177 saecula
663 2136 808 2176 Deus.

461 2208 626 2249 Mulier
661 2207 917 2259 quaedam,
948 2218 1066 2259 quae
1093 2207 1220 2247 nulla
1254 2218 1304 2246 re
1339 2207 1491 2257 magis
1525 2207 1762 2258 gaudebat
1796 2220 1936 2260 quam
1973 2209 2020 2250 in

383 2291 585 2321 coenoso
611 2278 815 2319 libidinis
840 2279 947 2319 lacu
973 2278 1198 2328 volutari,
1223 2278 1359 2318 annis
1378 2277 1404 2317 8
1424 2278 1471 2317 in
1491 2277 1800 2319 fornicatione
1832 2280 2021 2321 vixerat

382 2351 634 2403 inquinate:
658 2361 823 2390 verum
842 2349 996 2390 Patris
1013 2349 1257 2389 cuiusdam
1273 2349 1363 2400 piis
1380 2349 1569 2389 monitis
1587 2355 1631 2389 et
1650 2361 1881 2401 supernae
1904 2351 2021 2391 lucis

382 2423 613 2463 illustrata
635 2421 901 2473 splendore,
923 2420 1177 2460 nefandum
1198 2420 1245 2460 in
1264 2431 1356 2471 quo
1374 2420 1583 2460 iacuerat
1600 2421 1778 2461 crimen
1794 2432 2021 2472 recogno-

382 2494 469 2545 vit,
506 2493 810 2545 agnitumque
844 2492 891 2532 in
926 2491 1221 2531 confessione
1252 2489 1266 2509 ⁰
1300 2491 1516 2542 promisit
1552 2491 1599 2531 in
1632 2497 1871 2543 posterum
1900 2494 2021 2533 velle

381 2571 561 2605 castam
582 2564 728 2605 vitam
752 2574 918 2614 agere;
943 2563 1024 2603 sed
1046 2568 1090 2615 et
1111 2562 1209 2614 ipse
1233 2573 1435 2614 quocum
1463 2568 1593 2602 tanto
1622 2568 1830 2614 tempore
1852 2564 2018 2604 mulier

381 2641 683 2687 peccaverat,
707 2646 813 2675 cum
832 2633 949 2674 tanti
969 2633 1158 2674 sceleris
1179 2633 1467 2674 conscientia
1486 2639 1800 2685 premeretur,
1825 2640 1870 2674 et
1891 2635 2017 2686 quie-

433 2797 443 2816 1
485 2798 565 2824 licet
580 2795 925 2831 semper.P01ancus.

431 2845 445 2864 2
483 2844 675 2877 octingenti
686 2843 770 2878 plus
786 2843 960 2869 minusve.
975 2841 1155 2869 Polaticus.

431 2892 444 2912 3
482 2892 611 2918 nullam
627 2892 814 2918 rationem.
830 2889 1009 2917 Polancus.

430 2941 445 2960 4
481 2939 575 2966 Haec
591 2939 714 2969 omnia.
729 2946 749 2965 a
764 2938 904 2965 vocibus
920 2937 1019 2964 Inter
1033 2936 1106 2968 1205,
1120 2936 1329 2963 cancellavit
1344 2935 1521 2964 Polancus.

431 2986 444 3006 ⁵
482 2986 588 3021 Epist.
605 2986 647 3013 ad
661 2985 795 3020 Ephes.‚
809 2992 855 3019 ιν,
868 2984 903 3012 22
914 2988 946 3012 et
960 2984 1004 3011 24.
1020 2984 1066 3011 Ut
1081 2987 1236 3018 apparet,
1252 2991 1315 3011 non
1330 2985 1435 3011 verba
1450 2984 1508 3011 sed
1521 2987 1654 3011 tantum
1665 2983 1823 3017 Apostoli
1839 2982 2012 3010 sententia

379 3034 532 3061 affertur.

429 3080 443 3100 ⁰
481 3081 642 3114 agnitum
661 3081 696 3107 in
713 3079 934 3115 confessione
950 3078 1076 3106 delevit
1090 3077 1268 3105 Polancus.
