<?xml version="1.0" encoding="UTF-8"?>
<!DOCTYPE html PUBLIC "-//W3C//DTD XHTML 1.0 Transitional//EN"
    "http://www.w3.org/TR/xhtml1/DTD/xhtml1-transitional.dtd">
<html xmlns="http://www.w3.org/1999/xhtml" xml:lang="en" lang="en">
 <head>
  <title>
</title>
<meta http-equiv="Content-Type" content="text/html;charset=utf-8" />
  <meta name='ocr-system' content='tesseract 3.04.00' />
  <meta name='ocr-capabilities' content='ocr_page ocr_carea ocr_par ocr_line ocrx_word'/>
</head>
<body>
  <div class='ocr_page' id='page_1' title='image "./litteraequadrime1402lain_0040.png"; bbox 0 0 2168 3437; ppageno 0'>
   <div class='ocr_carea' id='block_1_1' title="bbox 392 240 1516 284">
    <p class='ocr_par' dir='ltr' id='par_1_1' title="bbox 392 240 1516 284">
     <span class='ocr_line' id='line_1_1' title="bbox 392 240 1516 284; baseline -0.003 -3"><span class='ocrx_word' id='word_1_1' title='bbox 392 240 440 277; x_wconf 83' lang='lat'>36</span> <span class='ocrx_word' id='word_1_2' title='bbox 904 242 1132 279; x_wconf 77' lang='lat' dir='ltr'>LITTERAE</span> <span class='ocrx_word' id='word_1_3' title='bbox 1158 250 1516 284; x_wconf 82' lang='lat' dir='ltr'><strong>QUADRIMESTRES</strong></span> 
     </span>
    </p>
   </div>
   <div class='ocr_carea' id='block_1_2' title="bbox 392 336 2029 603">
    <p class='ocr_par' dir='ltr' id='par_1_2' title="bbox 392 336 2029 603">
     <span class='ocr_line' id='line_1_2' title="bbox 472 336 2029 379; baseline 0.001 -3"><span class='ocrx_word' id='word_1_4' title='bbox 472 336 776 379; x_wconf 88' lang='lat' dir='ltr'>Exercitanse</span> <span class='ocrx_word' id='word_1_5' title='bbox 810 339 1013 379; x_wconf 89' lang='lat' dir='ltr'>tambien</span> <span class='ocrx_word' id='word_1_6' title='bbox 1045 339 1116 378; x_wconf 91' lang='lat' dir='ltr'>los</span> <span class='ocrx_word' id='word_1_7' title='bbox 1150 338 1312 378; x_wconf 90' lang='lat' dir='ltr'>demas</span> <span class='ocrx_word' id='word_1_8' title='bbox 1338 349 1395 377; x_wconf 92' lang='lat' dir='ltr'>en</span> <span class='ocrx_word' id='word_1_9' title='bbox 1423 337 1562 377; x_wconf 88' lang='lat' dir='ltr'>obras</span> <span class='ocrx_word' id='word_1_10' title='bbox 1589 337 1645 377; x_wconf 89' lang='lat' dir='ltr'>de</span> <span class='ocrx_word' id='word_1_11' title='bbox 1677 337 1903 378; x_wconf 88' lang='lat' dir='ltr'>charidad</span> <span class='ocrx_word' id='word_1_12' title='bbox 1939 349 2029 378; x_wconf 90' lang='lat' dir='ltr'>con</span> 
     </span>
     <span class='ocr_line' id='line_1_3' title="bbox 392 407 2028 461; baseline 0.001 -14"><span class='ocrx_word' id='word_1_13' title='bbox 392 407 573 458; x_wconf 79' lang='lat' dir='ltr'>grande</span> <span class='ocrx_word' id='word_1_14' title='bbox 602 410 1045 460; x_wconf 83' lang='lat' dir='ltr'>aprovechamiento</span> <span class='ocrx_word' id='word_1_15' title='bbox 1074 422 1105 461; x_wconf 87' lang='lat' dir='ltr'><strong>y</strong></span> <span class='ocrx_word' id='word_1_16' title='bbox 1133 408 1406 448; x_wconf 88' lang='lat' dir='ltr'>edificacion</span> <span class='ocrx_word' id='word_1_17' title='bbox 1437 408 1493 448; x_wconf 92' lang='lat' dir='ltr'>de</span> <span class='ocrx_word' id='word_1_18' title='bbox 1527 409 1596 448; x_wconf 92' lang='lat' dir='ltr'>los</span> <span class='ocrx_word' id='word_1_19' title='bbox 1623 408 1882 459; x_wconf 80' lang='lat' dir='ltr'>proximos:</span> <span class='ocrx_word' id='word_1_20' title='bbox 1922 420 2028 450; x_wconf 87' lang='lat' dir='ltr'>con-</span> 
     </span>
     <span class='ocr_line' id='line_1_4' title="bbox 392 478 2026 532; baseline 0.001 -14"><span class='ocrx_word' id='word_1_21' title='bbox 392 478 616 520; x_wconf 83' lang='lat' dir='ltr'>fiessanse</span> <span class='ocrx_word' id='word_1_22' title='bbox 644 480 838 520; x_wconf 87' lang='lat' dir='ltr'>muchos</span> <span class='ocrx_word' id='word_1_23' title='bbox 869 492 980 532; x_wconf 86' lang='lat' dir='ltr'>muy</span> <span class='ocrx_word' id='word_1_24' title='bbox 1011 483 1038 520; x_wconf 77' lang='lat' dir='ltr'>a</span> <span class='ocrx_word' id='word_1_25' title='bbox 1064 479 1289 530; x_wconf 89' lang='lat' dir='ltr'>menudo‚</span> <span class='ocrx_word' id='word_1_26' title='bbox 1320 490 1408 530; x_wconf 86' lang='lat' dir='ltr'>que</span> <span class='ocrx_word' id='word_1_27' title='bbox 1436 490 1496 519; x_wconf 92' lang='lat' dir='ltr'>no</span> <span class='ocrx_word' id='word_1_28' title='bbox 1523 479 1567 518; x_wconf 92' lang='lat' dir='ltr'>lo</span> <span class='ocrx_word' id='word_1_29' title='bbox 1593 478 1774 519; x_wconf 88' lang='lat' dir='ltr'>usaban</span> <span class='ocrx_word' id='word_1_30' title='bbox 1802 478 1959 530; x_wconf 88' lang='lat' dir='ltr'>hazer‚</span> <span class='ocrx_word' id='word_1_31' title='bbox 1994 492 2026 530; x_wconf 85' lang='lat' dir='ltr'><strong>y</strong></span> 
     </span>
     <span class='ocr_line' id='line_1_5' title="bbox 393 549 1605 603; baseline 0.001 -14"><span class='ocrx_word' id='word_1_32' title='bbox 393 549 573 591; x_wconf 88' lang='lat' dir='ltr'>sienten</span> <span class='ocrx_word' id='word_1_33' title='bbox 591 551 772 602; x_wconf 80' lang='lat' dir='ltr'>grande</span> <span class='ocrx_word' id='word_1_34' title='bbox 794 551 1239 603; x_wconf 70' lang='lat' dir='ltr'>api-ovechamiento</span> <span class='ocrx_word' id='word_1_35' title='bbox 1261 561 1319 590; x_wconf 90' lang='lat' dir='ltr'>en</span> <span class='ocrx_word' id='word_1_36' title='bbox 1340 561 1419 590; x_wconf 91' lang='lat' dir='ltr'>sus</span> <span class='ocrx_word' id='word_1_37' title='bbox 1441 550 1605 590; x_wconf 88' lang='lat' dir='ltr'>almas.</span> 
     </span>
    </p>
   </div>
   <div class='ocr_carea' id='block_1_3' title="bbox 1045 906 1375 961">
    <p class='ocr_par' dir='ltr' id='par_1_3' title="bbox 1045 906 1375 961">
     <span class='ocr_line' id='line_1_6' title="bbox 1045 906 1375 961; baseline -0.009 0"><span class='ocrx_word' id='word_1_38' title='bbox 1045 906 1375 961; x_wconf 86' lang='lat' dir='ltr'>CLXXVII</span> 
     </span>
    </p>
   </div>
   <div class='ocr_carea' id='block_1_4' title="bbox 463 1137 1178 1314">
    <p class='ocr_par' dir='ltr' id='par_1_4' title="bbox 463 1137 1178 1314">
     <span class='ocr_line' id='line_1_7' title="bbox 463 1137 1110 1176; baseline -0.003 -1"><span class='ocrx_word' id='word_1_39' title='bbox 463 1138 510 1176; x_wconf 91' lang='lat' dir='ltr'>P.</span> <span class='ocrx_word' id='word_1_40' title='bbox 531 1137 786 1175; x_wconf 89' lang='lat' dir='ltr'>Everardus</span> <span class='ocrx_word' id='word_1_41' title='bbox 805 1137 1110 1174; x_wconf 86' lang='lat' dir='ltr'>Mercurianus</span> 
     </span>
     <span class='ocr_line' id='line_1_8' title="bbox 510 1201 1097 1250; baseline -0.005 -10"><span class='ocrx_word' id='word_1_42' title='bbox 510 1203 632 1241; x_wconf 87' lang='lat' dir='ltr'>Patri</span> <span class='ocrx_word' id='word_1_43' title='bbox 650 1202 821 1250; x_wconf 85' lang='lat' dir='ltr'>Ignatio</span> <span class='ocrx_word' id='word_1_44' title='bbox 841 1201 893 1239; x_wconf 91' lang='lat' dir='ltr'>de</span> <span class='ocrx_word' id='word_1_45' title='bbox 913 1202 1097 1249; x_wconf 88' lang='lat' dir='ltr'>Loyola.</span> 
     </span>
     <span class='ocr_line' id='line_1_9' title="bbox 559 1267 1178 1314; baseline -0.003 -9"><span class='ocrx_word' id='word_1_46' title='bbox 559 1268 757 1314; x_wconf 83' lang='lat' dir='ltr'>Perusio,</span> <span class='ocrx_word' id='word_1_47' title='bbox 781 1268 797 1304; x_wconf 91' lang='lat'>1</span> <span class='ocrx_word' id='word_1_48' title='bbox 820 1267 1022 1305; x_wconf 83' lang='lat' dir='ltr'>Octobris</span> <span class='ocrx_word' id='word_1_49' title='bbox 1043 1267 1134 1303; x_wconf 77' lang='lat'>1552</span> <span class='ocrx_word' id='word_1_50' title='bbox 1154 1267 1178 1303; x_wconf 89' lang='lat'>¹.</span> 
     </span>
    </p>
   </div>
   <div class='ocr_carea' id='block_1_5' title="bbox 1161 1528 1259 1570">
    <p class='ocr_par' dir='ltr' id='par_1_5' title="bbox 1161 1528 1259 1570">
     <span class='ocr_line' id='line_1_10' title="bbox 1161 1528 1259 1570; baseline 0 0"><span class='ocrx_word' id='word_1_51' title='bbox 1161 1528 1259 1570; x_wconf 85' lang='lat' dir='ltr'>IHS</span> 
     </span>
    </p>
   </div>
   <div class='ocr_carea' id='block_1_6' title="bbox 387 1760 2027 2883">
    <p class='ocr_par' dir='ltr' id='par_1_6' title="bbox 388 1760 2022 1875">
     <span class='ocr_line' id='line_1_11' title="bbox 469 1760 2022 1814; baseline -0.002 -11"><span class='ocrx_word' id='word_1_52' title='bbox 469 1763 634 1804; x_wconf 80' lang='lat' dir='ltr'>Gratia</span> <span class='ocrx_word' id='word_1_53' title='bbox 670 1768 715 1802; x_wconf 88' lang='lat' dir='ltr'>et</span> <span class='ocrx_word' id='word_1_54' title='bbox 748 1774 842 1814; x_wconf 90' lang='lat' dir='ltr'>pax</span> <span class='ocrx_word' id='word_1_55' title='bbox 876 1761 1065 1802; x_wconf 80' lang='lat' dir='ltr'>Domini</span> <span class='ocrx_word' id='word_1_56' title='bbox 1092 1762 1240 1801; x_wconf 82' lang='lat' dir='ltr'>nostri</span> <span class='ocrx_word' id='word_1_57' title='bbox 1269 1761 1546 1814; x_wconf 81' lang='lat' dir='ltr'>Jesuchristi</span> <span class='ocrx_word' id='word_1_58' title='bbox 1573 1762 1631 1801; x_wconf 88' lang='lat' dir='ltr'>sit</span> <span class='ocrx_word' id='word_1_59' title='bbox 1658 1772 1841 1812; x_wconf 79' lang='lat' dir='ltr'><strong>semper</strong></span> <span class='ocrx_word' id='word_1_60' title='bbox 1872 1760 2022 1801; x_wconf 84' lang='lat' dir='ltr'>nobis-</span> 
     </span>
     <span class='ocr_line' id='line_1_12' title="bbox 388 1833 700 1875; baseline -0.01 0"><span class='ocrx_word' id='word_1_61' title='bbox 388 1846 508 1875; x_wconf 88' lang='lat' dir='ltr'>cum.</span> <span class='ocrx_word' id='word_1_62' title='bbox 533 1833 700 1875; x_wconf 89' lang='lat' dir='ltr'>Amen.</span> 
     </span>
    </p>

    <p class='ocr_par' dir='ltr' id='par_1_7' title="bbox 387 1903 2027 2883">
     <span class='ocr_line' id='line_1_13' title="bbox 469 1903 2024 1957; baseline -0.003 -11"><span class='ocrx_word' id='word_1_63' title='bbox 469 1906 585 1946; x_wconf 90' lang='lat' dir='ltr'>Cum</span> <span class='ocrx_word' id='word_1_64' title='bbox 608 1905 730 1957; x_wconf 88' lang='lat' dir='ltr'>apud</span> <span class='ocrx_word' id='word_1_65' title='bbox 750 1915 823 1944; x_wconf 90' lang='lat' dir='ltr'>me</span> <span class='ocrx_word' id='word_1_66' title='bbox 844 1904 1038 1954; x_wconf 87' lang='lat' dir='ltr'>tacitus,</span> <span class='ocrx_word' id='word_1_67' title='bbox 1059 1903 1178 1943; x_wconf 87' lang='lat' dir='ltr'>inter</span> <span class='ocrx_word' id='word_1_68' title='bbox 1199 1903 1290 1943; x_wconf 91' lang='lat' dir='ltr'>alia</span> <span class='ocrx_word' id='word_1_69' title='bbox 1308 1903 1599 1944; x_wconf 77' lang='lat' dir='ltr'>obedientiae</span> <span class='ocrx_word' id='word_1_70' title='bbox 1619 1903 1790 1952; x_wconf 85' lang='lat' dir='ltr'>officia,</span> <span class='ocrx_word' id='word_1_71' title='bbox 1811 1903 1898 1942; x_wconf 84' lang='lat' dir='ltr'>hoc</span> <span class='ocrx_word' id='word_1_72' title='bbox 1917 1913 2024 1954; x_wconf 90' lang='lat' dir='ltr'>quo-</span> 
     </span>
     <span class='ocr_line' id='line_1_14' title="bbox 387 1973 2027 2030; baseline -0.002 -13"><span class='ocrx_word' id='word_1_73' title='bbox 387 1989 475 2030; x_wconf 91' lang='lat' dir='ltr'>que</span> <span class='ocrx_word' id='word_1_74' title='bbox 495 1975 861 2029; x_wconf 84' lang='lat' dir='ltr'>persolvendum</span> <span class='ocrx_word' id='word_1_75' title='bbox 883 1975 996 2016; x_wconf 86' lang='lat' dir='ltr'>mihi</span> <span class='ocrx_word' id='word_1_76' title='bbox 1017 1986 1350 2027; x_wconf 84' lang='lat' dir='ltr'>proponerem,</span> <span class='ocrx_word' id='word_1_77' title='bbox 1384 1975 1549 2026; x_wconf 79' lang='lat' dir='ltr'>ecquid</span> <span class='ocrx_word' id='word_1_78' title='bbox 1576 1974 1797 2015; x_wconf 89' lang='lat' dir='ltr'>nimirum</span> <span class='ocrx_word' id='word_1_79' title='bbox 1825 1974 1871 2013; x_wconf 90' lang='lat' dir='ltr'>in</span> <span class='ocrx_word' id='word_1_80' title='bbox 1899 1973 2027 2013; x_wconf 88' lang='lat' dir='ltr'>cultu</span> 
     </span>
     <span class='ocr_line' id='line_1_15' title="bbox 388 2044 2025 2100; baseline -0.002 -12"><span class='ocrx_word' id='word_1_81' title='bbox 388 2048 546 2088; x_wconf 87' lang='lat' dir='ltr'>divino</span> <span class='ocrx_word' id='word_1_82' title='bbox 568 2047 862 2100; x_wconf 80' lang='lat' dir='ltr'>proximique</span> <span class='ocrx_word' id='word_1_83' title='bbox 884 2046 1208 2086; x_wconf 87' lang='lat' dir='ltr'>aedificatione</span> <span class='ocrx_word' id='word_1_84' title='bbox 1224 2045 1321 2097; x_wconf 87' lang='lat' dir='ltr'>jam</span> <span class='ocrx_word' id='word_1_85' title='bbox 1344 2046 1450 2086; x_wconf 91' lang='lat' dir='ltr'>inde</span> <span class='ocrx_word' id='word_1_86' title='bbox 1477 2057 1504 2086; x_wconf 89' lang='lat' dir='ltr'>a</span> <span class='ocrx_word' id='word_1_87' title='bbox 1537 2046 1747 2086; x_wconf 80' lang='lat' dir='ltr'>discessu</span> <span class='ocrx_word' id='word_1_88' title='bbox 1774 2050 1933 2084; x_wconf 88' lang='lat' dir='ltr'>nostro</span> <span class='ocrx_word' id='word_1_89' title='bbox 1968 2044 2025 2084; x_wconf 91' lang='lat' dir='ltr'>ab</span> 
     </span>
     <span class='ocr_line' id='line_1_16' title="bbox 388 2115 2025 2170; baseline -0.003 -10"><span class='ocrx_word' id='word_1_90' title='bbox 388 2119 515 2160; x_wconf 89' lang='lat' dir='ltr'>Urbe</span> <span class='ocrx_word' id='word_1_91' title='bbox 535 2119 763 2159; x_wconf 86' lang='lat' dir='ltr'>hactenus</span> <span class='ocrx_word' id='word_1_92' title='bbox 783 2118 1205 2170; x_wconf 87' lang='lat' dir='ltr'>promovissemus,</span> <span class='ocrx_word' id='word_1_93' title='bbox 1230 2117 1435 2157; x_wconf 88' lang='lat' dir='ltr'>breviter</span> <span class='ocrx_word' id='word_1_94' title='bbox 1457 2116 1727 2168; x_wconf 87' lang='lat' dir='ltr'>aperiendo,</span> <span class='ocrx_word' id='word_1_95' title='bbox 1752 2115 1912 2156; x_wconf 89' lang='lat' dir='ltr'>nescio</span> <span class='ocrx_word' id='word_1_96' title='bbox 1935 2127 2025 2166; x_wconf 88' lang='lat' dir='ltr'>quo</span> 
     </span>
     <span class='ocr_line' id='line_1_17' title="bbox 388 2185 2025 2242; baseline -0.003 -12"><span class='ocrx_word' id='word_1_97' title='bbox 388 2196 527 2242; x_wconf 89' lang='lat' dir='ltr'>pacto</span> <span class='ocrx_word' id='word_1_98' title='bbox 564 2190 714 2240; x_wconf 87' lang='lat' dir='ltr'>prima</span> <span class='ocrx_word' id='word_1_99' title='bbox 749 2188 868 2229; x_wconf 87' lang='lat' dir='ltr'>facie</span> <span class='ocrx_word' id='word_1_100' title='bbox 905 2188 1120 2228; x_wconf 85' lang='lat' dir='ltr'>haereret</span> <span class='ocrx_word' id='word_1_101' title='bbox 1150 2188 1331 2228; x_wconf 90' lang='lat' dir='ltr'>animus</span> <span class='ocrx_word' id='word_1_102' title='bbox 1366 2200 1516 2238; x_wconf 90' lang='lat' dir='ltr'>meus,</span> <span class='ocrx_word' id='word_1_103' title='bbox 1554 2187 1699 2227; x_wconf 90' lang='lat' dir='ltr'>veluti</span> <span class='ocrx_word' id='word_1_104' title='bbox 1727 2186 1836 2238; x_wconf 90' lang='lat' dir='ltr'>quid</span> <span class='ocrx_word' id='word_1_105' title='bbox 1866 2185 2025 2237; x_wconf 82' lang='lat' dir='ltr'>magni</span> 
     </span>
     <span class='ocr_line' id='line_1_18' title="bbox 387 2259 2025 2313; baseline -0.001 -11"><span class='ocrx_word' id='word_1_106' title='bbox 387 2261 760 2313; x_wconf 83' lang='lat' dir='ltr'>aggrediendum</span> <span class='ocrx_word' id='word_1_107' title='bbox 781 2259 1063 2310; x_wconf 87' lang='lat' dir='ltr'>immineret;</span> <span class='ocrx_word' id='word_1_108' title='bbox 1088 2259 1291 2299; x_wconf 84' lang='lat' dir='ltr'>maxime</span> <span class='ocrx_word' id='word_1_109' title='bbox 1314 2271 1419 2300; x_wconf 89' lang='lat' dir='ltr'>cum</span> <span class='ocrx_word' id='word_1_110' title='bbox 1439 2260 1523 2299; x_wconf 90' lang='lat' dir='ltr'>sub</span> <span class='ocrx_word' id='word_1_111' title='bbox 1545 2259 1662 2300; x_wconf 88' lang='lat' dir='ltr'>haec</span> <span class='ocrx_word' id='word_1_112' title='bbox 1684 2259 1813 2299; x_wconf 87' lang='lat' dir='ltr'>initia</span> <span class='ocrx_word' id='word_1_113' title='bbox 1842 2261 1923 2301; x_wconf 88' lang='lat' dir='ltr'>vix</span> <span class='ocrx_word' id='word_1_114' title='bbox 1953 2272 2025 2300; x_wconf 92' lang='lat' dir='ltr'>oc-</span> 
     </span>
     <span class='ocr_line' id='line_1_19' title="bbox 388 2330 2022 2385; baseline 0.001 -12"><span class='ocrx_word' id='word_1_115' title='bbox 388 2338 568 2384; x_wconf 88' lang='lat' dir='ltr'>currat,</span> <span class='ocrx_word' id='word_1_116' title='bbox 592 2331 715 2384; x_wconf 89' lang='lat' dir='ltr'>quod</span> <span class='ocrx_word' id='word_1_117' title='bbox 735 2331 810 2371; x_wconf 87' lang='lat' dir='ltr'>vel</span> <span class='ocrx_word' id='word_1_118' title='bbox 831 2331 1085 2382; x_wconf 87' lang='lat' dir='ltr'>patientem</span> <span class='ocrx_word' id='word_1_119' title='bbox 1108 2330 1289 2382; x_wconf 86' lang='lat' dir='ltr'>uspiam</span> <span class='ocrx_word' id='word_1_120' title='bbox 1311 2342 1473 2371; x_wconf 88' lang='lat' dir='ltr'>aurem</span> <span class='ocrx_word' id='word_1_121' title='bbox 1493 2331 1746 2383; x_wconf 87' lang='lat' dir='ltr'>impetrare</span> <span class='ocrx_word' id='word_1_122' title='bbox 1767 2346 1904 2385; x_wconf 90' lang='lat' dir='ltr'>posse</span> <span class='ocrx_word' id='word_1_123' title='bbox 1932 2334 2022 2374; x_wconf 91' lang='lat' dir='ltr'>exi-</span> 
     </span>
     <span class='ocr_line' id='line_1_20' title="bbox 388 2401 2025 2456; baseline 0.001 -12"><span class='ocrx_word' id='word_1_124' title='bbox 388 2404 657 2454; x_wconf 87' lang='lat' dir='ltr'>stimemus,</span> <span class='ocrx_word' id='word_1_125' title='bbox 699 2402 993 2454; x_wconf 89' lang='lat' dir='ltr'>potissimum</span> <span class='ocrx_word' id='word_1_126' title='bbox 1035 2402 1092 2441; x_wconf 87' lang='lat' dir='ltr'>ab</span> <span class='ocrx_word' id='word_1_127' title='bbox 1132 2401 1187 2441; x_wconf 91' lang='lat' dir='ltr'>iis</span> <span class='ocrx_word' id='word_1_128' title='bbox 1226 2401 1304 2452; x_wconf 91' lang='lat' dir='ltr'>qui</span> <span class='ocrx_word' id='word_1_129' title='bbox 1338 2402 1675 2444; x_wconf 82' lang='lat' dir='ltr'>intellexissent</span> <span class='ocrx_word' id='word_1_130' title='bbox 1716 2411 1891 2456; x_wconf 86' lang='lat' dir='ltr'>quanta</span> <span class='ocrx_word' id='word_1_131' title='bbox 1937 2405 2025 2445; x_wconf 88' lang='lat' dir='ltr'>fide</span> 
     </span>
     <span class='ocr_line' id='line_1_21' title="bbox 388 2471 2024 2528; baseline 0.001 -13"><span class='ocrx_word' id='word_1_132' title='bbox 388 2486 557 2526; x_wconf 85' lang='lat' dir='ltr'>agrum</span> <span class='ocrx_word' id='word_1_133' title='bbox 578 2473 767 2515; x_wconf 89' lang='lat' dir='ltr'>Domini</span> <span class='ocrx_word' id='word_1_134' title='bbox 794 2473 1012 2513; x_wconf 78' lang='lat' dir='ltr'>excolant</span> <span class='ocrx_word' id='word_1_135' title='bbox 1043 2473 1120 2512; x_wconf 89' lang='lat' dir='ltr'>alii</span> <span class='ocrx_word' id='word_1_136' title='bbox 1147 2471 1310 2512; x_wconf 86' lang='lat' dir='ltr'>Patres</span> <span class='ocrx_word' id='word_1_137' title='bbox 1339 2472 1545 2524; x_wconf 90' lang='lat' dir='ltr'>ejusdem</span> <span class='ocrx_word' id='word_1_138' title='bbox 1575 2475 1819 2516; x_wconf 90' lang='lat' dir='ltr'>nobiscum</span> <span class='ocrx_word' id='word_1_139' title='bbox 1849 2475 2024 2528; x_wconf 88' lang='lat' dir='ltr'>profes-</span> 
     </span>
     <span class='ocr_line' id='line_1_22' title="bbox 389 2543 2026 2598; baseline 0.001 -12"><span class='ocrx_word' id='word_1_140' title='bbox 389 2546 547 2597; x_wconf 85' lang='lat' dir='ltr'>sionis,</span> <span class='ocrx_word' id='word_1_141' title='bbox 582 2556 812 2597; x_wconf 88' lang='lat' dir='ltr'>quamque</span> <span class='ocrx_word' id='word_1_142' title='bbox 834 2543 1070 2584; x_wconf 88' lang='lat' dir='ltr'>confertos</span> <span class='ocrx_word' id='word_1_143' title='bbox 1092 2543 1353 2595; x_wconf 85' lang='lat' dir='ltr'>manipulos</span> <span class='ocrx_word' id='word_1_144' title='bbox 1374 2544 1576 2597; x_wconf 87' lang='lat' dir='ltr'>undique</span> <span class='ocrx_word' id='word_1_145' title='bbox 1598 2552 1837 2598; x_wconf 87' lang='lat' dir='ltr'>reportent</span> <span class='ocrx_word' id='word_1_146' title='bbox 1859 2547 1905 2587; x_wconf 92' lang='lat' dir='ltr'>in</span> <span class='ocrx_word' id='word_1_147' title='bbox 1927 2547 2026 2588; x_wconf 91' lang='lat' dir='ltr'>dies</span> 
     </span>
     <span class='ocr_line' id='line_1_23' title="bbox 388 2615 2024 2668; baseline 0.001 -10"><span class='ocrx_word' id='word_1_148' title='bbox 388 2619 436 2658; x_wconf 92' lang='lat' dir='ltr'>in</span> <span class='ocrx_word' id='word_1_149' title='bbox 469 2618 689 2657; x_wconf 88' lang='lat' dir='ltr'>horreum</span> <span class='ocrx_word' id='word_1_150' title='bbox 724 2615 926 2656; x_wconf 85' lang='lat' dir='ltr'>Domini.</span> <span class='ocrx_word' id='word_1_151' title='bbox 960 2615 1139 2655; x_wconf 89' lang='lat' dir='ltr'>Verum</span> <span class='ocrx_word' id='word_1_152' title='bbox 1170 2615 1408 2655; x_wconf 85' lang='lat' dir='ltr'>enimvero</span> <span class='ocrx_word' id='word_1_153' title='bbox 1444 2628 1549 2656; x_wconf 90' lang='lat' dir='ltr'>cum</span> <span class='ocrx_word' id='word_1_154' title='bbox 1577 2619 1901 2668; x_wconf 90' lang='lat' dir='ltr'>operariorum</span> <span class='ocrx_word' id='word_1_155' title='bbox 1929 2619 2024 2658; x_wconf 92' lang='lat' dir='ltr'>illo-</span> 
     </span>
     <span class='ocr_line' id='line_1_24' title="bbox 388 2685 2025 2738; baseline 0.001 -9"><span class='ocrx_word' id='word_1_156' title='bbox 388 2701 491 2729; x_wconf 82' lang='lat' dir='ltr'>rum</span> <span class='ocrx_word' id='word_1_157' title='bbox 513 2689 611 2728; x_wconf 88' lang='lat' dir='ltr'>sive</span> <span class='ocrx_word' id='word_1_158' title='bbox 633 2688 680 2727; x_wconf 86' lang='lat' dir='ltr'>in</span> <span class='ocrx_word' id='word_1_159' title='bbox 707 2686 890 2738; x_wconf 79' lang='lat' dir='ltr'>agendo</span> <span class='ocrx_word' id='word_1_160' title='bbox 919 2685 1267 2736; x_wconf 85' lang='lat' dir='ltr'>dexteritatem,</span> <span class='ocrx_word' id='word_1_161' title='bbox 1298 2686 1397 2726; x_wconf 87' lang='lat' dir='ltr'>sive</span> <span class='ocrx_word' id='word_1_162' title='bbox 1424 2695 1736 2738; x_wconf 79' lang='lat' dir='ltr'>proventuum</span> <span class='ocrx_word' id='word_1_163' title='bbox 1765 2689 2025 2730; x_wconf 88' lang='lat' dir='ltr'>ubertatem</span> 
     </span>
     <span class='ocr_line' id='line_1_25' title="bbox 389 2756 2022 2812; baseline 0.001 -13"><span class='ocrx_word' id='word_1_164' title='bbox 389 2766 594 2811; x_wconf 86' lang='lat' dir='ltr'>spectes,</span> <span class='ocrx_word' id='word_1_165' title='bbox 628 2758 829 2798; x_wconf 90' lang='lat' dir='ltr'>Domino</span> <span class='ocrx_word' id='word_1_166' title='bbox 860 2757 1047 2797; x_wconf 90' lang='lat' dir='ltr'>tandem</span> <span class='ocrx_word' id='word_1_167' title='bbox 1077 2756 1295 2808; x_wconf 85' lang='lat' dir='ltr'>quicquid</span> <span class='ocrx_word' id='word_1_168' title='bbox 1322 2764 1391 2797; x_wconf 90' lang='lat' dir='ltr'>est</span> <span class='ocrx_word' id='word_1_169' title='bbox 1421 2765 1665 2810; x_wconf 87' lang='lat' dir='ltr'>acceptum</span> <span class='ocrx_word' id='word_1_170' title='bbox 1685 2759 1863 2800; x_wconf 88' lang='lat' dir='ltr'>feratur</span> <span class='ocrx_word' id='word_1_171' title='bbox 1893 2772 2022 2812; x_wconf 86' lang='lat' dir='ltr'>opor-</span> 
     </span>
     <span class='ocr_line' id='line_1_26' title="bbox 388 2828 2025 2883; baseline 0.001 -12"><span class='ocrx_word' id='word_1_172' title='bbox 388 2836 473 2882; x_wconf 86' lang='lat' dir='ltr'>tet,</span> <span class='ocrx_word' id='word_1_173' title='bbox 508 2830 585 2881; x_wconf 89' lang='lat' dir='ltr'>qui</span> <span class='ocrx_word' id='word_1_174' title='bbox 620 2841 703 2869; x_wconf 81' lang='lat' dir='ltr'>sua</span> <span class='ocrx_word' id='word_1_175' title='bbox 734 2828 925 2879; x_wconf 83' lang='lat' dir='ltr'>elargiri</span> <span class='ocrx_word' id='word_1_176' title='bbox 952 2829 1069 2868; x_wconf 90' lang='lat' dir='ltr'>solet</span> <span class='ocrx_word' id='word_1_177' title='bbox 1105 2833 1153 2867; x_wconf 88' lang='lat' dir='ltr'>ut</span> <span class='ocrx_word' id='word_1_178' title='bbox 1188 2829 1306 2878; x_wconf 88' lang='lat' dir='ltr'>vult,</span> <span class='ocrx_word' id='word_1_179' title='bbox 1337 2829 1575 2880; x_wconf 84' lang='lat' dir='ltr'>aliquanto</span> <span class='ocrx_word' id='word_1_180' title='bbox 1603 2831 1816 2881; x_wconf 90' lang='lat' dir='ltr'>liberius,</span> <span class='ocrx_word' id='word_1_181' title='bbox 1849 2834 1968 2883; x_wconf 82' lang='lat' dir='ltr'>&#39;quae</span> <span class='ocrx_word' id='word_1_182' title='bbox 1998 2844 2025 2871; x_wconf 88' lang='lat' dir='ltr'>a</span> 
     </span>
    </p>
   </div>
   <div class='ocr_carea' id='block_1_7' title="bbox 388 3012 2022 3101">
    <p class='ocr_par' dir='ltr' id='par_1_8' title="bbox 388 3012 2022 3101">
     <span class='ocr_line' id='line_1_27' title="bbox 441 3012 2022 3050; baseline 0.001 -7"><span class='ocrx_word' id='word_1_183' title='bbox 441 3016 451 3036; x_wconf 87' lang='lat'>¹</span> <span class='ocrx_word' id='word_1_184' title='bbox 490 3015 578 3043; x_wconf 85' lang='lat' dir='ltr'>Tota</span> <span class='ocrx_word' id='word_1_185' title='bbox 599 3013 815 3048; x_wconf 79' lang='lat' dir='ltr'>autographa</span> <span class='ocrx_word' id='word_1_186' title='bbox 836 3013 868 3040; x_wconf 90' lang='lat' dir='ltr'>in</span> <span class='ocrx_word' id='word_1_187' title='bbox 890 3012 1012 3047; x_wconf 87' lang='lat' dir='ltr'>duplici</span> <span class='ocrx_word' id='word_1_188' title='bbox 1036 3013 1125 3047; x_wconf 72' lang='lat' dir='ltr'>folio,</span> <span class='ocrx_word' id='word_1_189' title='bbox 1147 3014 1208 3040; x_wconf 88' lang='lat' dir='ltr'>sub</span> <span class='ocrx_word' id='word_1_190' title='bbox 1229 3021 1283 3040; x_wconf 89' lang='lat' dir='ltr'>nn.</span> <span class='ocrx_word' id='word_1_191' title='bbox 1300 3013 1333 3040; x_wconf 69' lang='lat'>25</span> <span class='ocrx_word' id='word_1_192' title='bbox 1348 3018 1379 3041; x_wconf 82' lang='lat' dir='ltr'>et</span> <span class='ocrx_word' id='word_1_193' title='bbox 1396 3014 1429 3040; x_wconf 67' lang='grc' dir='ltr'>’ΖΔ</span> <span class='ocrx_word' id='word_1_194' title='bbox 1447 3014 1653 3042; x_wconf 84' lang='lat' dir='ltr'>—Habemus</span> <span class='ocrx_word' id='word_1_195' title='bbox 1677 3018 1710 3042; x_wconf 89' lang='lat' dir='ltr'>et</span> <span class='ocrx_word' id='word_1_196' title='bbox 1733 3015 1968 3050; x_wconf 82' lang='lat' dir='ltr'>apographum</span> <span class='ocrx_word' id='word_1_197' title='bbox 1990 3016 2022 3043; x_wconf 87' lang='lat' dir='ltr'>in</span> 
     </span>
     <span class='ocr_line' id='line_1_28' title="bbox 388 3064 793 3101; baseline -0.007 -7"><span class='ocrx_word' id='word_1_198' title='bbox 388 3065 469 3094; x_wconf 76' lang='lat' dir='ltr'>Cod.</span> <span class='ocrx_word' id='word_1_199' title='bbox 486 3065 564 3101; x_wconf 74' lang='lat'>1551,</span> <span class='ocrx_word' id='word_1_200' title='bbox 581 3065 687 3093; x_wconf 78' lang='lat' dir='ltr'>f01.95</span> <span class='ocrx_word' id='word_1_201' title='bbox 702 3068 733 3092; x_wconf 75' lang='lat' dir='ltr'>et</span> <span class='ocrx_word' id='word_1_202' title='bbox 749 3064 793 3091; x_wconf 69' lang='lat'>06.</span> 
     </span>
    </p>
   </div>
  </div>
 </body>
</html>
