2168 3437
893 257 977 295 AN.
1007 257 1098 296 1553
1749 255 1813 292 1-11

179 357 278 397 vini
312 356 449 397 officii
480 362 778 406 ornamenta,
816 361 974 407 utpote
1006 355 1198 405 calices,
1230 354 1459 406 ampullas
1490 358 1741 404 argenteas
1773 359 1817 392 et

177 428 368 478 similia,
393 438 511 479 quae
533 426 755 467 Societati
777 427 989 476 donavit,
1015 437 1176 466 omnes
1198 426 1339 466 etiam
1359 435 1592 476 expensas
1620 429 1664 463 et
1696 435 1817 463 sum-

179 505 307 551 ptus,
332 510 449 550 quae
470 498 609 538 Pater
640 498 687 537 in
713 509 798 538 sua
827 497 1094 537 infirmitate
1123 497 1304 547 habuit,
1335 502 1573 547 totamque
1603 494 1816 546 pecunia-

177 581 283 610 rum
303 581 534 610 summam
555 568 747 609 medicis
767 567 1108 608 numerandam
1125 568 1346 615 exsolvit3
1372 568 1504 619 plura
1522 577 1705 617 quoque
1727 577 1819 606 non

179 641 280 692 ipsa
312 640 577 690 dumtaxat,
615 640 696 680 sed
731 645 776 679 et
811 651 972 680 omnes
1008 639 1108 679 eius
1145 639 1304 688 amici,
1341 637 1566 678 Societati
1599 637 1820 677 exhibere

180 711 488 761 contendunt,
515 723 655 763 quam
677 711 942 762 specialiter
962 710 1058 750 suis
1081 709 1374 750 testamentis
1399 708 1680 758 inscribunt,
1715 707 1820 747 licet

180 794 245 822 ex
277 785 556 823 testamento
594 783 789 832 Patris,
818 785 1014 833 praeter
1049 780 1282 832 depictam
1314 780 1568 830 quamdam
1599 778 1819 819 tabellam

182 857 388 904 quatuor
415 854 812 904 novissimorum,
847 852 1109 904 acceperint
1137 850 1279 901 m'lzz'l,
1315 861 1455 901 qnam
1492 850 1539 889 in
1568 849 1822 901 primariis

181 935 383 964 suarum
416 925 602 965 aedimn
637 924 778 974 locis,
815 923 957 975 quasi
987 926 1207 963 sanctum
1241 921 1377 973 quid,
1411 921 1460 960 in
1496 920 1739 972 specnlmn
1779 924 1822 960 et

183 995 475 1036 devotionem
497 996 707 1036 omnium
731 994 1106 1046 ingredientium
1130 993 1377 1033 collocant.

263 1067 327 1107 At
363 1067 480 1107 haec
515 1066 675 1107 forsan
702 1073 888 1107 terrena
917 1065 1118 1106 dixeris:
1147 1076 1313 1104 verum
1344 1069 1388 1104 et
1415 1063 1676 1115 spiritualia
1704 1074 1822 1114 quae

182 1138 413 1179 Dominus
436 1139 630 1178 contulit
652 1150 737 1178 nec
758 1149 951 1189 prorsus
971 1137 1108 1177 flocci
1128 1135 1374 1188 pendenda
1396 1146 1498 1175 esse
1521 1147 1578 1175 ex
1599 1135 1688 1174 hoc
1710 1134 1823 1174 satis

186 1215 402 1249 constare
423 1216 555 1261 puto,
586 1209 710 1261 quod
738 1209 783 1249 in
813 1207 1020 1248 cubiculo
1043 1218 1130 1247 suo
1152 1218 1235 1247 seu
1254 1207 1374 1256 aula,
1394 1206 1472 1246 ubi
1489 1205 1754 1245 celebrabat
1775 1204 1823 1243 in

184 1279 337 1320 altari
357 1280 599 1332 portatili,
628 1281 742 1320 adeo
779 1279 903 1332 (quia
924 1280 971 1319 in
1001 1279 1237 1331 publicum
1267 1278 1395 1317 exire
1426 1288 1702 1317 concessum
1731 1287 1824 1315 non

186 1351 304 1401 erat>
327 1351 726 1391 communicantes
748 1351 942 1391 haberet
962 1351 1149 1400 multos,
1167 1350 1289 1389 inter
1311 1359 1429 1400 quos
1449 1353 1600 1388 mater
1621 1346 1827 1387 carnalis

187 1423 489 1474 nonnullique
512 1423 772 1462 amicorum
793 1422 863 1462 bis
884 1422 930 1461 in
952 1421 1244 1462 hebdomada
1262 1431 1269 1470 ;
1293 1431 1480 1460 sorores
1502 1430 1615 1459 vero
1633 1417 1828 1469 singulis

188 1494 370 1544 diebus,
395 1505 567 1545 magno
593 1494 781 1534 fervore
809 1500 853 1534 et
881 1492 1110 1534 desiderio
1139 1498 1354 1532 sanctam
1385 1491 1682 1542 frequentant
1705 1501 1826 1529 com-

189 1566 468 1605 munionem.
501 1565 631 1605 Unde
660 1569 846 1605 constat
876 1576 970 1605 non
998 1564 1101 1604 sine
1123 1564 1321 1614 foenore
1352 1562 1552 1602 Patrem
1582 1573 1610 1601 a
1641 1561 1749 1601 suis
1779 1560 1827 1599 iu

194 1637 400 1676 adversa
420 1636 507 1676 lzac
527 1636 798 1677 valetudine
820 1639 1092 1688 susceptum
1117 1635 1269 1675 fuisse
1285 1667 1297 1684 ,
1319 1644 1424 1673 cum
1444 1645 1538 1673 non
1559 1638 1740 1672 tantum
1772 1632 1827 1672 ab

187 1707 301 1759 ipsis
322 1707 367 1747 in
389 1719 585 1759 corpore
606 1708 856 1748 roboratus
876 1707 1091 1747 discessit
1112 1711 1338 1758 quantum
1362 1704 1451 1755 ipsi
1472 1704 1518 1744 in
1535 1704 1700 1755 spiritu
1724 1715 1827 1743 con-

192 1778 352 1818 fortati
373 1785 661 1819 manserunt.

266 1849 573 1889 Venerabiles
593 1849 784 1890 Domini
800 1848 1055 1899 Doctores,
1081 1861 1107 1888 a
1129 1859 1221 1900 quo
1239 1860 1297 1888 ex
1316 1847 1526 1888 Concilio
1543 1846 1738 1886 reduces
1755 1845 1829 1884 hic

182 1921 372 1972 excepti
405 1928 532 1971 sunt,
566 1932 788 1972 magnam
821 1920 1045 1961 Societati
1076 1931 1263 1971 semper
1297 1918 1600 1959 ostenderunt
1631 1916 1829 1956 charita-

187 1997 293 2031 tem.
327 1991 447 2031 Rdus
478 1991 707 2032 Dominus
737 1991 1058 2032 Cancellarius
1094 1990 1102 2008 ¹
1138 1991 1296 2030 statim
1326 1995 1433 2041 post
1463 1989 1665 2029 reditum
1694 1998 1829 2027 suum

186 2074 271 2102 nos
310 2063 604 2113 colloquendi
637 2063 792 2114 gratia
832 2063 891 2102 ad
928 2061 1176 2114 prandium
1213 2061 1428 2109 vocavit,
1466 2071 1556 2111 quo
1598 2058 1827 2106 absoluto,

189 2134 395 2174 animum
430 2145 546 2185 erga
571 2146 658 2174 nos
688 2146 823 2174 suum
852 2134 1035 2186 aperire
1065 2133 1218 2184 coepit
1246 2132 1485 2184 inquiens:
1520 2130 1657 2170 “nihil
1686 2135 1755 2169 est
1785 2129 1831 2168 in

190 2216 279 2256 quo
320 2217 423 2245 mea
464 2217 606 2257 opera
641 2205 775 2245 vobis
809 2205 1033 2256 prodesse
1067 2211 1255 2256 potero,
1293 2203 1405 2254 quin
1438 2201 1563 2242 facto
1608 2211 1828 2251 exequar,

189 2275 492 2327 eamdemque
527 2277 586 2317 ad
621 2277 776 2316 omnia
812 2288 899 2316 vos
933 2276 1056 2327 apud
1091 2287 1164 2315 me
1198 2274 1463 2318 libertatem
1494 2272 1666 2313 habere
1703 2272 1827 2319 volo,

192 2358 281 2398 qua
304 2347 402 2398 ipse
423 2359 534 2386 usus
555 2359 658 2387 sum
678 2348 725 2387 in
747 2347 955 2388 Concilio
973 2358 1079 2386 cum
1095 2345 1386 2386 Reverendis
1403 2343 1620 2384 Patribus
1637 2341 1828 2389 nostris,

192 2417 252 2457 M.
276 2416 330 2457 N.
362 2417 530 2458 Iacobo
550 2418 741 2469 Laynez
763 2425 808 2458 et
833 2418 1078 2469 Alphonso
1110 2416 1375 2463 Salmeron,
1407 2426 1512 2455 cum
1543 2414 1710 2465 quibus
1733 2412 1832 2452 vixi

191 2499 333 2539 quam
352 2487 765 2539 familia1·issime„,
788 2499 986 2540 quorum
1006 2489 1142 2528 simul
1163 2494 1207 2527 et
1228 2487 1288 2527 V.
1311 2487 1361 2527 P.
1392 2484 1614 2526 charitati
1641 2495 1690 2523 se
1720 2485 1831 2522 mul-

193 2565 290 2599 tum
311 2560 620 2600 commendat.
644 2559 873 2599 Eumdem
892 2559 1035 2599 animi
1066 2559 1289 2599 affectum
1318 2555 1518 2597 ostendit
1547 2554 1832 2595 Venerabilis

193 2630 421 2670 Dominus
442 2630 502 2671 M.
525 2630 580 2671 Ν.
604 2630 881 2681 Tilletanus,
911 2631 1009 2682 qui,
1040 2631 1088 2670 in
1116 2630 1268 2681 primo
1299 2628 1356 2667 ad
1386 2638 1491 2667 eum
1513 2636 1730 2676 accessu,
1756 2636 1831 2664 ex-

194 2701 339 2741 tensis
359 2713 432 2741 me
454 2702 740 2752 amplectens
760 2701 881 2741 ulnis
903 2701 1286 2749 exosculabatur,
1318 2697 1513 2738 sollicite
1541 2707 1682 2736 orans
1702 2707 1761 2735 ne
1783 2707 1832 2735 se

196 2772 254 2811 V.
290 2772 339 2812 P.
377 2772 722 2824 praedictisque
757 2771 972 2812 Patribus
1007 2772 1054 2812 in
1087 2770 1261 2811 nostris
1296 2768 1463 2809 litteris
1503 2766 1832 2807 commendare

190 2842 477 2893 omitterem,
512 2855 570 2883 ex
598 2843 765 2894 quibus
794 2848 1018 2894 quantum
1047 2843 1094 2882 in
1125 2840 1335 2882 Concilio
1365 2839 1457 2878 sint
1488 2837 1723 2878 aedificati
1752 2837 1833 2877 vix

194 2913 352 2954 verbis
391 2914 632 2954 declarare
672 2915 872 2954 valeam.
910 2913 961 2954 In
999 2913 1118 2953 festo
1155 2911 1361 2952 omnium
1399 2908 1678 2949 Sanctorum
1713 2920 1832 2948 unus

253 3077 263 3095 ¹
305 3075 465 3103 Ruardus
482 3076 625 3111 Tapper.
