2168 3437
836 239 921 276 AN.
952 239 1044 275 155ss
1689 238 1756 275 691

123 348 234 377 usus
262 336 493 376 Dominus
520 337 568 376 in
594 336 798 388 quodam
827 337 936 376 hinc
963 348 1056 376 non
1085 337 1224 388 longe
1255 337 1345 376 sito
1383 335 1554 388 oppido
1591 337 1755 387 egerit,

123 408 202 447 ubi
220 407 295 447 ille
317 406 478 447 diebus
504 407 635 447 festis
662 406 926 448 doctrinam
953 408 1257 458 praelegebat
1285 407 1626 455 Christianam,
1658 419 1757 459 per-

125 479 242 530 spici
268 479 433 530 potuit.
464 478 604 528 Nam,
635 485 821 530 praeter
850 491 990 530 quam
1018 479 1143 530 quod
1170 479 1362 519 vivendi
1390 479 1622 519 rationem
1649 479 1758 518 alia-

125 561 212 601 que
234 549 460 589 exercitia
482 549 540 590 ab
562 550 664 601 ipso
687 550 960 598 constituta,
984 562 1077 590 non
1099 549 1197 601 ejus
1225 550 1437 590 absentia
1459 562 1485 590 a
1506 550 1632 590 vitae
1654 562 1756 601 pro-

125 621 278 672 posito
300 621 532 669 revocati,
557 621 717 662 sedulo
735 622 1074 673 diligenterque
1091 622 1304 673 implent,
1324 628 1455 662 tanto
1473 633 1578 661 eum
1597 622 1644 661 in
1666 621 1757 661 Do-

126 692 250 732 mino
272 703 432 732 amore
453 699 821 744 prosequuntur,
846 699 895 732 ut
914 693 1119 744 primum
1140 693 1226 732 sibi
1248 704 1355 732 eum
1382 693 1611 732 committi
1633 691 1691 732 ad
1713 692 1760 732 id

126 770 356 815 peterent,
380 771 428 803 ut
451 763 510 803 ad
539 775 676 804 suum
706 764 927 815 oppidum
957 764 1111 804 delato
1143 770 1188 804 et
1218 764 1508 804 curationem
1539 763 1761 803 adhibere

127 841 171 874 et
192 834 348 874 omnia
370 834 542 885 singuli
563 835 783 875 exhibere
805 834 1049 875 charitatis
1065 846 1300 886 veraeque
1317 834 1581 875 dilectionis
1602 834 1761 875 munia

125 906 319 958 possint.
346 905 479 956 Quod
504 918 611 946 cum
637 913 759 946 esset
789 906 1091 957 denegatum,
1124 906 1170 945 in
1196 905 1404 957 Collegio
1436 918 1543 946 eum
1574 917 1761 946 manen-

125 985 219 1017 tem
241 989 333 1016 non
356 977 505 1016 solum
527 978 715 1028 saepius
736 977 1016 1027 invisebant,
1045 989 1205 1018 verum
1221 983 1341 1017 etex
1357 977 1443 1027 his,
1469 989 1587 1029 quae
1608 977 1761 1017 tenuis

126 1048 216 1088 illis
237 1060 313 1088 res
334 1048 633 1099 suppeditare
655 1054 808 1100 potest
827 1080 834 1099 ,
858 1054 906 1088 ut
928 1049 970 1088 ei
989 1048 1268 1098 tribuerent,
1289 1059 1448 1088 secum
1472 1048 1744 1088 deferebant

126 1119 416 1170 Fiebantque
437 1125 683 1170 praeterea
704 1119 751 1159 in
772 1119 942 1171 oppido
962 1131 1048 1170 pro
1070 1119 1169 1159 eius
1190 1120 1250 1159 ad
1271 1118 1426 1159 Deum
1442 1121 1592 1160 salute
1614 1119 1759 1171 publi-

130 1202 214 1230 cae
241 1190 623 1242 supplicationes.

210 1261 295 1301 His
316 1261 529 1313 proxime
558 1261 730 1313 elapsis
757 1262 921 1302 diebus
948 1267 1147 1313 quatuor
1174 1255 1339 1302 Patres
1370 1261 1654 1312 totidemque
1676 1260 1748 1301 fra

130 1340 225 1373 tres
256 1333 364 1373 hinc
396 1333 486 1373 alio
514 1333 644 1373 missi
676 1340 796 1373 sunt.
827 1334 865 1374 E
887 1333 1053 1384 quibus
1074 1344 1196 1373 unus
1216 1332 1264 1373 P.
1294 1332 1552 1373 Francisco
1574 1332 1765 1372 Vieirae

132 1404 191 1444 ad
217 1404 396 1444 Indiam
423 1404 550 1444 eunti
578 1416 735 1444 comes
766 1404 916 1444 datus.
947 1403 1041 1444 Alii
1072 1404 1280 1444 Evoram
1306 1404 1763 1456 Ulyssyponemque,

130 1482 179 1515 ut
199 1482 243 1516 et
265 1476 309 1514 in
329 1475 550 1526 Collegiis
567 1481 612 1515 et
629 1476 676 1515 in
692 1475 1014 1527 professorum
1029 1475 1166 1515 domo
1183 1475 1559 1515 confessionibus
1578 1475 1767 1515 audien-

130 1547 201 1587 dis
221 1552 470 1597 vacarent,
494 1546 692 1598 profecti
713 1556 839 1587 sunt:
870 1546 960 1586 duo
981 1558 1097 1586 vero
1119 1558 1178 1586 ex
1208 1546 1405 1597 eisdem,
1430 1546 1487 1586 ob
1508 1547 1556 1586 in
1578 1546 1676 1586 dies
1708 1546 1767 1586 ad

129 1624 316 1658 nostras
344 1617 532 1658 scholas
565 1617 890 1658 accedentium
918 1617 1309 1658 scholasticorum
1343 1624 1531 1657 auctum
1566 1617 1769 1657 maxime

130 1701 397 1740 numerum,
428 1695 477 1729 ut
503 1689 550 1729 in
572 1689 751 1729 duabus
778 1689 1007 1729 classibus
1037 1690 1217 1729 litteras
1251 1688 1501 1729 edocerent
1531 1688 1771 1728 humanio-

129 1773 220 1801 res.
245 1760 425 1811 Quibus
454 1759 605 1800 adhuc
634 1772 727 1801 non
756 1766 975 1801 contenta
1005 1760 1174 1800 civitas
1205 1760 1299 1812 jam
1331 1760 1473 1800 aliurn
1500 1766 1770 1811 praecepto-

132 1819 232 1872 rem
253 1831 482 1883 exposcit.

212 1902 396 1954 Reliqui
417 1915 542 1943 nunc
567 1903 733 1943 Patres
759 1903 1048 1955 fratresque,
1071 1910 1261 1955 praeter
1294 1915 1456 1953 unum,
1491 1903 1569 1954 qui
1600 1914 1650 1942 se
1681 1913 1774 1942 non

135 1974 249 2014 satis
269 1974 386 2014 bene
408 1974 567 2024 habet,
591 1985 818 2025 prospera
839 1981 1032 2014 utuntur
1065 1975 1280 2026 corporis
1312 1974 1582 2014 valetudine
1603 1973 1772 2013 solitis-

134 2057 222 2097 que
249 2045 487 2085 exercitiis
513 2045 675 2085 sedulo
707 2045 1045 2097 diligenterque
1075 2053 1266 2086 vacant.
1300 2045 1465 2093 Domi,
1498 2051 1686 2096 praeter
1716 2044 1775 2084 le—

136 2117 340 2157 ctionem
361 2128 556 2156 casuum
577 2117 913 2167 conscientiae,
938 2128 1058 2168 quae
1086 2129 1113 2156 a
1144 2117 1193 2157 P.
1225 2117 1403 2167 Leone,
1438 2116 1536 2156 eius
1566 2115 1633 2155 rei
1659 2115 1777 2166 peri-

136 2188 338 2239 tissimo,
362 2187 583 2239 habetur,
607 2188 748 2228 aliam
769 2188 910 2228 etiam
932 2187 1071 2228 Pater
1092 2187 1329 2239 Georgius
1350 2186 1582 2228 Serranus
1604 2186 1708 2238 pari
1730 2186 1777 2225 in

137 2271 187 2299 re
208 2259 477 2310 theologica
498 2259 726 2311 profectu,
751 2271 857 2300 cum
879 2260 1084 2299 maximo
1106 2271 1161 2298 ac
1177 2259 1424 2310 perspicuo
1440 2258 1639 2298 fratrum
1655 2257 1703 2297 in
1723 2269 1777 2297 ea

137 2330 369 2382 profectu,
394 2330 658 2381 theologiae
684 2330 936 2382 praelegit:
966 2330 1097 2370 cuius
1123 2342 1218 2370 non
1245 2331 1394 2370 solum
1415 2329 1682 2381 repetitioni
1703 2339 1780 2368 ve-

137 2413 242 2442 rum
263 2408 308 2442 et
329 2402 542 2452 duarum,
567 2413 684 2454 quas
706 2401 753 2441 in
772 2401 1091 2442 Universitate
1112 2401 1282 2441 fratres
1300 2401 1508 2451 audiunt,
1528 2401 1628 2452 ipse
1646 2410 1777 2451 prae-

139 2472 278 2524 sidet3
301 2485 360 2513 ex
381 2484 472 2525 qua
493 2485 543 2513 re
564 2484 790 2523 magnum
810 2472 982 2512 fratres
1003 2473 1229 2523 colligunt
1248 2472 1475 2522 fructum,
1501 2470 1781 2523 praesertim

141 2556 247 2585 cum
268 2551 312 2584 et
334 2543 712 2584 conclusionibus
733 2550 778 2583 et
799 2543 1194 2595 disputationibus
1219 2542 1360 2583 adsit.

220 2615 492 2667 Philosophi
517 2626 632 2654 vero
659 2620 704 2654 et
730 2614 762 2653 ii
788 2614 866 2666 qui
893 2615 941 2654 in
971 2615 1131 2655 literas
1158 2615 1431 2654 incumbunt
1457 2613 1779 2663 humaniores,

142 2693 394 2738 postquam
423 2684 714 2737 philosophia
743 2685 837 2736 legi
866 2692 1000 2736 cepta
1030 2691 1114 2736 est,
1139 2684 1292 2725 Patris
1312 2684 1574 2725 Hieronimi
1600 2683 1783 2724 Natalis

141 2756 273 2808 jussu
300 2758 348 2796 in
378 2756 586 2807 Collegio
616 2755 760 2807 Regis
790 2762 1055 2796 versantur.
1085 2756 1220 2807 Quod
1247 2755 1332 2796 fuit
1358 2761 1455 2795 tum
1485 2755 1782 2806 gymnasiar-

146 2828 277 2878 chae,
301 2834 400 2867 tum
420 2827 524 2867 aliis
546 2826 732 2877 collegii
750 2827 1135 2878 praeceptoribus
1155 2832 1442 2878 pergratum.
1470 2825 1522 2866 Id
1543 2826 1636 2866 iam
1658 2827 1782 2877 apud

147 2899 251 2939 illos
271 2899 414 2948 vulgo
436 2897 598 2946 fertur,
621 2903 891 2937 nostrorum
911 2897 958 2937 in
985 2897 1248 2937 ediscendis
1274 2897 1422 2937 literis
1451 2908 1559 2937 cum
1589 2897 1781 2947 diligen—

148 2970 263 3010 tiam
300 2976 398 3008 tum
435 2967 720 3019 profectum,
762 2967 822 3007 ad
859 2968 1090 3008 bonarum
1128 2968 1390 3008 litterarum
1429 2968 1583 3008 studia
1624 2979 1783 3008 conse-

150 3040 344 3090 ctanda,
378 3038 724 3090 condiscipulos
744 3038 946 3078 maxime
978 3039 1200 3079 excitare.
1232 3038 1351 3079 Nam
1379 3050 1485 3079 cum
1512 3039 1661 3079 nostri
1690 3051 1783 3079 uno
