2168 3437
872 279 955 317 AN.
985 280 1078 317 1553
1723 281 1788 317 401

156 375 351 415 faveret.
390 374 526 425 Quod
559 375 746 426 quidem
779 375 854 415 ille
889 387 938 416 se
972 376 1288 416 lubentissime
1323 376 1558 417 facturum
1587 376 1705 427 jam,
1743 383 1792 417 ut

157 445 425 498 accepimus
445 445 699 497 respondit.
721 445 790 486 Ita
819 446 968 486 bonus
998 458 1052 486 ac
1083 458 1194 486 vere
1228 447 1330 498 pius
1360 447 1591 499 princeps,
1622 459 1718 488 non
1746 449 1793 488 in

158 516 318 558 Sicilia
337 516 496 567 modo,
521 516 604 556 sed
625 517 672 556 in
693 517 795 556 aliis
816 528 999 568 quoque
1020 517 1290 567 regionibus
1306 518 1444 558 latius
1462 518 1640 559 difundi
1656 518 1793 570 hujus

159 586 406 628 Societatis
435 587 697 637 operarios,
729 592 779 626 ut
808 592 938 638 optat
967 587 1193 637 maxime,
1226 588 1290 628 ita
1325 588 1679 639 diligentissime
1715 590 1794 630 dat

160 669 366 709 operam.
391 657 480 709 Qui
501 657 707 709 quidem,
732 657 771 697 si
792 657 880 697 hac
900 657 949 697 in
968 668 1018 696 re
1040 658 1293 698 multorum
1322 659 1584 710 principum
1612 660 1794 701 animos

160 728 505 769 consentientes
539 728 752 778 haberet,
781 727 900 767 bone
928 727 1081 768 Deus!
1111 729 1220 780 quid
1254 730 1362 769 boni
1394 742 1487 770 non
1515 730 1671 771 fieret?
1702 730 1793 772 Sed

161 799 279 840 haec
300 799 356 839 de
377 799 454 839 illo
476 799 604 838 satis.

239 870 336 910 Imo
366 879 481 909 vero
512 869 626 909 nihil
652 868 749 920 jam
778 870 967 909 omnino
1000 876 1168 920 restat,
1206 871 1329 921 quod
1359 872 1583 923 scribam,
1620 873 1710 913 nisi
1745 879 1794 913 ut

161 941 382 991 ignoscas
418 939 692 991 ignoscique
718 951 745 979 a
774 939 876 980 Deo
914 939 1048 979 nobis
1082 941 1309 991 postules,
1352 942 1473 992 quod
1509 943 1794 994 negligentia

161 1017 323 1051 nostra
344 1010 728 1062 praetermissum
748 1016 817 1050 est
838 1010 966 1061 boni,
997 1016 1042 1050 et
1070 1010 1279 1051 divinum
1306 1013 1526 1063 implores
1553 1014 1790 1065 auxilium,

162 1093 253 1133 quo
282 1082 574 1121 voluntatem
608 1080 706 1132 ejus
737 1086 782 1121 et
817 1092 1132 1132 agnoscamus
1166 1081 1303 1122 facile
1337 1089 1381 1122 et
1415 1083 1596 1134 integre
1625 1086 1791 1136 exequi

160 1152 410 1203 possimus.

240 1222 508 1273 Messanae,
536 1221 889 1273 llSeptembris
913 1221 1028 1262 1553.

241 1293 295 1334 R.
320 1293 370 1333 P.
395 1293 446 1333 Τ.

242 1364 461 1415 indignus
484 1364 531 1404 in
553 1364 738 1405 Christo
758 1363 872 1416 Jesu
893 1374 1061 1405 servus
1079 1396 1087 1415 ,

1003 1505 1220 1545 ANNIBAL
1250 1518 1280 1545 A
1313 1505 1579 1546 COUDRETO.

248 1719 600 1771 Superscrz‘ptz'o
621 1720 671 1758 z'n
692 1723 867 1770 quarta
880 1720 1095 1771 pagina:
1115 1723 1143 1768 †
1161 1719 1262 1761 R.d0
1280 1720 1326 1759 in
1343 1719 1424 1759 X.0
1443 1719 1569 1760 Patri
1589 1720 1645 1760 D.
1665 1720 1796 1771 Igna-

171 1791 237 1831 tio
258 1791 313 1831 de
333 1791 513 1842 Loyola
534 1791 801 1842 praeposito
822 1791 958 1842 grali.
981 1790 1229 1832 Societatis
1250 1792 1375 1844 Jesu,

249 1862 441 1902 Romae.

249 1932 360 1972 Alia
380 1944 548 1972 manu:
574 1932 688 1984 1553,
714 1933 862 1984 Quad.
886 1933 1106 1974 Messina.
1131 1934 1196 1975 XI
1217 1933 1263 1973 di
1283 1934 1352 1973 71).

262 2003 524 2054 Vestigium
545 2014 676 2043 cerae
696 2008 740 2044 et
762 2004 933 2055 sigilli.

325 3142 378 3178 T.
410 3154 448 3178 11.
1580 3145 1624 3180 26
