<?xml version="1.0" encoding="UTF-8"?>
<!DOCTYPE html PUBLIC "-//W3C//DTD XHTML 1.0 Transitional//EN"
    "http://www.w3.org/TR/xhtml1/DTD/xhtml1-transitional.dtd">
<html xmlns="http://www.w3.org/1999/xhtml" xml:lang="en" lang="en">
 <head>
  <title>
</title>
<meta http-equiv="Content-Type" content="text/html;charset=utf-8" />
  <meta name='ocr-system' content='tesseract 3.04.00' />
  <meta name='ocr-capabilities' content='ocr_page ocr_carea ocr_par ocr_line ocrx_word'/>
</head>
<body>
  <div class='ocr_page' id='page_1' title='image "./litteraequadrime1402lain_0319.png"; bbox 0 0 2168 3437; ppageno 0'>
   <div class='ocr_carea' id='block_1_1' title="bbox 908 259 1830 305">
    <p class='ocr_par' dir='ltr' id='par_1_1' title="bbox 908 259 1830 305">
     <span class='ocr_line' id='line_1_1' title="bbox 908 259 1830 305; baseline -0.007 -4"><span class='ocrx_word' id='word_1_1' title='bbox 908 264 990 301; x_wconf 75' lang='lat' dir='ltr'>AN.</span> <span class='ocrx_word' id='word_1_2' title='bbox 1022 263 1113 301; x_wconf 72' lang='lat'>1553</span> <span class='ocrx_word' id='word_1_3' title='bbox 1141 302 1143 305; x_wconf 65' lang='grc'>,</span> <span class='ocrx_word' id='word_1_4' title='bbox 1758 259 1830 295; x_wconf 78' lang='lat'>315</span> 
     </span>
    </p>
   </div>
   <div class='ocr_carea' id='block_1_2' title="bbox 196 354 1851 3106">
    <p class='ocr_par' dir='ltr' id='par_1_2' title="bbox 196 354 1833 835">
     <span class='ocr_line' id='line_1_2' title="bbox 196 354 1829 412; baseline -0.008 -8"><span class='ocrx_word' id='word_1_5' title='bbox 196 375 382 404; x_wconf 77' lang='lat' dir='ltr'>cessam</span> <span class='ocrx_word' id='word_1_6' title='bbox 403 367 677 402; x_wconf 77' lang='lat' dir='ltr'>exercentes</span> <span class='ocrx_word' id='word_1_7' title='bbox 697 359 1018 412; x_wconf 76' lang='lat' dir='ltr'>petulantiam.</span> <span class='ocrx_word' id='word_1_8' title='bbox 1039 358 1087 398; x_wconf 89' lang='lat' dir='ltr'>In</span> <span class='ocrx_word' id='word_1_9' title='bbox 1110 357 1240 397; x_wconf 91' lang='lat' dir='ltr'>cuius</span> <span class='ocrx_word' id='word_1_10' title='bbox 1257 355 1614 396; x_wconf 88' lang='lat' dir='ltr'>detestationem</span> <span class='ocrx_word' id='word_1_11' title='bbox 1632 354 1678 393; x_wconf 92' lang='lat' dir='ltr'>in</span> <span class='ocrx_word' id='word_1_12' title='bbox 1694 363 1829 404; x_wconf 89' lang='lat' dir='ltr'>paro-</span> 
     </span>
     <span class='ocr_line' id='line_1_3' title="bbox 196 425 1830 484; baseline -0.008 -9"><span class='ocrx_word' id='word_1_13' title='bbox 196 435 339 474; x_wconf 87' lang='lat' dir='ltr'>chiali</span> <span class='ocrx_word' id='word_1_14' title='bbox 358 433 545 484; x_wconf 91' lang='lat' dir='ltr'>templo,</span> <span class='ocrx_word' id='word_1_15' title='bbox 569 432 630 472; x_wconf 89' lang='lat' dir='ltr'>ad</span> <span class='ocrx_word' id='word_1_16' title='bbox 650 431 855 472; x_wconf 85' lang='lat' dir='ltr'>divinum</span> <span class='ocrx_word' id='word_1_17' title='bbox 875 429 1075 469; x_wconf 86' lang='lat' dir='ltr'>officium</span> <span class='ocrx_word' id='word_1_18' title='bbox 1093 428 1314 468; x_wconf 87' lang='lat' dir='ltr'>universo</span> <span class='ocrx_word' id='word_1_19' title='bbox 1336 431 1625 477; x_wconf 88' lang='lat' dir='ltr'>congregato</span> <span class='ocrx_word' id='word_1_20' title='bbox 1643 425 1768 464; x_wconf 90' lang='lat' dir='ltr'>clero</span> <span class='ocrx_word' id='word_1_21' title='bbox 1786 430 1830 463; x_wconf 91' lang='lat' dir='ltr'>et</span> 
     </span>
     <span class='ocr_line' id='line_1_4' title="bbox 198 495 1830 557; baseline -0.007 -11"><span class='ocrx_word' id='word_1_22' title='bbox 198 505 384 557; x_wconf 89' lang='lat' dir='ltr'>populo,</span> <span class='ocrx_word' id='word_1_23' title='bbox 407 513 476 544; x_wconf 88' lang='lat' dir='ltr'>ter</span> <span class='ocrx_word' id='word_1_24' title='bbox 498 503 726 543; x_wconf 80' lang='lat' dir='ltr'>Dominus</span> <span class='ocrx_word' id='word_1_25' title='bbox 755 500 1026 541; x_wconf 89' lang='lat' dir='ltr'>concionari</span> <span class='ocrx_word' id='word_1_26' title='bbox 1054 511 1136 550; x_wconf 88' lang='lat' dir='ltr'>per</span> <span class='ocrx_word' id='word_1_27' title='bbox 1163 499 1355 549; x_wconf 89' lang='lat' dir='ltr'>longum</span> <span class='ocrx_word' id='word_1_28' title='bbox 1377 496 1599 548; x_wconf 90' lang='lat' dir='ltr'>temporis</span> <span class='ocrx_word' id='word_1_29' title='bbox 1627 495 1830 546; x_wconf 89' lang='lat' dir='ltr'>spatium</span> 
     </span>
     <span class='ocr_line' id='line_1_5' title="bbox 198 567 1830 626; baseline -0.007 -10"><span class='ocrx_word' id='word_1_30' title='bbox 198 576 397 626; x_wconf 90' lang='lat' dir='ltr'>largitus</span> <span class='ocrx_word' id='word_1_31' title='bbox 435 581 518 624; x_wconf 90' lang='lat' dir='ltr'>est,</span> <span class='ocrx_word' id='word_1_32' title='bbox 557 585 703 624; x_wconf 92' lang='lat' dir='ltr'>eoque</span> <span class='ocrx_word' id='word_1_33' title='bbox 736 571 975 611; x_wconf 90' lang='lat' dir='ltr'>hominum</span> <span class='ocrx_word' id='word_1_34' title='bbox 1009 569 1264 620; x_wconf 79' lang='lat' dir='ltr'>perducere</span> <span class='ocrx_word' id='word_1_35' title='bbox 1298 574 1476 608; x_wconf 84' lang='lat' dir='ltr'>mentes</span> <span class='ocrx_word' id='word_1_36' title='bbox 1510 567 1744 617; x_wconf 83' lang='lat' dir='ltr'>dignatus,</span> <span class='ocrx_word' id='word_1_37' title='bbox 1782 570 1830 604; x_wconf 94' lang='lat' dir='ltr'>ut</span> 
     </span>
     <span class='ocr_line' id='line_1_6' title="bbox 199 637 1831 693; baseline -0.007 -7"><span class='ocrx_word' id='word_1_38' title='bbox 199 646 414 686; x_wconf 91' lang='lat' dir='ltr'>omnibus</span> <span class='ocrx_word' id='word_1_39' title='bbox 436 645 537 685; x_wconf 91' lang='lat' dir='ltr'>istis</span> <span class='ocrx_word' id='word_1_40' title='bbox 557 644 686 684; x_wconf 87' lang='lat' dir='ltr'>feriis</span> <span class='ocrx_word' id='word_1_41' title='bbox 707 654 793 682; x_wconf 90' lang='lat' dir='ltr'>nec</span> <span class='ocrx_word' id='word_1_42' title='bbox 814 648 1053 693; x_wconf 88' lang='lat' dir='ltr'>tympana,</span> <span class='ocrx_word' id='word_1_43' title='bbox 1078 652 1163 679; x_wconf 89' lang='lat' dir='ltr'>nec</span> <span class='ocrx_word' id='word_1_44' title='bbox 1180 639 1380 689; x_wconf 88' lang='lat' dir='ltr'>fistulae,</span> <span class='ocrx_word' id='word_1_45' title='bbox 1404 651 1489 678; x_wconf 90' lang='lat' dir='ltr'>nec</span> <span class='ocrx_word' id='word_1_46' title='bbox 1507 638 1599 677; x_wconf 90' lang='lat' dir='ltr'>ulla</span> <span class='ocrx_word' id='word_1_47' title='bbox 1616 637 1831 677; x_wconf 89' lang='lat' dir='ltr'>ludorum</span> 
     </span>
     <span class='ocr_line' id='line_1_7' title="bbox 196 707 1833 769; baseline -0.007 -11"><span class='ocrx_word' id='word_1_48' title='bbox 196 728 395 769; x_wconf 87' lang='lat' dir='ltr'>genera,</span> <span class='ocrx_word' id='word_1_49' title='bbox 418 727 504 756; x_wconf 94' lang='lat' dir='ltr'>nec</span> <span class='ocrx_word' id='word_1_50' title='bbox 527 715 750 763; x_wconf 87' lang='lat' dir='ltr'>choreae,</span> <span class='ocrx_word' id='word_1_51' title='bbox 779 724 865 752; x_wconf 91' lang='lat' dir='ltr'>nec</span> <span class='ocrx_word' id='word_1_52' title='bbox 896 710 1162 751; x_wconf 89' lang='lat' dir='ltr'>huiusmodi</span> <span class='ocrx_word' id='word_1_53' title='bbox 1187 710 1562 761; x_wconf 78' lang='lat' dir='ltr'>perturbationes</span> <span class='ocrx_word' id='word_1_54' title='bbox 1592 715 1671 748; x_wconf 88' lang='lat' dir='ltr'>aut</span> <span class='ocrx_word' id='word_1_55' title='bbox 1702 707 1833 747; x_wconf 86' lang='lat' dir='ltr'>visae</span> 
     </span>
     <span class='ocr_line' id='line_1_8' title="bbox 199 780 1478 835; baseline -0.008 -7"><span class='ocrx_word' id='word_1_56' title='bbox 199 795 278 828; x_wconf 88' lang='lat' dir='ltr'>aut</span> <span class='ocrx_word' id='word_1_57' title='bbox 300 786 486 827; x_wconf 85' lang='lat' dir='ltr'>auditae</span> <span class='ocrx_word' id='word_1_58' title='bbox 509 791 588 825; x_wconf 93' lang='lat' dir='ltr'>aut</span> <span class='ocrx_word' id='word_1_59' title='bbox 611 785 657 824; x_wconf 88' lang='lat' dir='ltr'>in</span> <span class='ocrx_word' id='word_1_60' title='bbox 678 783 875 835; x_wconf 81' lang='lat' dir='ltr'>publicis</span> <span class='ocrx_word' id='word_1_61' title='bbox 896 786 1146 833; x_wconf 85' lang='lat' dir='ltr'>perceptae</span> <span class='ocrx_word' id='word_1_62' title='bbox 1168 786 1275 820; x_wconf 93' lang='lat' dir='ltr'>sunt</span> <span class='ocrx_word' id='word_1_63' title='bbox 1297 780 1478 831; x_wconf 86' lang='lat' dir='ltr'>plateis.</span> 
     </span>
    </p>

    <p class='ocr_par' dir='ltr' id='par_1_3' title="bbox 198 849 1851 3106">
     <span class='ocr_line' id='line_1_9' title="bbox 278 849 1833 902; baseline -0.006 -4"><span class='ocrx_word' id='word_1_64' title='bbox 278 858 527 898; x_wconf 84' lang='lat' dir='ltr'>Caeterum</span> <span class='ocrx_word' id='word_1_65' title='bbox 548 867 633 895; x_wconf 92' lang='lat' dir='ltr'>nec</span> <span class='ocrx_word' id='word_1_66' title='bbox 654 855 741 895; x_wconf 92' lang='lat' dir='ltr'>hoc</span> <span class='ocrx_word' id='word_1_67' title='bbox 770 852 1078 894; x_wconf 89' lang='lat' dir='ltr'>omittendum</span> <span class='ocrx_word' id='word_1_68' title='bbox 1105 858 1294 890; x_wconf 83' lang='lat' dir='ltr'>autumo</span> <span class='ocrx_word' id='word_1_69' title='bbox 1322 851 1573 902; x_wconf 86' lang='lat' dir='ltr'>quamdam</span> <span class='ocrx_word' id='word_1_70' title='bbox 1599 849 1833 900; x_wconf 88' lang='lat' dir='ltr'>virginem</span> 
     </span>
     <span class='ocr_line' id='line_1_10' title="bbox 200 919 1831 981; baseline -0.007 -12"><span class='ocrx_word' id='word_1_71' title='bbox 200 930 321 981; x_wconf 80' lang='lat' dir='ltr'>(post</span> <span class='ocrx_word' id='word_1_72' title='bbox 344 928 639 968; x_wconf 88' lang='lat' dir='ltr'>collationem</span> <span class='ocrx_word' id='word_1_73' title='bbox 661 926 707 966; x_wconf 88' lang='lat' dir='ltr'>in</span> <span class='ocrx_word' id='word_1_74' title='bbox 728 925 816 965; x_wconf 89' lang='lat' dir='ltr'>fine</span> <span class='ocrx_word' id='word_1_75' title='bbox 837 924 1009 964; x_wconf 88' lang='lat' dir='ltr'>Missae</span> <span class='ocrx_word' id='word_1_76' title='bbox 1032 923 1087 962; x_wconf 91' lang='lat' dir='ltr'>de</span> <span class='ocrx_word' id='word_1_77' title='bbox 1108 934 1222 961; x_wconf 88' lang='lat' dir='ltr'>vera</span> <span class='ocrx_word' id='word_1_78' title='bbox 1240 921 1311 961; x_wconf 90' lang='lat' dir='ltr'>sui</span> <span class='ocrx_word' id='word_1_79' title='bbox 1332 921 1477 972; x_wconf 89' lang='lat' dir='ltr'>ipsius</span> <span class='ocrx_word' id='word_1_80' title='bbox 1495 921 1539 960; x_wconf 90' lang='lat' dir='ltr'>in</span> <span class='ocrx_word' id='word_1_81' title='bbox 1556 920 1707 960; x_wconf 91' lang='lat' dir='ltr'>Deum</span> <span class='ocrx_word' id='word_1_82' title='bbox 1722 919 1831 959; x_wconf 90' lang='lat' dir='ltr'>resi-</span> 
     </span>
     <span class='ocr_line' id='line_1_11' title="bbox 198 990 1832 1052; baseline -0.007 -12"><span class='ocrx_word' id='word_1_83' title='bbox 198 1000 420 1052; x_wconf 88' lang='lat' dir='ltr'>gnatione</span> <span class='ocrx_word' id='word_1_84' title='bbox 442 1010 468 1038; x_wconf 90' lang='lat' dir='ltr'>a</span> <span class='ocrx_word' id='word_1_85' title='bbox 488 998 536 1038; x_wconf 88' lang='lat' dir='ltr'>P.</span> <span class='ocrx_word' id='word_1_86' title='bbox 563 997 699 1037; x_wconf 85' lang='lat' dir='ltr'>Mtro.</span> <span class='ocrx_word' id='word_1_87' title='bbox 724 996 935 1036; x_wconf 82' lang='lat' dir='ltr'>Adriano</span> <span class='ocrx_word' id='word_1_88' title='bbox 956 993 1179 1043; x_wconf 87' lang='lat' dir='ltr'>habitam)</span> <span class='ocrx_word' id='word_1_89' title='bbox 1203 992 1261 1032; x_wconf 92' lang='lat' dir='ltr'>ad</span> <span class='ocrx_word' id='word_1_90' title='bbox 1283 991 1422 1031; x_wconf 90' lang='lat' dir='ltr'>aedes</span> <span class='ocrx_word' id='word_1_91' title='bbox 1438 998 1624 1031; x_wconf 88' lang='lat' dir='ltr'>nostras</span> <span class='ocrx_word' id='word_1_92' title='bbox 1646 990 1832 1030; x_wconf 83' lang='lat' dir='ltr'>venisse</span> 
     </span>
     <span class='ocr_line' id='line_1_12' title="bbox 198 1061 1830 1120; baseline -0.007 -9"><span class='ocrx_word' id='word_1_93' title='bbox 198 1082 384 1111; x_wconf 91' lang='lat' dir='ltr'>omnem</span> <span class='ocrx_word' id='word_1_94' title='bbox 405 1081 539 1109; x_wconf 91' lang='lat' dir='ltr'>suam</span> <span class='ocrx_word' id='word_1_95' title='bbox 555 1067 859 1120; x_wconf 85' lang='lat' dir='ltr'>pecuniarum</span> <span class='ocrx_word' id='word_1_96' title='bbox 875 1078 931 1106; x_wconf 93' lang='lat' dir='ltr'>ac</span> <span class='ocrx_word' id='word_1_97' title='bbox 947 1065 1212 1105; x_wconf 86' lang='lat' dir='ltr'>reddituum</span> <span class='ocrx_word' id='word_1_98' title='bbox 1231 1069 1487 1114; x_wconf 88' lang='lat' dir='ltr'>apportans</span> <span class='ocrx_word' id='word_1_99' title='bbox 1505 1061 1830 1110; x_wconf 85' lang='lat' dir='ltr'>substantiam,</span> 
     </span>
     <span class='ocr_line' id='line_1_13' title="bbox 198 1132 1834 1193; baseline -0.007 -11"><span class='ocrx_word' id='word_1_100' title='bbox 198 1141 393 1193; x_wconf 88' lang='lat' dir='ltr'>requirit</span> <span class='ocrx_word' id='word_1_101' title='bbox 413 1140 616 1190; x_wconf 88' lang='lat' dir='ltr'>Patrem,</span> <span class='ocrx_word' id='word_1_102' title='bbox 646 1150 736 1190; x_wconf 91' lang='lat' dir='ltr'>quo</span> <span class='ocrx_word' id='word_1_103' title='bbox 765 1138 1071 1186; x_wconf 83' lang='lat' dir='ltr'>adventante,</span> <span class='ocrx_word' id='word_1_104' title='bbox 1103 1135 1221 1175; x_wconf 88' lang='lat' dir='ltr'>haec</span> <span class='ocrx_word' id='word_1_105' title='bbox 1247 1134 1383 1174; x_wconf 89' lang='lat' dir='ltr'>simul</span> <span class='ocrx_word' id='word_1_106' title='bbox 1409 1133 1544 1184; x_wconf 89' lang='lat' dir='ltr'>peplo</span> <span class='ocrx_word' id='word_1_107' title='bbox 1565 1132 1775 1171; x_wconf 78' lang='lat' dir='ltr'>involuta</span> <span class='ocrx_word' id='word_1_108' title='bbox 1792 1132 1834 1171; x_wconf 93' lang='lat' dir='ltr'>ei</span> 
     </span>
     <span class='ocr_line' id='line_1_14' title="bbox 199 1202 1834 1263; baseline -0.007 -10"><span class='ocrx_word' id='word_1_109' title='bbox 199 1212 404 1263; x_wconf 89' lang='lat' dir='ltr'>tradens,</span> <span class='ocrx_word' id='word_1_110' title='bbox 427 1223 566 1252; x_wconf 89' lang='lat' dir='ltr'>verso</span> <span class='ocrx_word' id='word_1_111' title='bbox 589 1217 739 1260; x_wconf 89' lang='lat' dir='ltr'>tergo,</span> <span class='ocrx_word' id='word_1_112' title='bbox 761 1220 849 1249; x_wconf 86' lang='lat' dir='ltr'>nec</span> <span class='ocrx_word' id='word_1_113' title='bbox 873 1206 1235 1248; x_wconf 80' lang='lat' dir='ltr'>verbum&#39;sando</span> <span class='ocrx_word' id='word_1_114' title='bbox 1265 1206 1432 1255; x_wconf 89' lang='lat' dir='ltr'>ullum,</span> <span class='ocrx_word' id='word_1_115' title='bbox 1465 1203 1666 1253; x_wconf 78' lang='lat' dir='ltr'>aufugit3</span> <span class='ocrx_word' id='word_1_116' title='bbox 1696 1202 1834 1242; x_wconf 84' lang='lat' dir='ltr'>Pater</span> 
     </span>
     <span class='ocr_line' id='line_1_15' title="bbox 202 1274 1830 1334; baseline -0.007 -10"><span class='ocrx_word' id='word_1_117' title='bbox 202 1290 370 1334; x_wconf 88' lang='lat' dir='ltr'>autem,</span> <span class='ocrx_word' id='word_1_118' title='bbox 394 1294 494 1322; x_wconf 90' lang='lat' dir='ltr'>rem</span> <span class='ocrx_word' id='word_1_119' title='bbox 521 1280 846 1330; x_wconf 87' lang='lat' dir='ltr'>considerans,</span> <span class='ocrx_word' id='word_1_120' title='bbox 876 1290 962 1319; x_wconf 90' lang='lat' dir='ltr'>nec</span> <span class='ocrx_word' id='word_1_121' title='bbox 990 1278 1089 1318; x_wconf 91' lang='lat' dir='ltr'>eius</span> <span class='ocrx_word' id='word_1_122' title='bbox 1114 1278 1279 1317; x_wconf 80' lang='lat' dir='ltr'>volens</span> <span class='ocrx_word' id='word_1_123' title='bbox 1306 1275 1575 1316; x_wconf 89' lang='lat' dir='ltr'>contristari</span> <span class='ocrx_word' id='word_1_124' title='bbox 1602 1274 1830 1325; x_wconf 88' lang='lat' dir='ltr'>spiritum,</span> 
     </span>
     <span class='ocr_line' id='line_1_16' title="bbox 200 1345 1835 1401; baseline -0.007 -6"><span class='ocrx_word' id='word_1_125' title='bbox 200 1354 436 1395; x_wconf 86' lang='lat' dir='ltr'>subticuit:</span> <span class='ocrx_word' id='word_1_126' title='bbox 466 1353 644 1392; x_wconf 90' lang='lat' dir='ltr'>interea</span> <span class='ocrx_word' id='word_1_127' title='bbox 673 1362 802 1400; x_wconf 85' lang='lat' dir='ltr'>vero,</span> <span class='ocrx_word' id='word_1_128' title='bbox 833 1349 1003 1401; x_wconf 89' lang='lat' dir='ltr'>partim</span> <span class='ocrx_word' id='word_1_129' title='bbox 1031 1360 1114 1400; x_wconf 94' lang='lat' dir='ltr'>per</span> <span class='ocrx_word' id='word_1_130' title='bbox 1147 1348 1334 1388; x_wconf 86' lang='lat' dir='ltr'>tertiam</span> <span class='ocrx_word' id='word_1_131' title='bbox 1360 1357 1626 1398; x_wconf 86' lang='lat' dir='ltr'>personam,</span> <span class='ocrx_word' id='word_1_132' title='bbox 1664 1345 1835 1396; x_wconf 89' lang='lat' dir='ltr'>partim</span> 
     </span>
     <span class='ocr_line' id='line_1_17' title="bbox 204 1416 1836 1472; baseline -0.007 -6"><span class='ocrx_word' id='word_1_133' title='bbox 204 1427 294 1466; x_wconf 92' lang='lat' dir='ltr'>alio</span> <span class='ocrx_word' id='word_1_134' title='bbox 316 1437 418 1465; x_wconf 93' lang='lat' dir='ltr'>sese</span> <span class='ocrx_word' id='word_1_135' title='bbox 440 1423 662 1463; x_wconf 84' lang='lat' dir='ltr'>offerente</span> <span class='ocrx_word' id='word_1_136' title='bbox 683 1421 852 1471; x_wconf 89' lang='lat' dir='ltr'>medio,</span> <span class='ocrx_word' id='word_1_137' title='bbox 876 1432 966 1472; x_wconf 91' lang='lat' dir='ltr'>quo</span> <span class='ocrx_word' id='word_1_138' title='bbox 988 1420 1089 1471; x_wconf 87' lang='lat' dir='ltr'>ipsa</span> <span class='ocrx_word' id='word_1_139' title='bbox 1110 1420 1157 1459; x_wconf 90' lang='lat' dir='ltr'>in</span> <span class='ocrx_word' id='word_1_140' title='bbox 1178 1430 1261 1458; x_wconf 89' lang='lat' dir='ltr'>sua</span> <span class='ocrx_word' id='word_1_141' title='bbox 1283 1423 1610 1470; x_wconf 83' lang='lat' dir='ltr'>perseveraret</span> <span class='ocrx_word' id='word_1_142' title='bbox 1630 1416 1836 1466; x_wconf 88' lang='lat' dir='ltr'>resigna-</span> 
     </span>
     <span class='ocr_line' id='line_1_18' title="bbox 198 1488 1838 1546; baseline -0.007 -9"><span class='ocrx_word' id='word_1_143' title='bbox 198 1497 340 1546; x_wconf 88' lang='lat' dir='ltr'>tione,</span> <span class='ocrx_word' id='word_1_144' title='bbox 364 1494 579 1535; x_wconf 89' lang='lat' dir='ltr'>restituit.</span> <span class='ocrx_word' id='word_1_145' title='bbox 603 1493 710 1533; x_wconf 85' lang='lat' dir='ltr'>Alia</span> <span class='ocrx_word' id='word_1_146' title='bbox 732 1492 962 1544; x_wconf 85' lang='lat' dir='ltr'>quaedam</span> <span class='ocrx_word' id='word_1_147' title='bbox 984 1491 1119 1541; x_wconf 86' lang='lat' dir='ltr'>virgo</span> <span class='ocrx_word' id='word_1_148' title='bbox 1134 1522 1142 1540; x_wconf 87' lang='lat'>,</span> <span class='ocrx_word' id='word_1_149' title='bbox 1160 1490 1257 1530; x_wconf 86' lang='lat' dir='ltr'>fere</span> <span class='ocrx_word' id='word_1_150' title='bbox 1278 1489 1324 1528; x_wconf 83' lang='lat'>17</span> <span class='ocrx_word' id='word_1_151' title='bbox 1342 1500 1586 1537; x_wconf 89' lang='lat' dir='ltr'>annorum,</span> <span class='ocrx_word' id='word_1_152' title='bbox 1611 1488 1740 1527; x_wconf 83' lang='lat' dir='ltr'>iuxta</span> <span class='ocrx_word' id='word_1_153' title='bbox 1759 1488 1838 1526; x_wconf 89' lang='lat' dir='ltr'>hu-</span> 
     </span>
     <span class='ocr_line' id='line_1_19' title="bbox 204 1559 1838 1615; baseline -0.007 -8"><span class='ocrx_word' id='word_1_154' title='bbox 204 1568 276 1607; x_wconf 92' lang='lat' dir='ltr'>ius</span> <span class='ocrx_word' id='word_1_155' title='bbox 292 1566 467 1607; x_wconf 91' lang='lat' dir='ltr'>saeculi</span> <span class='ocrx_word' id='word_1_156' title='bbox 480 1576 674 1615; x_wconf 88' lang='lat' dir='ltr'>morem,</span> <span class='ocrx_word' id='word_1_157' title='bbox 694 1574 918 1615; x_wconf 90' lang='lat' dir='ltr'>pompose</span> <span class='ocrx_word' id='word_1_158' title='bbox 937 1561 1188 1602; x_wconf 88' lang='lat' dir='ltr'>admodum</span> <span class='ocrx_word' id='word_1_159' title='bbox 1205 1559 1507 1600; x_wconf 87' lang='lat' dir='ltr'>muliebribus</span> <span class='ocrx_word' id='word_1_160' title='bbox 1524 1564 1752 1598; x_wconf 83' lang='lat' dir='ltr'>exornata</span> <span class='ocrx_word' id='word_1_161' title='bbox 1770 1569 1838 1597; x_wconf 89' lang='lat' dir='ltr'>or-</span> 
     </span>
     <span class='ocr_line' id='line_1_20' title="bbox 203 1629 1841 1688; baseline -0.007 -10"><span class='ocrx_word' id='word_1_162' title='bbox 203 1637 451 1688; x_wconf 91' lang='lat' dir='ltr'>namentis,</span> <span class='ocrx_word' id='word_1_163' title='bbox 474 1643 580 1688; x_wconf 89' lang='lat' dir='ltr'>post</span> <span class='ocrx_word' id='word_1_164' title='bbox 608 1635 882 1676; x_wconf 86' lang='lat' dir='ltr'>concionem</span> <span class='ocrx_word' id='word_1_165' title='bbox 910 1634 957 1673; x_wconf 88' lang='lat' dir='ltr'>in</span> <span class='ocrx_word' id='word_1_166' title='bbox 987 1632 1190 1684; x_wconf 89' lang='lat' dir='ltr'>quodam</span> <span class='ocrx_word' id='word_1_167' title='bbox 1217 1631 1441 1672; x_wconf 84' lang='lat' dir='ltr'>coenobio</span> <span class='ocrx_word' id='word_1_168' title='bbox 1471 1630 1728 1681; x_wconf 87' lang='lat' dir='ltr'>virginum,</span> <span class='ocrx_word' id='word_1_169' title='bbox 1756 1629 1841 1668; x_wconf 46' lang='lat' dir='ltr'>mubi</span> 
     </span>
     <span class='ocr_line' id='line_1_21' title="bbox 203 1700 1842 1757; baseline -0.007 -7"><span class='ocrx_word' id='word_1_170' title='bbox 203 1715 299 1750; x_wconf 91' lang='lat' dir='ltr'>tres</span> <span class='ocrx_word' id='word_1_171' title='bbox 314 1720 407 1749; x_wconf 90' lang='lat' dir='ltr'>uno</span> <span class='ocrx_word' id='word_1_172' title='bbox 425 1708 497 1748; x_wconf 90' lang='lat' dir='ltr'>die</span> <span class='ocrx_word' id='word_1_173' title='bbox 514 1718 651 1747; x_wconf 87' lang='lat' dir='ltr'>sacra</span> <span class='ocrx_word' id='word_1_174' title='bbox 669 1710 966 1757; x_wconf 89' lang='lat' dir='ltr'>sumpserunt</span> <span class='ocrx_word' id='word_1_175' title='bbox 979 1703 1229 1753; x_wconf 88' lang='lat' dir='ltr'>velamina,</span> <span class='ocrx_word' id='word_1_176' title='bbox 1243 1702 1464 1751; x_wconf 88' lang='lat' dir='ltr'>habitam,</span> <span class='ocrx_word' id='word_1_177' title='bbox 1485 1713 1604 1753; x_wconf 89' lang='lat' dir='ltr'>quae</span> <span class='ocrx_word' id='word_1_178' title='bbox 1621 1700 1676 1740; x_wconf 90' lang='lat' dir='ltr'>de</span> <span class='ocrx_word' id='word_1_179' title='bbox 1694 1707 1842 1740; x_wconf 90' lang='lat' dir='ltr'>morte</span> 
     </span>
     <span class='ocr_line' id='line_1_22' title="bbox 206 1771 1843 1831; baseline -0.006 -11"><span class='ocrx_word' id='word_1_180' title='bbox 206 1786 249 1820; x_wconf 91' lang='lat' dir='ltr'>et</span> <span class='ocrx_word' id='word_1_181' title='bbox 270 1780 421 1831; x_wconf 88' lang='lat' dir='ltr'>gloria</span> <span class='ocrx_word' id='word_1_182' title='bbox 441 1777 757 1830; x_wconf 87' lang='lat' dir='ltr'>perfectorum</span> <span class='ocrx_word' id='word_1_183' title='bbox 776 1776 874 1825; x_wconf 84' lang='lat' dir='ltr'>fuit,</span> <span class='ocrx_word' id='word_1_184' title='bbox 901 1787 1009 1815; x_wconf 89' lang='lat' dir='ltr'>cum</span> <span class='ocrx_word' id='word_1_185' title='bbox 1038 1774 1284 1815; x_wconf 88' lang='lat' dir='ltr'>sororibus</span> <span class='ocrx_word' id='word_1_186' title='bbox 1317 1774 1363 1813; x_wconf 89' lang='lat' dir='ltr'>in</span> <span class='ocrx_word' id='word_1_187' title='bbox 1392 1772 1600 1812; x_wconf 85' lang='lat' dir='ltr'>inferiori</span> <span class='ocrx_word' id='word_1_188' title='bbox 1628 1771 1843 1811; x_wconf 88' lang='lat' dir='ltr'>coenobii</span> 
     </span>
     <span class='ocr_line' id='line_1_23' title="bbox 204 1843 1843 1903; baseline -0.005 -12"><span class='ocrx_word' id='word_1_189' title='bbox 204 1862 485 1903; x_wconf 87' lang='lat' dir='ltr'>permanens</span> <span class='ocrx_word' id='word_1_190' title='bbox 505 1855 653 1900; x_wconf 89' lang='lat' dir='ltr'>parte,</span> <span class='ocrx_word' id='word_1_191' title='bbox 677 1860 764 1888; x_wconf 90' lang='lat' dir='ltr'>nec</span> <span class='ocrx_word' id='word_1_192' title='bbox 786 1847 844 1887; x_wconf 93' lang='lat' dir='ltr'>ad</span> <span class='ocrx_word' id='word_1_193' title='bbox 865 1847 1087 1898; x_wconf 90' lang='lat' dir='ltr'>nuptiale,</span> <span class='ocrx_word' id='word_1_194' title='bbox 1112 1845 1190 1885; x_wconf 90' lang='lat' dir='ltr'>ubi</span> <span class='ocrx_word' id='word_1_195' title='bbox 1211 1851 1432 1896; x_wconf 90' lang='lat' dir='ltr'>parentes</span> <span class='ocrx_word' id='word_1_196' title='bbox 1453 1843 1718 1894; x_wconf 89' lang='lat' dir='ltr'>caeterique</span> <span class='ocrx_word' id='word_1_197' title='bbox 1737 1854 1843 1882; x_wconf 91' lang='lat' dir='ltr'>con-</span> 
     </span>
     <span class='ocr_line' id='line_1_24' title="bbox 204 1914 1839 1970; baseline -0.006 -8"><span class='ocrx_word' id='word_1_198' title='bbox 204 1928 434 1962; x_wconf 85' lang='lat' dir='ltr'>venerunt</span> <span class='ocrx_word' id='word_1_199' title='bbox 455 1921 740 1970; x_wconf 88' lang='lat' dir='ltr'>saeculares,</span> <span class='ocrx_word' id='word_1_200' title='bbox 763 1917 1014 1970; x_wconf 87' lang='lat' dir='ltr'>prandium</span> <span class='ocrx_word' id='word_1_201' title='bbox 1034 1917 1244 1966; x_wconf 86' lang='lat' dir='ltr'>Veniens,</span> <span class='ocrx_word' id='word_1_202' title='bbox 1270 1927 1391 1966; x_wconf 91' lang='lat' dir='ltr'>cum,</span> <span class='ocrx_word' id='word_1_203' title='bbox 1414 1921 1606 1967; x_wconf 92' lang='lat' dir='ltr'>peracto</span> <span class='ocrx_word' id='word_1_204' title='bbox 1627 1914 1839 1966; x_wconf 86' lang='lat' dir='ltr'>prandio,</span> 
     </span>
     <span class='ocr_line' id='line_1_25' title="bbox 205 1988 1843 2044; baseline -0.005 -11"><span class='ocrx_word' id='word_1_205' title='bbox 205 1993 396 2033; x_wconf 90' lang='lat' dir='ltr'>domum</span> <span class='ocrx_word' id='word_1_206' title='bbox 423 1990 816 2044; x_wconf 89' lang='lat' dir='ltr'>proficiscendum</span> <span class='ocrx_word' id='word_1_207' title='bbox 841 1989 962 2029; x_wconf 89' lang='lat' dir='ltr'>filiae</span> <span class='ocrx_word' id='word_1_208' title='bbox 990 1988 1273 2037; x_wconf 90' lang='lat' dir='ltr'>indicarent,</span> <span class='ocrx_word' id='word_1_209' title='bbox 1305 1999 1398 2027; x_wconf 90' lang='lat' dir='ltr'>una</span> <span class='ocrx_word' id='word_1_210' title='bbox 1433 1997 1541 2026; x_wconf 89' lang='lat' dir='ltr'>cum</span> <span class='ocrx_word' id='word_1_211' title='bbox 1575 1996 1738 2025; x_wconf 85' lang='lat' dir='ltr'>sorore</span> <span class='ocrx_word' id='word_1_212' title='bbox 1768 1996 1843 2024; x_wconf 87' lang='lat' dir='ltr'>ve-</span> 
     </span>
     <span class='ocr_line' id='line_1_26' title="bbox 205 2057 1843 2115; baseline -0.005 -11"><span class='ocrx_word' id='word_1_213' title='bbox 205 2065 353 2114; x_wconf 89' lang='lat' dir='ltr'>niens,</span> <span class='ocrx_word' id='word_1_214' title='bbox 377 2063 625 2115; x_wconf 84' lang='lat' dir='ltr'>provoluta</span> <span class='ocrx_word' id='word_1_215' title='bbox 651 2061 849 2113; x_wconf 83' lang='lat' dir='ltr'>genibus</span> <span class='ocrx_word' id='word_1_216' title='bbox 877 2072 1037 2100; x_wconf 90' lang='lat' dir='ltr'>coram</span> <span class='ocrx_word' id='word_1_217' title='bbox 1069 2058 1364 2112; x_wconf 87' lang='lat' dir='ltr'>parentibus,</span> <span class='ocrx_word' id='word_1_218' title='bbox 1395 2069 1569 2108; x_wconf 90' lang='lat' dir='ltr'>magna</span> <span class='ocrx_word' id='word_1_219' title='bbox 1598 2057 1843 2097; x_wconf 89' lang='lat' dir='ltr'>lachrima-</span> 
     </span>
     <span class='ocr_line' id='line_1_27' title="bbox 207 2126 1845 2180; baseline -0.006 -5"><span class='ocrx_word' id='word_1_220' title='bbox 207 2146 310 2175; x_wconf 89' lang='lat' dir='ltr'>rum</span> <span class='ocrx_word' id='word_1_221' title='bbox 330 2133 632 2174; x_wconf 88' lang='lat' dir='ltr'>inundatione</span> <span class='ocrx_word' id='word_1_222' title='bbox 655 2132 716 2172; x_wconf 91' lang='lat' dir='ltr'>ibi</span> <span class='ocrx_word' id='word_1_223' title='bbox 744 2131 963 2172; x_wconf 84' lang='lat' dir='ltr'>manendi</span> <span class='ocrx_word' id='word_1_224' title='bbox 991 2131 1243 2170; x_wconf 90' lang='lat' dir='ltr'>obsecrare</span> <span class='ocrx_word' id='word_1_225' title='bbox 1265 2129 1418 2180; x_wconf 89' lang='lat' dir='ltr'>coepit</span> <span class='ocrx_word' id='word_1_226' title='bbox 1440 2128 1725 2168; x_wconf 85' lang='lat' dir='ltr'>facultatem.</span> <span class='ocrx_word' id='word_1_227' title='bbox 1758 2126 1845 2165; x_wconf 91' lang='lat' dir='ltr'>Hic</span> 
     </span>
     <span class='ocr_line' id='line_1_28' title="bbox 209 2198 1845 2252; baseline -0.006 -6"><span class='ocrx_word' id='word_1_228' title='bbox 209 2207 332 2246; x_wconf 90' lang='lat' dir='ltr'>laeta</span> <span class='ocrx_word' id='word_1_229' title='bbox 354 2205 576 2245; x_wconf 82' lang='lat' dir='ltr'>convivia</span> <span class='ocrx_word' id='word_1_230' title='bbox 597 2204 644 2244; x_wconf 89' lang='lat' dir='ltr'>in</span> <span class='ocrx_word' id='word_1_231' title='bbox 666 2215 854 2243; x_wconf 90' lang='lat' dir='ltr'>amaros</span> <span class='ocrx_word' id='word_1_232' title='bbox 874 2208 1124 2242; x_wconf 85' lang='lat' dir='ltr'>vertuntur</span> <span class='ocrx_word' id='word_1_233' title='bbox 1145 2201 1363 2252; x_wconf 72' lang='lat' dir='ltr'>gemitus,</span> <span class='ocrx_word' id='word_1_234' title='bbox 1388 2200 1494 2240; x_wconf 86' lang='lat' dir='ltr'>hinc</span> <span class='ocrx_word' id='word_1_235' title='bbox 1516 2198 1762 2239; x_wconf 80' lang='lat' dir='ltr'>fundentes</span> <span class='ocrx_word' id='word_1_236' title='bbox 1782 2199 1845 2237; x_wconf 93' lang='lat' dir='ltr'>la—</span> 
     </span>
     <span class='ocr_line' id='line_1_29' title="bbox 207 2269 1845 2325; baseline -0.005 -9"><span class='ocrx_word' id='word_1_237' title='bbox 207 2277 412 2317; x_wconf 87' lang='lat' dir='ltr'>chrimas</span> <span class='ocrx_word' id='word_1_238' title='bbox 433 2275 640 2316; x_wconf 84' lang='lat' dir='ltr'>infelices</span> <span class='ocrx_word' id='word_1_239' title='bbox 662 2274 849 2314; x_wconf 89' lang='lat' dir='ltr'>audires</span> <span class='ocrx_word' id='word_1_240' title='bbox 866 2280 1084 2325; x_wconf 87' lang='lat' dir='ltr'>parentes</span> <span class='ocrx_word' id='word_1_241' title='bbox 1107 2279 1151 2312; x_wconf 93' lang='lat' dir='ltr'>et</span> <span class='ocrx_word' id='word_1_242' title='bbox 1174 2285 1223 2312; x_wconf 92' lang='lat' dir='ltr'>se</span> <span class='ocrx_word' id='word_1_243' title='bbox 1247 2272 1393 2312; x_wconf 90' lang='lat' dir='ltr'>chara</span> <span class='ocrx_word' id='word_1_244' title='bbox 1414 2271 1544 2322; x_wconf 88' lang='lat' dir='ltr'>prole</span> <span class='ocrx_word' id='word_1_245' title='bbox 1567 2269 1723 2310; x_wconf 87' lang='lat' dir='ltr'>orbari</span> <span class='ocrx_word' id='word_1_246' title='bbox 1744 2280 1845 2320; x_wconf 89' lang='lat' dir='ltr'>pro-</span> 
     </span>
     <span class='ocr_line' id='line_1_30' title="bbox 210 2339 1846 2397; baseline -0.005 -10"><span class='ocrx_word' id='word_1_247' title='bbox 210 2349 489 2397; x_wconf 85' lang='lat' dir='ltr'>clamantes,</span> <span class='ocrx_word' id='word_1_248' title='bbox 521 2347 629 2386; x_wconf 90' lang='lat' dir='ltr'>hinc</span> <span class='ocrx_word' id='word_1_249' title='bbox 659 2357 773 2385; x_wconf 89' lang='lat' dir='ltr'>vero</span> <span class='ocrx_word' id='word_1_250' title='bbox 808 2350 1072 2396; x_wconf 90' lang='lat' dir='ltr'>prostratas</span> <span class='ocrx_word' id='word_1_251' title='bbox 1107 2343 1235 2383; x_wconf 87' lang='lat' dir='ltr'>humi</span> <span class='ocrx_word' id='word_1_252' title='bbox 1269 2343 1379 2382; x_wconf 86' lang='lat' dir='ltr'>fietu</span> <span class='ocrx_word' id='word_1_253' title='bbox 1414 2341 1602 2381; x_wconf 88' lang='lat' dir='ltr'>madere</span> <span class='ocrx_word' id='word_1_254' title='bbox 1636 2339 1846 2391; x_wconf 86' lang='lat' dir='ltr'>virgines</span> 
     </span>
     <span class='ocr_line' id='line_1_31' title="bbox 209 2414 1846 2469; baseline -0.004 -12"><span class='ocrx_word' id='word_1_255' title='bbox 209 2429 442 2468; x_wconf 80' lang='lat' dir='ltr'>cerneres3</span> <span class='ocrx_word' id='word_1_256' title='bbox 466 2417 576 2469; x_wconf 89' lang='lat' dir='ltr'>quid</span> <span class='ocrx_word' id='word_1_257' title='bbox 595 2417 749 2468; x_wconf 85' lang='lat' dir='ltr'>plura?</span> <span class='ocrx_word' id='word_1_258' title='bbox 767 2415 919 2466; x_wconf 86' lang='lat' dir='ltr'>Virgo</span> <span class='ocrx_word' id='word_1_259' title='bbox 937 2415 1106 2455; x_wconf 91' lang='lat' dir='ltr'>ibidem</span> <span class='ocrx_word' id='word_1_260' title='bbox 1122 2414 1307 2454; x_wconf 88' lang='lat' dir='ltr'>mansit.</span> <span class='ocrx_word' id='word_1_261' title='bbox 1327 2414 1429 2464; x_wconf 88' lang='lat' dir='ltr'>Ipse</span> <span class='ocrx_word' id='word_1_262' title='bbox 1445 2424 1539 2452; x_wconf 83' lang='lat' dir='ltr'>una</span> <span class='ocrx_word' id='word_1_263' title='bbox 1561 2423 1667 2451; x_wconf 89' lang='lat' dir='ltr'>cum</span> <span class='ocrx_word' id='word_1_264' title='bbox 1683 2422 1846 2461; x_wconf 88' lang='lat' dir='ltr'>paren-</span> 
     </span>
     <span class='ocr_line' id='line_1_32' title="bbox 208 2482 1846 2539; baseline -0.005 -11"><span class='ocrx_word' id='word_1_265' title='bbox 208 2489 331 2528; x_wconf 91' lang='lat' dir='ltr'>tibus</span> <span class='ocrx_word' id='word_1_266' title='bbox 353 2488 459 2528; x_wconf 90' lang='lat' dir='ltr'>inde</span> <span class='ocrx_word' id='word_1_267' title='bbox 480 2487 769 2539; x_wconf 86' lang='lat' dir='ltr'>proficiscor,</span> <span class='ocrx_word' id='word_1_268' title='bbox 794 2486 872 2537; x_wconf 91' lang='lat' dir='ltr'>qui</span> <span class='ocrx_word' id='word_1_269' title='bbox 893 2498 966 2525; x_wconf 93' lang='lat' dir='ltr'>me</span> <span class='ocrx_word' id='word_1_270' title='bbox 988 2490 1124 2525; x_wconf 88' lang='lat' dir='ltr'>nocte</span> <span class='ocrx_word' id='word_1_271' title='bbox 1146 2485 1310 2524; x_wconf 89' lang='lat' dir='ltr'>eadem</span> <span class='ocrx_word' id='word_1_272' title='bbox 1331 2495 1504 2534; x_wconf 87' lang='lat' dir='ltr'>magna</span> <span class='ocrx_word' id='word_1_273' title='bbox 1522 2494 1628 2522; x_wconf 90' lang='lat' dir='ltr'>cum</span> <span class='ocrx_word' id='word_1_274' title='bbox 1648 2482 1846 2522; x_wconf 87' lang='lat' dir='ltr'>benevo-</span> 
     </span>
     <span class='ocr_line' id='line_1_33' title="bbox 208 2553 1844 2609; baseline -0.006 -9"><span class='ocrx_word' id='word_1_275' title='bbox 208 2560 348 2600; x_wconf 89' lang='lat' dir='ltr'>lentia</span> <span class='ocrx_word' id='word_1_276' title='bbox 373 2557 573 2609; x_wconf 75' lang='lat' dir='ltr'>hospitio</span> <span class='ocrx_word' id='word_1_277' title='bbox 595 2563 895 2608; x_wconf 81' lang='lat' dir='ltr'>exceperunt.</span> <span class='ocrx_word' id='word_1_278' title='bbox 920 2556 1052 2596; x_wconf 91' lang='lat' dir='ltr'>Multi</span> <span class='ocrx_word' id='word_1_279' title='bbox 1078 2562 1350 2607; x_wconf 86' lang='lat' dir='ltr'>praeterea,</span> <span class='ocrx_word' id='word_1_280' title='bbox 1383 2561 1481 2594; x_wconf 85' lang='lat' dir='ltr'>tum</span> <span class='ocrx_word' id='word_1_281' title='bbox 1509 2553 1844 2602; x_wconf 86' lang='lat' dir='ltr'>adolescentes,</span> 
     </span>
     <span class='ocr_line' id='line_1_34' title="bbox 208 2623 1847 2681; baseline -0.005 -11"><span class='ocrx_word' id='word_1_282' title='bbox 208 2636 307 2670; x_wconf 90' lang='lat' dir='ltr'>tum</span> <span class='ocrx_word' id='word_1_283' title='bbox 327 2629 552 2681; x_wconf 86' lang='lat' dir='ltr'>virgines,</span> <span class='ocrx_word' id='word_1_284' title='bbox 578 2628 792 2668; x_wconf 88' lang='lat' dir='ltr'>diversas</span> <span class='ocrx_word' id='word_1_285' title='bbox 813 2627 1109 2667; x_wconf 80' lang='lat' dir='ltr'>intraverunt</span> <span class='ocrx_word' id='word_1_286' title='bbox 1126 2626 1379 2676; x_wconf 75' lang='lat' dir='ltr'>religiones</span> <span class='ocrx_word' id='word_1_287' title='bbox 1396 2635 1404 2675; x_wconf 74' lang='lat'><em>3</em></span> <span class='ocrx_word' id='word_1_288' title='bbox 1424 2636 1479 2664; x_wconf 90' lang='lat' dir='ltr'>ac</span> <span class='ocrx_word' id='word_1_289' title='bbox 1498 2624 1654 2674; x_wconf 90' lang='lat' dir='ltr'>plures</span> <span class='ocrx_word' id='word_1_290' title='bbox 1671 2623 1847 2663; x_wconf 87' lang='lat' dir='ltr'>intrare</span> 
     </span>
     <span class='ocr_line' id='line_1_35' title="bbox 209 2693 1848 2753; baseline -0.005 -12"><span class='ocrx_word' id='word_1_291' title='bbox 209 2701 363 2753; x_wconf 87' lang='lat' dir='ltr'>parati</span> <span class='ocrx_word' id='word_1_292' title='bbox 384 2706 505 2750; x_wconf 87' lang='lat' dir='ltr'>sunt,</span> <span class='ocrx_word' id='word_1_293' title='bbox 529 2699 607 2740; x_wconf 89' lang='lat' dir='ltr'>ubi</span> <span class='ocrx_word' id='word_1_294' title='bbox 634 2699 722 2738; x_wconf 90' lang='lat' dir='ltr'>illis</span> <span class='ocrx_word' id='word_1_295' title='bbox 751 2697 1034 2738; x_wconf 89' lang='lat' dir='ltr'>desiderium</span> <span class='ocrx_word' id='word_1_296' title='bbox 1063 2698 1296 2748; x_wconf 89' lang='lat' dir='ltr'>complere</span> <span class='ocrx_word' id='word_1_297' title='bbox 1324 2696 1491 2736; x_wconf 89' lang='lat' dir='ltr'>licebit.</span> <span class='ocrx_word' id='word_1_298' title='bbox 1523 2693 1848 2746; x_wconf 83' lang='lat' dir='ltr'>Superioribus</span> 
     </span>
     <span class='ocr_line' id='line_1_36' title="bbox 208 2764 1847 2820; baseline -0.005 -8"><span class='ocrx_word' id='word_1_299' title='bbox 208 2772 371 2812; x_wconf 91' lang='lat' dir='ltr'>diebus</span> <span class='ocrx_word' id='word_1_300' title='bbox 393 2771 737 2811; x_wconf 88' lang='lat' dir='ltr'>adolescentem</span> <span class='ocrx_word' id='word_1_301' title='bbox 758 2768 1021 2820; x_wconf 86' lang='lat' dir='ltr'>quemdam,</span> <span class='ocrx_word' id='word_1_302' title='bbox 1046 2767 1201 2807; x_wconf 88' lang='lat' dir='ltr'>Patris</span> <span class='ocrx_word' id='word_1_303' title='bbox 1234 2765 1403 2807; x_wconf 89' lang='lat' dir='ltr'>iudicio</span> <span class='ocrx_word' id='word_1_304' title='bbox 1432 2765 1693 2806; x_wconf 89' lang='lat' dir='ltr'>monastico</span> <span class='ocrx_word' id='word_1_305' title='bbox 1723 2764 1847 2804; x_wconf 92' lang='lat' dir='ltr'>insti-</span> 
     </span>
     <span class='ocr_line' id='line_1_37' title="bbox 210 2836 1850 2891; baseline -0.005 -8"><span class='ocrx_word' id='word_1_306' title='bbox 210 2848 309 2883; x_wconf 90' lang='lat' dir='ltr'>tuto</span> <span class='ocrx_word' id='word_1_307' title='bbox 336 2843 573 2891; x_wconf 90' lang='lat' dir='ltr'>idoneum,</span> <span class='ocrx_word' id='word_1_308' title='bbox 598 2840 657 2880; x_wconf 91' lang='lat' dir='ltr'>ad</span> <span class='ocrx_word' id='word_1_309' title='bbox 685 2839 984 2880; x_wconf 89' lang='lat' dir='ltr'>Carthusiam</span> <span class='ocrx_word' id='word_1_310' title='bbox 1012 2836 1342 2878; x_wconf 74' lang='lat' dir='ltr'>Colon‘iensem</span> <span class='ocrx_word' id='word_1_311' title='bbox 1373 2837 1605 2887; x_wconf 89' lang='lat' dir='ltr'>misimus,</span> <span class='ocrx_word' id='word_1_312' title='bbox 1634 2836 1714 2875; x_wconf 91' lang='lat' dir='ltr'>ubi</span> <span class='ocrx_word' id='word_1_313' title='bbox 1744 2846 1850 2875; x_wconf 89' lang='lat' dir='ltr'>cum</span> 
     </span>
     <span class='ocr_line' id='line_1_38' title="bbox 211 2906 1849 2964; baseline -0.005 -11"><span class='ocrx_word' id='word_1_314' title='bbox 211 2913 385 2964; x_wconf 89' lang='lat' dir='ltr'>gaudio</span> <span class='ocrx_word' id='word_1_315' title='bbox 409 2917 667 2963; x_wconf 89' lang='lat' dir='ltr'>susceptus,</span> <span class='ocrx_word' id='word_1_316' title='bbox 688 2911 787 2962; x_wconf 89' lang='lat' dir='ltr'>ipse</span> <span class='ocrx_word' id='word_1_317' title='bbox 803 2909 941 2949; x_wconf 91' lang='lat' dir='ltr'>simul</span> <span class='ocrx_word' id='word_1_318' title='bbox 957 2915 1001 2949; x_wconf 91' lang='lat' dir='ltr'>et</span> <span class='ocrx_word' id='word_1_319' title='bbox 1017 2908 1138 2949; x_wconf 72' lang='lat' dir='ltr'>R.d11S</span> <span class='ocrx_word' id='word_1_320' title='bbox 1162 2909 1212 2949; x_wconf 87' lang='grc' dir='ltr'>Ρ.</span> <span class='ocrx_word' id='word_1_321' title='bbox 1232 2908 1366 2948; x_wconf 86' lang='lat' dir='ltr'>Prior</span> <span class='ocrx_word' id='word_1_322' title='bbox 1383 2908 1598 2958; x_wconf 83' lang='lat' dir='ltr'>ingentes</span> <span class='ocrx_word' id='word_1_323' title='bbox 1615 2906 1748 2946; x_wconf 90' lang='lat' dir='ltr'>nobis</span> <span class='ocrx_word' id='word_1_324' title='bbox 1764 2918 1849 2957; x_wconf 89' lang='lat' dir='ltr'>pro</span> 
     </span>
     <span class='ocr_line' id='line_1_39' title="bbox 213 2977 1848 3031; baseline -0.006 -6"><span class='ocrx_word' id='word_1_325' title='bbox 213 2990 343 3024; x_wconf 91' lang='lat' dir='ltr'>tanto</span> <span class='ocrx_word' id='word_1_326' title='bbox 356 2984 561 3024; x_wconf 85' lang='lat' dir='ltr'>exhibito</span> <span class='ocrx_word' id='word_1_327' title='bbox 573 2980 796 3022; x_wconf 86' lang='lat' dir='ltr'>beneficio</span> <span class='ocrx_word' id='word_1_328' title='bbox 810 2980 990 3031; x_wconf 85' lang='lat' dir='ltr'>gratias</span> <span class='ocrx_word' id='word_1_329' title='bbox 1006 2985 1216 3031; x_wconf 90' lang='lat' dir='ltr'>egerunt.</span> <span class='ocrx_word' id='word_1_330' title='bbox 1237 2979 1371 3019; x_wconf 86' lang='lat' dir='ltr'>Alius</span> <span class='ocrx_word' id='word_1_331' title='bbox 1390 2978 1579 3030; x_wconf 90' lang='lat' dir='ltr'>quidam</span> <span class='ocrx_word' id='word_1_332' title='bbox 1595 2977 1757 3029; x_wconf 92' lang='lat' dir='ltr'>paucis</span> <span class='ocrx_word' id='word_1_333' title='bbox 1775 2977 1848 3017; x_wconf 87' lang='lat' dir='ltr'>ab·</span> 
     </span>
     <span class='ocr_line' id='line_1_40' title="bbox 212 3049 1851 3106; baseline -0.005 -10"><span class='ocrx_word' id='word_1_334' title='bbox 212 3056 321 3096; x_wconf 89' lang='lat' dir='ltr'>hinc</span> <span class='ocrx_word' id='word_1_335' title='bbox 343 3055 503 3096; x_wconf 91' lang='lat' dir='ltr'>diebus</span> <span class='ocrx_word' id='word_1_336' title='bbox 523 3052 784 3106; x_wconf 91' lang='lat' dir='ltr'>spiritualia</span> <span class='ocrx_word' id='word_1_337' title='bbox 805 3051 1007 3092; x_wconf 89' lang='lat' dir='ltr'>absolvit</span> <span class='ocrx_word' id='word_1_338' title='bbox 1028 3051 1268 3101; x_wconf 85' lang='lat' dir='ltr'>exercitia,</span> <span class='ocrx_word' id='word_1_339' title='bbox 1293 3051 1372 3102; x_wconf 90' lang='lat' dir='ltr'>qui</span> <span class='ocrx_word' id='word_1_340' title='bbox 1392 3050 1438 3090; x_wconf 92' lang='lat' dir='ltr'>in</span> <span class='ocrx_word' id='word_1_341' title='bbox 1459 3049 1639 3099; x_wconf 89' lang='lat' dir='ltr'>eodem,</span> <span class='ocrx_word' id='word_1_342' title='bbox 1659 3060 1749 3101; x_wconf 91' lang='lat' dir='ltr'>quo</span> <span class='ocrx_word' id='word_1_343' title='bbox 1770 3049 1851 3088; x_wconf 90' lang='lat' dir='ltr'>im-</span> 
     </span>
    </p>
   </div>
  </div>
 </body>
</html>
