2168 3437
272 291 345 330 472
785 289 1016 326 LITTERAE
1043 298 1406 332 QUADRIMESTRES

353 389 429 429 Ad
463 388 721 428 Doctorem
751 386 1034 427 Rodericum
1068 386 1252 438 Lopum
1280 385 1550 426 Carballum
1580 384 1589 403 ¹
1619 385 1813 425 scribito
1843 397 1918 425 me

274 462 350 501 hic
371 471 585 511 puerum,
611 470 718 499 cum
737 458 859 498 bona
880 463 1063 498 statura
1084 457 1318 509 corporis,
1341 462 1442 497 tum
1466 456 1730 508 perspicaci
1759 463 1914 497 acuto-

274 543 361 582 que
384 530 587 582 ingenio,
612 530 654 570 ei
675 529 952 569 redemisse:
976 528 1064 569 sibi
1083 528 1366 580 persuadeat
1385 528 1476 568 hac
1497 528 1795 578 eleemosyna
1816 538 1915 567 rem

275 614 323 642 se
344 602 445 642 Deo
467 601 803 652 gratissimam,
826 606 875 640 ut
897 600 1012 640 nihil
1031 612 1190 652 supra,
1210 599 1517 651 praestitisse:
1540 598 1616 638 hic
1638 599 1762 638 enim
1783 610 1915 649 puer,

275 673 399 724 quod
419 678 580 712 tenera
604 672 756 712 adhuc
779 678 936 712 aetate
966 671 1286 723 deprehensus
1312 677 1571 722 captusque
1600 670 1706 721 fuit,
1738 670 1915 710 violata

275 745 390 794 iam,
429 755 569 796 quam
604 743 705 783 Deo
742 743 929 795 Optimo
964 743 1171 783 maximo
1207 743 1421 793 dederat,
1454 741 1567 790 fide,
1600 747 1644 781 et
1677 741 1838 792 lingua
1872 748 1917 781 et

276 816 432 856 animo
455 827 510 855 ac
531 816 775 855 voluntate
805 814 1001 855 iudaeus
1031 820 1145 854 erat.
1177 813 1268 865 Qui
1295 825 1401 853 cum
1426 813 1629 865 primum
1662 824 1711 852 se
1741 812 1918 852 redem-

275 892 404 938 ptum
427 886 774 936 animadvertit,
798 897 964 938 meque
984 886 1129 936 Baba,
1153 885 1244 925 hoc
1266 891 1335 925 est
1357 884 1491 935 Feez,
1515 884 1593 924 ubi
1614 889 1736 932 erat,
1761 882 1918 923 afferri

276 970 325 997 se
345 958 524 1008 iubere,
550 957 798 1009 aufugiens
818 969 868 997 se
891 957 1139 1008 diligenter
1161 956 1352 996 abdidit.
1377 955 1467 995 Dei
1487 962 1646 995 tamen
1675 955 1918 995 voluntate

276 1034 505 1080 repertus,
529 1028 588 1074 ad
610 1040 735 1078 eum,
760 1040 788 1068 a
809 1040 899 1080 quo
922 1027 1196 1078 ducebatur,
1229 1027 1278 1066 in
1307 1027 1435 1066 viam
1463 1027 1633 1066 missus
1664 1031 1757 1076 est;
1795 1037 1920 1065 nunc

276 1100 420 1152 quod,
442 1105 574 1140 veste
595 1106 814 1140 ornatum
835 1111 982 1150 nova,
1005 1100 1159 1150 legem
1180 1098 1389 1139 divinam
1409 1097 1598 1148 edoceo,
1625 1097 1799 1149 optime
1826 1096 1921 1136 iam

277 1171 333 1210 de
354 1170 456 1211 Deo
478 1172 618 1211 sentit
636 1180 643 1218 ;
669 1178 806 1223 aptus
826 1171 1114 1222 idoneusque
1135 1170 1196 1210 ad
1217 1168 1518 1210 serviendum
1539 1174 1622 1208 est.
1648 1168 1756 1208 Alia
1778 1167 1920 1208 etiam

276 1243 450 1294 puella,
475 1255 615 1294 quam
636 1243 684 1283 in
704 1255 808 1283 mea
828 1248 1060 1294 potestate
1081 1242 1252 1289 habeo,
1275 1253 1370 1281 non
1391 1240 1580 1292 segnius
1601 1251 1658 1279 ac
1684 1251 1799 1291 puer
1831 1239 1920 1279 fide

276 1320 441 1354 nostra
463 1313 693 1366 deposita,
717 1314 993 1354 iudaeorum
1014 1313 1216 1364 vestigia
1238 1312 1285 1352 in
1306 1312 1520 1352 omnibus
1541 1311 1919 1359 consectabatur;

277 1385 355 1437 qui
376 1385 513 1426 ambo
535 1386 598 1425 ita
621 1385 895 1425 iudaeorum
916 1384 1147 1425 desiderio
1169 1383 1565 1424 contabescebant
1586 1388 1636 1422 ut
1657 1382 1835 1422 nullum
1855 1381 1920 1421 fu-

277 1468 433 1497 turum
462 1456 602 1497 fuerit
631 1464 728 1497 tam
759 1457 928 1497 durum
957 1462 1134 1508 pectus,
1167 1455 1291 1507 quod
1312 1467 1406 1495 non
1434 1466 1596 1494 eorum
1616 1454 1837 1505 squalore
1866 1464 1922 1492 ac

276 1520 405 1569 luctu
440 1534 834 1569 commoveretur.
873 1528 1066 1579 Aliquot
1101 1527 1218 1567 alias
1252 1527 1328 1567 hic
1364 1537 1547 1578 quoque
1583 1526 1761 1577 puellas
1789 1524 1849 1564 ad
1878 1530 1924 1564 te

237 1631 248 1641 .
278 1600 529 1640 mittendas
564 1600 735 1650 habeo,
774 1611 894 1651 quae
928 1599 975 1639 in
1012 1599 1219 1639 maximo
1254 1598 1440 1650 quidem
1475 1596 1780 1648 denegandae
1818 1595 1924 1636 fidei

280 1671 656 1723 amittendaeque
679 1672 864 1712 animae
886 1671 1094 1723 periculo
1116 1676 1383 1711 versantur.

357 1743 577 1784 Gomesio
599 1743 706 1783 Piro
727 1744 930 1795 puellam
951 1742 1224 1795 quamdam,
1246 1741 1398 1782 forma
1420 1740 1707 1792 perliberali,
1732 1751 1852 1791 quae
1879 1739 1925 1778 in

277 1815 429 1856 Mauri
450 1814 709 1866 cuiusdam,
734 1814 872 1854 huius
895 1814 1075 1854 castelli
1096 1813 1327 1863 ditissimi,
1351 1818 1584 1864 potestate
1607 1818 1697 1863 est,
1722 1823 1795 1851 me
1818 1822 1925 1850 con-

276 1892 546 1926 secuturum
567 1886 839 1938 propediem
859 1898 1017 1938 spero:
1042 1896 1327 1937 quamquam
1355 1890 1452 1924 tam
1481 1883 1619 1924 avide
1651 1882 1925 1923 Maurorum

277 1964 455 1998 sectam
485 1958 704 2010 arripuit,
742 1964 794 1998 ut
829 1968 990 1997 eorum
1026 1956 1350 1997 caeremonias
1377 1967 1471 1996 una
1506 1967 1613 1995 cum
1640 1955 1697 1994 iis
1724 1954 1928 1994 celebret

278 2029 664 2081 Christianosque
699 2040 883 2080 omnes,
916 2039 1081 2080 meque
1111 2028 1159 2068 in
1189 2028 1376 2079 primiS,
1414 2027 1724 2068 vehementer
1758 2025 1923 2076 fugiat.

278 2101 388 2141 Eius
410 2100 525 2141 her-a
547 2113 603 2141 ac
625 2106 828 2152 quatuor
850 2100 996 2152 ipsius
1017 2099 1139 2140 filiae
1160 2105 1291 2139 tanto
1318 2111 1423 2139 eam
1450 2110 1610 2139 amore
1638 2108 1927 2149 prosequun-

277 2179 366 2223 tur,
386 2173 544 2224 itaque
565 2172 612 2212 in
634 2172 849 2212 omnibus
870 2172 913 2211 ei
932 2171 1252 2221 blandiuntur,
1272 2177 1322 2211 ut
1343 2182 1429 2211 nec
1452 2182 1557 2210 cum
1580 2176 1730 2210 matre
1752 2170 1927 2209 cubare

278 2256 364 2285 nec
385 2245 529 2284 ullam
550 2255 747 2295 prorsus
767 2243 890 2283 illius
911 2243 1144 2283 rationem
1164 2242 1338 2282 habere
1367 2242 1501 2282 velit:
1531 2242 1644 2281 hera
1674 2252 1790 2281 vero
1824 2250 1929 2279 eam

278 2316 370 2355 filio
402 2327 487 2355 suo
519 2327 716 2356 uxorem
748 2326 797 2354 se
834 2314 1074 2364 daturam,
1105 2314 1183 2353 ubi
1211 2314 1415 2365 primum
1443 2312 1612 2352 nubilis
1642 2312 1754 2362 erit,
1788 2322 1929 2362 saepe

280 2387 487 2438 dictitat,
511 2392 560 2426 ut
582 2398 686 2426 eam
706 2378 866 2426 tamen
899 2385 1117 2436 eripiam,
1151 2395 1448 2436 summopere
1477 2383 1786 2423 laborandum
1815 2381 1929 2422 mihi

279 2470 381 2498 esse
403 2458 529 2508 duxi,
553 2464 612 2508 et,
637 2457 745 2509 quia
766 2457 856 2497 nisi
877 2468 971 2496 una
993 2468 1099 2496 cum
1120 2461 1271 2496 matre
1295 2467 1400 2495 eam
1421 2455 1535 2495 dare
1556 2455 1743 2504 nolunt,
1769 2458 1814 2493 et
1834 2464 1930 2492 ma-

280 2536 399 2569 trem
421 2535 465 2569 et
486 2529 629 2569 filiam
650 2528 880 2569 redimere
903 2528 1060 2577 statui,
1081 2527 1224 2567 filiam
1245 2526 1432 2578 quidem
1452 2526 1542 2578 ipsi
1559 2524 1780 2565 Gomesio
1802 2523 1924 2574 Piso,

281 2601 380 2641 eius
400 2611 516 2640 vero
537 2600 678 2640 matri
702 2606 915 2639 matrem.
1345 2582 1350 2590 s

360 2671 518 2712 Aliam
539 2671 615 2711 hic
642 2678 888 2722 praeterea
915 2670 1010 2710 iam
1036 2670 1327 2721 redemptam
1353 2668 1505 2709 habeo
1530 2664 1817 2707 Ferdinandi
1850 2663 1928 2705 Al-

281 2743 410 2783 varis
430 2742 539 2793 filio,
559 2753 696 2794 quem
718 2742 898 2782 utinam
914 2741 1146 2781 Dominus
1167 2740 1439 2792 susceperit,
1461 2738 1542 2779 sed
1565 2738 1721 2778 alacre
1743 2736 1756 2754 ²
1777 2735 1930 2776 adhuc

284 2826 376 2853 non
396 2813 537 2863 venit;
563 2813 764 2853 fortasse
786 2812 970 2864 Abylae
991 2812 1094 2852 erit.

364 2884 498 2935 Quod
520 2884 580 2925 ad
600 2896 673 2924 me
694 2884 921 2936 scriptum
943 2889 1013 2924 est
1033 2890 1083 2923 ut
1104 2883 1214 2934 quid
1235 2883 1291 2923 de
1311 2881 1517 2923 Antonio
1539 2880 1596 2921 de
1617 2879 1707 2921 Sea
1727 2877 1742 2897 ⁵
1771 2884 1930 2919 actum

342 3021 351 3040 ¹
392 3020 574 3055 Hispanice
590 3020 664 3047 Ruz'
676 3021 793 3055 Lopez
807 3021 849 3048 de
868 3019 1040 3047 Carballo.

340 3068 353 3087 *ὲ
392 3068 457 3102 Sic;
474 3068 576 3095 etiam
595 3069 627 3095 in
642 3069 797 3102 hispano.

340 3116 354 3133 3
392 3114 429 3142 In
441 3114 627 3149 hispanicis
647 3115 776 3143 litteris
790 3114 940 3143 Antonio
955 3115 997 3142 de
1013 3115 1081 3142 Sae
1096 3114 1267 3142 Buarcos.
