2168 3437
333 242 406 280 280
845 243 1071 280 LITTERAE
1098 254 1457 287 QUADRIMESTRES

333 339 597 379 animarum
627 340 827 389 lucrum,
853 345 897 379 et
918 351 1037 391 quae
1058 339 1269 391 erigendi
1291 340 1486 392 Collegii
1507 340 1746 381 facultatis
1773 354 1968 382 exoran-

333 409 419 449 dae
441 410 680 460 negotium
702 416 932 461 spectant,
957 410 1263 463 complexuri.

412 480 647 531 Quantum
669 481 727 521 ad
747 480 952 521 familiae
973 487 1162 522 nostrae
1183 493 1449 533 numerum,
1475 488 1612 534 atque
1635 483 1751 523 adeo
1774 495 1969 523 oecono-

332 551 473 591 miam
495 551 646 602 ipsam
676 552 862 602 attinet,
885 552 1001 592 nihil
1019 553 1257 604 peculiare
1278 558 1464 604 praeter
1490 565 1559 602 ea,
1584 565 1702 604 quae
1724 554 1972 604 superiori-

332 623 418 661 bus
438 622 585 662 literis
611 623 863 663 commissa
892 623 1040 674 fuere,
1074 624 1373 664 scribendum
1401 624 1607 664 occurrit
1633 625 1721 664 hoc
1749 625 1972 675 temporis

331 693 544 734 articulo.
567 693 728 745 Neque
749 695 873 735 enim
894 695 1063 735 mirum
1083 695 1233 735 videri
1255 695 1390 736 debet
1409 696 1469 746 si,
1494 702 1561 735 tot
1584 696 1972 747 occupationibus

332 764 519 805 Patrem
540 771 753 805 nostrum
774 764 1082 806 Paschasium
1102 767 1400 818 urgentibus,
1433 778 1488 806 ac
1517 772 1613 807 tam
1639 767 1778 818 gravi
1805 767 1968 808 adver-

332 836 522 876 sitatum
544 842 821 888 tempestate
842 849 927 877 nos
950 844 1232 889 occupante,
1257 849 1479 878 numerus
1500 844 1659 878 noster
1687 844 1852 878 auctus
1879 850 1975 878 non

333 908 414 958 sit3
444 908 723 959 praesertim
752 920 893 960 quum
920 910 1037 949 alter
1064 921 1226 949 eorum
1251 908 1282 959 ¹,
1307 909 1399 960 qui,
1424 914 1616 960 peracta
1638 909 1971 949 exercitiorum

333 978 645 1030 spiritualium
679 980 866 1028 militia,
902 987 1092 1020 nostrae
1128 979 1350 1020 Societati
1385 991 1434 1020 se
1465 980 1722 1031 adiungere
1753 980 1972 1020 decreve-

332 1056 459 1100 rant,
484 1050 901 1091 obtrectationibus
923 1057 966 1092 et
989 1051 1307 1103 contumeliis,
1330 1050 1554 1091 Societati
1575 1063 1602 1090 a
1624 1051 1828 1103 quodam
1849 1051 1969 1091 obie-

333 1120 441 1171 ctis,
467 1127 749 1172 commotus‚
772 1134 866 1162 non
895 1122 1033 1162 modo
1065 1122 1307 1162 ardentem
1338 1122 1467 1161 illum
1497 1133 1612 1172 erga
1638 1133 1723 1162 nos
1752 1122 1973 1162 affectum

332 1191 587 1243 remiserit,
611 1204 776 1232 verum
798 1193 997 1245 amplius
1019 1198 1148 1233 certa
1168 1193 1400 1233 sententia
1431 1193 1639 1233 animum
1667 1193 1725 1233 ab
1754 1193 1971 1234 Instituto

332 1275 525 1314 prorsus
546 1265 806 1313 revocarit,
830 1276 924 1304 non
945 1265 1123 1304 veritus
1148 1264 1277 1304 Patri
1298 1265 1414 1304 haec
1435 1264 1537 1316 ipsa
1569 1276 1649 1304 ore
1682 1264 1872 1315 proprio
1899 1264 1974 1304 de-

333 1335 580 1385 nunciare,
605 1336 770 1386 quibus
791 1335 949 1386 fidem,
973 1337 1221 1388 plusquam
1240 1336 1561 1387 praecipitem,
1588 1341 1726 1375 antea
1755 1335 1974 1376 adhibue-

334 1412 407 1446 rat
445 1406 581 1454 Vide,
606 1405 746 1446 Pater
768 1406 1077 1457 observande,
1102 1419 1192 1458 quo
1213 1419 1290 1447 res
1312 1413 1501 1447 nostrae
1523 1413 1619 1446 tam
1639 1406 1794 1446 fausto
1818 1407 1968 1458 auspi-

333 1477 405 1517 cio
428 1483 643 1528 coeptae,
670 1477 787 1517 adeo
808 1478 983 1528 subito,
1008 1478 1131 1518 haud
1153 1478 1364 1527 dubium,
1389 1478 1585 1528 maligni
1606 1478 1755 1518 hostis
1785 1477 1974 1518 fraudu-

332 1549 474 1588 lentia
497 1554 761 1589 retroactae
783 1549 888 1589 sint.
911 1548 1113 1589 Proinde
1135 1561 1219 1589 nos
1242 1560 1400 1589 rerum
1420 1549 1747 1599 commotione,
1771 1550 1847 1588 vel
1868 1549 1970 1600 ipsa

334 1620 613 1660 necessitate
635 1621 868 1671 persuasi,
893 1621 1040 1660 altera
1061 1632 1203 1660 manu
1224 1620 1426 1660 hostium
1443 1626 1487 1660 et
1503 1619 1908 1671 frequentissimos
1930 1629 1974 1660 et

318 1691 654 1737 ,ferocissimos
693 1692 915 1742 insultus,
958 1692 1127 1743 partim
1166 1691 1466 1743 prudentiae,
1507 1691 1680 1742 partim
1719 1691 1975 1743 patientiae

336 1762 493 1812 armis,
517 1763 696 1803 munita
718 1763 986 1804 retundere:
1016 1763 1164 1803 altera
1190 1774 1304 1803 Vero
1332 1763 1538 1802 civitatis
1568 1768 1758 1802 nostrae
1787 1762 1971 1802 moenia

336 1839 554 1874 extruere
576 1834 803 1885 cogimur.

414 1905 653 1956 Quantum
674 1917 788 1946 vero
811 1906 870 1946 ad
889 1905 1043 1946 Patris
1070 1905 1237 1946 vineae
1265 1904 1439 1946 Christi
1469 1905 1755 1945 excolendae
1787 1905 1977 1944 labores

334 1977 571 2028 impensos
602 1984 804 2029 spectat,
829 1977 951 2017 inter
978 1983 1045 2017 tot
1071 1977 1420 2029 occupationes,
1440 1976 1652 2027 erigendi
1675 1975 1873 2027 Collegii
1893 1987 1974 2015 no-

336 2047 459 2087 mine
480 2054 742 2099 susceptas,
769 2060 853 2088 suo
876 2059 1062 2099 semper
1082 2048 1229 2088 alacri
1251 2059 1356 2087 cum
1378 2047 1607 2087 industria
1639 2047 1849 2098 fungitur
1880 2058 1975 2086 mu-

336 2130 468 2170 nere,
498 2130 783 2170 quamquam
810 2119 1074 2170 evangelici
1102 2119 1432 2158 commilitonis
1463 2118 1742 2169 subsidium,
1775 2119 1975 2169 locuple-

334 2190 467 2230 tioris
487 2190 636 2241 frugis
658 2202 739 2242 spe
761 2190 964 2238 adducti,
989 2190 1140 2230 obviis
1162 2190 1284 2230 votis
1305 2190 1347 2230 ei
1368 2195 1596 2241 optemus.
1621 2189 1765 2229 Cuius
1786 2189 1977 2241 quidem

335 2261 508 2302 laboris
530 2262 600 2301 sui
628 2260 848 2302 indefessi
870 2262 986 2302 haec
1008 2262 1141 2301 nobis
1162 2261 1348 2312 reliquit
1370 2261 1585 2312 vestigia.
1611 2259 1843 2300 Sacerdos
1871 2272 1972 2312 pro-

336 2332 421 2372 bus
443 2344 498 2373 ac
520 2339 673 2373 aetate
703 2338 976 2384 provectus,
1008 2332 1271 2373 Cardinalis
1299 2331 1545 2372 cuiusdam
1576 2332 1720 2371 multo
1749 2331 1977 2382 temporis

336 2404 489 2455 spatio
511 2403 815 2452 domesticus,
846 2403 1048 2455 peractis
1078 2402 1327 2444 Societatis
1357 2403 1617 2454 exercitiis,
1651 2402 1835 2442 animae
1866 2414 1979 2442 suae

336 2476 519 2514 lucrum
539 2487 645 2515 curn
665 2475 852 2526 pietatis
873 2474 1027 2515 fructu
1048 2486 1142 2514 non
1163 2474 1388 2514 mediocri
1409 2473 1684 2525 reportavit,
1708 2473 1800 2525 qui,
1832 2484 1976 2525 quum

337 2546 547 2597 pluribus
579 2546 837 2597 beneficiis,
869 2545 1160 2586 Pastoralem
1196 2544 1651 2585 administrationem
1681 2543 1977 2595 efflagitanti-

337 2618 444 2666 bus,
468 2623 690 2657 oneratus
711 2623 852 2667 esset,
884 2617 1114 2667 decrevit,
1145 2617 1283 2656 unico
1313 2621 1516 2665 retento,
1550 2615 1728 2666 reliqua
1762 2615 1978 2666 (quorum

338 2688 473 2728 alteri
508 2688 771 2728 animarum
805 2700 920 2729 cura
950 2687 1172 2738 annexa),
1206 2687 1252 2727 in
1283 2687 1473 2739 alterius
1504 2686 1575 2726 ius
1611 2685 1884 2734 transferre,
1923 2696 1978 2725 ac

340 2759 560 2811 deinceps
581 2771 772 2799 munere
792 2759 1033 2811 pastorali,
1058 2759 1105 2798 in
1126 2758 1298 2798 Christi
1318 2768 1466 2809 grege
1488 2757 1576 2797 sibi
1598 2756 1849 2797 commisso
1870 2768 1975 2808 pru-

394 2919 404 2938 1
445 2918 480 2947 P.
497 2919 727 2955 Hieronymus
742 2920 772 2946 le
789 2919 866 2953 Bas,
883 2919 922 2946 de
939 2926 1003 2953 quo
1018 2918 1095 2946 vide
1111 2922 1226 2945 tamen
1241 2918 1330 2945 infra
1350 2918 1488 2944 litteras
1503 2916 1609 2950 ipsius
1625 2915 1765 2943 Roberti
1781 2915 1972 2951 Cle-yssonii

340 2966 383 2992 1.³
398 2965 609 3000 Septembris
626 2967 725 3001 hujus
740 2967 819 2994 anni
835 2966 943 3000 datas,
958 2966 1106 2993 POLANC1
1127 2964 1330 2996 Chronicon,
1344 2968 1367 2992 t.
1382 2971 1429 2994 111.
1445 2971 1523 2998 pag.
1539 2963 1600 2996 288,
1618 2968 1651 2990 et
1667 2963 1770 2996 PRAT,
1788 2963 1979 2989 Memoz'res

336 3017 431 3047 pour
445 3015 563 3040 servir
578 3015 597 3040 ά
614 3014 788 3041 ΙἸιίςίοίνε
804 3015 850 3041 dn
866 3014 954 3041 Ρρνε
969 3013 1076 3040 Broet
1101 3015 1133 3040 et
1148 3013 1210 3040 des
1226 3013 1383 3046 origines
1404 3012 1446 3038 de
1468 3012 1500 3038 la
1524 3011 1736 3045 Compagm'e
1751 3011 1794 3037 de
1813 3010 1922 3044 ‚Iesus
1937 3017 1980 3036 en

339 3061 490 3094 France,
504 3066 593 3095 part.
609 3069 658 3096 111,
674 3062 729 3088 lib.
753 3069 773 3088 1.
