2168 3437
1950 0 1969 3 ,,.
1983 0 2168 111 τῖ’),ΐἻ

2120 48 2138 67 ².

341 285 412 323 236
854 284 1082 321 LITTERAE
1109 293 1468 326 QUADRmESTREs

422 381 614 421 Ineunte
653 379 1036 431 quadragesima,
1060 380 1215 419 visum
1246 385 1315 419 est
1334 378 1389 419 R.
1413 378 1462 419 P.
1492 378 1690 419 Doctori
1716 379 1888 419 Torres
1917 379 1977 419 ad

342 464 422 492 eas
451 452 699 501 ecclesias,
731 462 929 503 quarum
964 451 1221 490 redditibus
1251 451 1340 490 hoc
1375 449 1636 501 Collegium
1671 455 1976 500 sustentatur,

341 523 432 563 Res
452 522 642 563 Petrum
658 522 778 562 Diaz
810 528 853 562 et
885 522 1237 562 Emmanuelem
1267 520 1398 561 Leite
1429 520 1633 572 mittere,
1666 526 1714 561 ut
1740 532 1848 561 cum
1874 521 1980 561 aliis

340 593 579 643 fratribus,
604 593 681 644 qui
711 598 818 633 sunt
844 593 891 632 in
917 592 1203 633 monasterio
1231 591 1289 632 D.
1316 591 1508 640 Felicis,
1545 591 1812 643 frequenter
1844 603 1978 644 paro·

342 665 473 705 chias
508 676 669 704 omnes
705 664 910 714 adirent,
947 663 1141 715 illosque
1175 663 1442 703 rusticanos
1481 663 1696 703 homines
1730 663 1979 714 diligenter

341 735 608 784 edocerent,
628 734 752 786 quod
771 734 949 774 faciunt
967 735 1015 774 in
1030 735 1154 774 hunc
1176 745 1321 785 usque
1339 733 1475 774 diem.
1500 733 1631 774 Duos
1661 734 1778 773 alios
1807 733 1980 774 fratres

340 807 400 847 ad
421 807 477 847 D.
502 806 697 846 Antonii
718 806 843 846 misit
864 806 1133 856 ecclesiam,
1159 806 1235 857 qui
1266 806 1313 845 in
1334 805 1491 857 pueris
1513 805 1764 845 edocendis
1786 811 1829 845 et
1852 804 1976 856 oppi-

340 878 475 918 danis
496 878 630 929 ipsiS‚
665 877 860 929 aliisque
888 877 1116 917 similibus
1147 877 1532 928 occupationibus
1562 876 1975 928 quadragesimam

340 949 680 1000 impenderunt;
700 949 820 988 inter
842 960 960 1000 quas
987 960 1041 988 ea
1070 953 1171 988 erat
1198 960 1293 988 non
1322 954 1582 999 postrema,
1615 947 1738 999 quod
1760 948 1888 987 ibant
1921 946 1981 986 ad

341 1020 524 1068 urbem,
549 1031 689 1072 quam
717 1019 959 1060 Guardam
988 1020 1244 1071 appellant,
1279 1031 1399 1071 quae
1420 1019 1487 1060 VI
1516 1030 1741 1070 passuum
1778 1018 1982 1058 millibus

340 1091 502 1142 distat,
527 1096 576 1131 ut
599 1102 698 1140 eos,
737 1090 816 1142 qui
849 1090 896 1130 in
931 1090 1119 1142 publica
1155 1090 1367 1130 custodia
1401 1090 1549 1130 clausi
1579 1095 1733 1139 erant,
1768 1090 1979 1129 consola-

340 1168 446 1202 rent
467 1167 607 1214 atque
629 1162 771 1202 etiam
792 1160 1014 1201 docerent
1030 1162 1191 1211 multa,
1211 1172 1330 1212 quae
1348 1161 1413 1201 illi
1430 1161 1671 1201 hominum
1688 1160 1851 1211 generi
1873 1167 1980 1200 sunt

339 1233 480 1273 Valde
513 1233 805 1283 necessaria,
847 1232 1013 1283 quibus
1042 1244 1395 1284 nonnumquam
1426 1232 1566 1272 etiam
1589 1243 1759 1282 aquam
1790 1244 1813 1271 e
1848 1230 1981 1271 fonte

340 1305 550 1345 humeris
585 1304 940 1356 adsportabant.
977 1303 1140 1344 Plures
1176 1303 1235 1343 ad
1270 1303 1388 1343 haec
1425 1315 1565 1355 quam
1594 1302 1753 1353 XXX,
1797 1309 1895 1343 tum
1933 1303 1980 1343 in

344 1375 509 1416 eadem
530 1376 659 1426 urbe,
684 1382 782 1415 tum
811 1375 858 1414 in
887 1375 1091 1426 quinque
1122 1374 1279 1426 pagis,
1311 1386 1427 1426 quos
1455 1375 1668 1424 adibant,
1696 1375 1744 1414 in
1775 1374 1979 1426 gratiam

342 1447 588 1499 pristinam
610 1447 913 1487 reduxerunt.

419 1518 522 1558 Hac
550 1518 652 1569 ipsa
679 1517 1044 1569 quadragesima
1071 1517 1120 1557 P.
1157 1517 1359 1557 Michael
1392 1516 1448 1557 de
1482 1516 1631 1557 Sousa
1667 1517 1727 1557 ad
1757 1517 1978 1569 oppidum

340 1589 526 1638 Tomar‚
552 1589 684 1629 cuius
705 1588 952 1628 commoda
973 1588 1328 1639 diligentissime
1351 1600 1377 1627 a
1398 1587 1527 1639 Rege
1548 1588 1871 1639 providentur,
1896 1587 1981 1628 Re-

338 1660 411 1712 gis
432 1661 579 1712 ipsius
600 1660 823 1712 petitione
844 1660 1015 1700 missus
1036 1666 1126 1710 est,
1152 1659 1231 1700 ubi
1251 1659 1476 1711 populum
1497 1659 1567 1700 bis
1595 1665 1674 1700 aut
1702 1666 1773 1699 ter
1798 1660 1846 1699 in
1874 1659 1982 1699 heb-

339 1731 540 1772 domada
565 1731 783 1781 docebat;
813 1730 937 1783 quod
966 1731 1195 1782 reliquum
1223 1737 1323 1771 erat
1351 1731 1576 1781 temporis
1604 1730 1847 1771 audiendis
1875 1742 1980 1771 con-

337 1803 620 1843 fessionibus
641 1808 685 1842 et
715 1802 1042 1843 Eucharistiae
1069 1801 1376 1842 Sacramento
1406 1801 1776 1842 administrando
1807 1801 1983 1853 impen-

338 1873 466 1914 dens.
484 1873 560 1914 Ad
578 1874 703 1926 quod
720 1874 1009 1914 accedebant
1024 1873 1171 1924 multi,
1190 1872 1327 1925 idque
1343 1873 1626 1925 frequenter.
1645 1872 1766 1913 Nam
1782 1872 1839 1913 D.
1859 1872 1981 1913 Gon-

337 1946 520 1996 calvius
536 1945 768 1996 superiori
786 1957 909 1985 anno
931 1945 978 1984 in
1000 1944 1165 1984 eodem
1186 1944 1338 1984 fuerat
1360 1944 1544 1996 oppido.

417 2016 680 2057 Dominicis
700 2028 841 2068 porro
864 2016 1028 2056 diebus
1049 2015 1097 2056 P.
1132 2015 1334 2056 Michael
1355 2015 1451 2056 ibat
1473 2015 1532 2056 ad
1562 2015 1679 2055 duas
1710 2015 1980 2067 parochias,

335 2087 382 2127 in
411 2099 529 2139 quas
564 2087 803 2128 confluunt
834 2086 1015 2127 finitimi
1042 2087 1292 2136 rusticani,
1322 2087 1370 2126 in
1400 2098 1598 2138 quarum
1627 2098 1719 2126 una
1750 2098 1902 2137 mane,
1935 2086 1982 2126 in

337 2159 487 2199 altera
507 2158 695 2210 vesperi
716 2158 1109 2198 concionabatur:
1133 2163 1272 2209 atque
1294 2157 1413 2197 inter
1441 2157 1533 2197 alia
1555 2157 1824 2208 commoda,
1861 2169 1983 2208 quae

337 2230 588 2270 conciones
609 2230 715 2269 illae
736 2235 1033 2281 pepererunt,
1056 2229 1169 2268 illud
1188 2228 1273 2268 fuit
1294 2229 1370 2268 vel
1390 2228 1721 2280 praecipuum,
1756 2229 1883 2280 quod
1902 2240 1979 2280 po-

337 2301 524 2342 stremis
546 2300 851 2341 concionibus
872 2299 925 2340 30
954 2311 1097 2351 supra
1122 2299 1197 2339 lOO
1216 2299 1429 2339 homines
1453 2298 1543 2351 [ad]
1569 2299 1825 2340 amicitiam
1845 2311 1979 2340 revo-

337 2378 525 2422 carunt,
564 2371 671 2412 odia
706 2377 750 2411 et
783 2371 1044 2411 simultates
1078 2370 1337 2422 lachrymis
1365 2370 1667 2422 deponentes.
1697 2369 1983 2411 Sacerdotes

337 2449 607 2495 praeterea,
641 2443 720 2495 qui
754 2448 862 2483 sunt
895 2442 1115 2493 permulti
1148 2441 1336 2493 Tomar,
1375 2442 1579 2493 quotidie
1607 2441 1725 2482 duas
1756 2442 1982 2482 lectiones

339 2514 590 2555 audiebant
630 2513 686 2554 de
732 2514 790 2554 iis
829 2525 948 2565 quae
989 2513 1048 2553 ad
1088 2512 1346 2553 audiendas
1387 2512 1706 2553 confessiones
1747 2518 1976 2564 spectant,

338 2596 454 2637 quas
490 2586 716 2626 lectiones
747 2585 934 2636 legebat
956 2584 1117 2636 frater,
1155 2584 1233 2637 qui
1260 2596 1367 2625 cum
1394 2584 1623 2625 Michaele
1651 2584 1707 2624 de
1740 2583 1891 2625 Sousa
1922 2583 1980 2624 ad

341 2657 453 2697 illud
476 2657 696 2709 oppidum
717 2657 863 2697 venit.

416 2728 488 2768 De
509 2728 688 2768 duobus
710 2727 1048 2777 sacerdotibus,
1072 2726 1151 2779 qui
1171 2727 1230 2767 ad
1252 2727 1519 2777 dioecesim,
1544 2738 1685 2779 quam
1704 2726 1980 2777 Portalegre

337 2805 532 2849 vocant,
566 2799 896 2839 concionatum
929 2798 1104 2849 ierunt,
1141 2784 1463 2849 flagitante‘id
1494 2797 1750 2849 Episcopo,
1784 2797 1887 2837 Viro
1915 2797 1979 2836 in-

338 2870 593 2921 tegerrimo
620 2876 665 2910 et
694 2868 944 2911 Societatis
978 2869 1289 2921 amicissimo,
1323 2869 1550 2909 nihildum
1582 2874 1874 2920 compertum
1900 2867 1979 2907 ha-

343 2945 517 2982 bemus.

417 3011 492 3052 Ad
522 3012 702 3053 Indiam
723 3012 810 3052 hoc
831 3012 933 3064 ipso
961 3023 1084 3051 anno
1113 3012 1316 3063 quinque
1346 3011 1476 3051 missi
1503 3016 1609 3051 sunt
1638 3022 1662 3050 e
1690 3010 1885 3058 nostris;
1920 3010 1980 3050 ad

339 3082 588 3123 Brasiliam
608 3095 722 3123 vero
745 3088 944 3134 septem,
965 3094 1126 3122 omnes
1146 3083 1301 3134 parati
1323 3088 1460 3133 atque
1483 3082 1665 3122 alacres
1694 3081 1753 3122 ad
1782 3081 1979 3121 subeun-
