2168 3437
319 235 391 272 344
834 232 1060 269 LITTERAE
1088 242 1445 273 QUADRIMESTRES

321 338 394 372 tus
417 331 475 371 ad
496 331 689 370 meliora
710 330 960 381 promovit3
985 329 1090 369 inde
1111 330 1233 370 enim
1249 330 1407 381 plures
1422 331 1684 370 litterarum
1702 343 1757 371 ac
1773 342 1957 372 morum

323 402 496 442 cultum
518 401 757 451 accepturi
779 400 838 440 ad
859 411 944 440 nos
965 400 1126 440 venire
1154 407 1408 452 coeperunt
1439 407 1483 441 et
1510 401 1657 441 Ducis
1686 400 1695 419 ¹
1726 413 1841 453 erga
1870 414 1962 442 nos

322 471 647 512 benevolentia
667 469 817 521 major
838 476 882 511 et
902 471 1062 511 verior
1083 472 1315 523 apparuit.

401 542 534 582 Nunc
555 541 815 592 scripturus
836 553 956 593 quae
977 541 1100 582 intra
1120 543 1206 582 hos
1227 548 1426 594 quatuor
1449 554 1632 582 menses
1653 544 1866 594 proxime
1883 543 1955 583 de·

323 624 487 654 cursos
514 612 770 664 contigisse
802 613 1013 663 memini,
1050 613 1162 653 illud
1195 613 1397 664 primum
1437 613 1490 654 T.
1527 613 1580 654 R.
1620 613 1669 653 Ρ.
1706 626 1960 665 exponam,

323 684 445 736 quod
465 683 515 723 Ρ.
537 684 744 736 jacobus
765 684 982 724 morienti
1002 684 1216 735 Pro-regi
1235 683 1427 736 Neapol.
1452 685 1466 704 ²
1487 685 1647 734 astitit,
1671 685 1845 725 Uxoris
1865 684 1957 725 Du-

323 755 411 805 cis,
444 754 663 794 nimirum
692 755 815 794 illius
849 755 995 805 filiae,
1035 755 1221 795 nomine
1256 756 1528 796 accersitus.
1562 756 1643 795 illo
1674 761 1831 795 autem
1860 756 1958 796 vita

321 826 481 866 functo
511 828 564 865 ut
598 837 707 865 vere
734 825 1049 866 christianum
1079 825 1344 877 principem
1371 827 1556 866 decebat
1584 826 1710 866 mori
1735 825 1766 876 ³,
1796 826 1961 866 eadem

323 897 509 937 domina
543 896 727 936 felicem
761 903 997 937 mortuum
1026 897 1315 948 appellabat;
1345 898 1530 948 laudes,
1562 897 1731 949 inquit,
1765 897 1866 937 Deo
1894 902 1961 937 tu—

322 967 476 1015 lerim,
503 968 625 1019 quod
646 966 661 985 ‘⁴
680 973 923 1019 parentem
942 979 1098 1008 meum
1119 979 1146 1007 a
1166 968 1384 1019 propriae
1406 968 1663 1008 mansionis
1685 967 1699 986 ⁵
1720 967 1960 1007 familiari-

324 1039 430 1089 bus,
454 1039 581 1079 velut
603 1050 630 1078 a
651 1039 920 1079 domesticis
940 1039 1160 1089 inimicis,
1185 1045 1440 1090 remotum,
1464 1040 1554 1079 huc
1577 1039 1846 1090 adduxerit,
1883 1051 1958 1079 no-

325 1115 447 1150 stras
467 1110 588 1150 inter
609 1121 796 1161 manus,
832 1110 1018 1150 Patrem
1047 1110 1277 1163 Jacobum
1306 1111 1650 1162 alloquebatur,
1680 1110 1961 1150 moriturum

326 1181 485 1233 sicque
513 1181 698 1222 facilius
725 1181 907 1221 animae
938 1182 1136 1221 salutem
1165 1181 1459 1233 adepturum.
1491 1181 1669 1232 Quibus
1697 1181 1854 1221 verbis
1888 1181 1961 1220 de-

327 1252 525 1292 claravit
547 1264 688 1304 quam
707 1252 963 1292 honorifice
985 1252 1041 1293 de
1062 1252 1201 1292 Patre
1222 1252 1413 1303 sentiat,
1437 1264 1492 1292 ac
1521 1253 1568 1292 in
1598 1265 1651 1292 eo
1680 1252 1966 1304 probitatem

325 1323 508 1375 diligat.

404 1394 573 1446 Porro,
598 1394 722 1446 quod
750 1395 809 1435 ad
829 1395 951 1435 hanc
974 1395 1125 1446 ipsam
1141 1393 1155 1413 ‘³
1186 1396 1387 1447 pertinet
1408 1393 1452 1435 et
1474 1395 1534 1435 ad
1553 1395 1700 1446 ipsius
1721 1395 1768 1434 in
1790 1394 1968 1446 pietate

326 1477 627 1518 progressum
654 1471 855 1517 spectat,
886 1477 980 1505 non
1006 1477 1173 1517 parum
1199 1466 1372 1518 profuit
1399 1466 1522 1506 idem
1549 1465 1702 1515 Pater,
1733 1464 1961 1516 siquidem

324 1538 444 1578 inter
465 1542 653 1577 caetera
673 1536 888 1577 suadenti
909 1537 974 1576 illi
1001 1548 1057 1577 ac
1087 1537 1294 1577 hortanti
1322 1544 1372 1578 ut
1398 1537 1630 1589 quaedam
1658 1537 1960 1588 amplectere-

325 1615 419 1659 tur,
458 1619 577 1659 quae
608 1607 667 1647 ad
697 1608 844 1659 ipsius
873 1608 1072 1648 salutem
1097 1607 1329 1658 facerent,
1362 1608 1570 1658 libenter,
1602 1613 1652 1648 ut
1680 1607 1961 1657 audivimus,

327 1690 504 1719 morem
524 1679 685 1730 gessit.
704 1679 956 1719 Praeterea
978 1679 1101 1731 apud
1123 1679 1334 1720 eamdem
1353 1686 1528 1731 quanta
1549 1679 1608 1719 sit
1627 1678 1782 1719 Patris
1804 1678 1965 1718 autho—

325 1752 461 1801 ritas,
486 1751 534 1791 in
555 1751 756 1790 aliorum
775 1751 977 1801 negotiis
998 1751 1136 1791 facile
1158 1751 1440 1792 ostenditur:
1463 1746 1596 1801 nam,
1621 1750 1658 1790 si
1679 1750 1789 1801 quid
1810 1754 1965 1801 postu-

325 1822 392 1862 lat
420 1828 500 1862 aut
527 1833 613 1873 pro
643 1833 936 1873 quocumque
966 1828 1199 1873 precetur,
1229 1822 1311 1862 vix
1339 1823 1481 1862 ullam
1510 1822 1685 1874 patitur
1712 1821 1968 1872 repulsam,

326 1893 408 1933 sed
429 1892 527 1933 fere
549 1893 766 1932 omnibus
788 1904 872 1943 pro
893 1900 1004 1933 voto
1026 1893 1292 1945 respondet.
1317 1893 1452 1944 Quod
1482 1893 1689 1944 apertius
1720 1892 1966 1943 superiori-

326 1964 412 2004 bus
433 1963 596 2004 diebus
616 1964 779 2014 patuit.
812 1964 996 2004 Etenim
1023 1964 1214 2015 quidam
1245 1964 1539 2015 adolescens,
1575 1963 1682 2004 furti
1715 1970 1972 2003 accusatus-

327 2035 386 2075 ob
406 2035 546 2086 idque
566 2035 706 2075 morti
728 2033 1030 2085 dijudicatus,
1055 2047 1182 2086 cum,
1211 2035 1445 2076 obstinato
1474 2035 1650 2085 animo,
1684 2046 1802 2086 quae
1834 2034 1969 2074 brevi

328 2111 372 2147 et
394 2105 648 2146 christiane
669 2105 885 2146 morituri
906 2106 1109 2146 maxime
1131 2106 1386 2157 intersunt,
1411 2111 1666 2158 respueret,
1691 2105 1740 2146 Ρ.
1764 2105 1970 2157 Jacobus

327 2176 387 2217 ad
407 2188 513 2217 eum
534 2176 818 2228 perducitur,
842 2183 1118 2228 tantumque
1138 2178 1287 2217 valuit
1308 2176 1407 2228 ejus
1435 2177 1723 2229 praesentia,
1756 2182 1804 2216 ut
1833 2176 1969 2216 ferox

324 2247 512 2299 juvenis
533 2247 591 2287 ad
613 2247 853 2287 meliorem
874 2253 1076 2288 mentem
1098 2260 1356 2288 conversus
1377 2249 1497 2288 ultro
1520 2247 1643 2299 apud
1665 2259 1771 2288 eum
1793 2253 1837 2287 et
1865 2258 1971 2299 pec-

330 2325 436 2360 cata
458 2319 728 2370 deposuerit
746 2318 774 2369 ⁷,
798 2325 842 2359 et
864 2319 1071 2359 animum
1091 2324 1222 2360 tanta
1243 2320 1469 2371 religione
1491 2325 1667 2360 tactum
1690 2318 1969 2369 exhibuerit,

385 2480 395 2500 ¹
434 2480 513 2507 Dux
527 2479 726 2507 Florentiae
743 2479 895 2507 Cosmus.

384 2528 397 2547 2
435 2527 558 2554 Petrus
574 2527 613 2554 de
629 2527 767 2560 Toledo,
785 2528 839 2561 qui
854 2527 934 2554 dum
954 2527 996 2554 ad
1017 2526 1165 2554 Senense
1186 2528 1312 2555 bellum
1332 2535 1367 2555 se
1382 2529 1530 2562 parabat
1542 2549 1548 2561 ,
1570 2527 1768 2555 Florentiae
1783 2528 1871 2555 diem
1886 2527 1970 2554 obiit

331 2582 524 2609 supremum
539 2575 600 2601 22⁸²
615 2574 795 2602 Februarii
810 2575 910 2609 hujus
925 2574 1138 2609 anni.—Ejus
1153 2574 1232 2609 filia,
1249 2575 1434 2609 Eleonora,
1451 2582 1537 2602 uxor
1553 2578 1628 2602 erat
1644 2575 1747 2602 Ducis
1764 2574 1969 2602 Florentini.

383 2623 397 2642 ³
436 2622 530 2649 Haec
545 2630 630 2656 quae
647 2622 814 2649 Polancus
830 2622 972 2655 addidit,
988 2629 1073 2649 vera
1087 2621 1221 2649 omnino
1236 2627 1324 2650 sunt.
1346 2622 1420 2650 Non
1435 2623 1523 2650 enim
1545 2622 1632 2650 falsa
1652 2622 1804 2649 inserere
1826 2622 1970 2649 auderet

332 2671 384 2697 his
399 2670 536 2703 litteris.
553 2677 639 2704 quae
661 2670 693 2697 in
717 2677 832 2697 omnes
854 2669 1035 2697 societatis
1056 2670 1173 2697 domos
1193 2671 1420 2698 mittebantur
1442 2672 1711 2705 legebanturque
1735 2677 1800 2697 non
1822 2677 1842 2697 a
1862 2669 1973 2696 Sociis

333 2721 467 2744 tantum
490 2717 548 2744 sed
571 2718 613 2744 ab
632 2717 726 2751 aliis,
753 2717 859 2752 iisque
882 2717 1057 2752 primariis
1072 2717 1157 2744 viris
1178 2717 1277 2750 (Vide
1299 2717 1466 2752 ΡοιΑΝεο,
1490 2717 1693 2749 Clzronz'con,
1716 2721 1739 2744 t.
1760 2725 1794 2751 11,
1810 2724 1886 2751 pag.
1906 2716 1972 2750 296,

332 2773 361 2791 n.
376 2764 437 2799 264,
454 2769 488 2792 et
503 2763 664 2792 Litterae
681 2765 977 2799 quadrimestreS,
988 2769 1011 2791 t.
1024 2772 1045 2798 Ι,
1058 2772 1137 2799 pag.
1152 2765 1228 2799 394),
1244 2766 1363 2799 quibus
1379 2766 1501 2800 optime
1517 2770 1616 2793 nolus
1631 2769 1706 2792 erat
1722 2764 1971 2799 Neapolitanus

334 2813 489 2839 Pro—rex.
506 2812 592 2839 Vide
615 2817 729 2840 tamen
750 2820 835 2847 quae
858 2813 929 2848 ipse
954 2812 1121 2840 Polancus
1143 2813 1246 2840 habet
1269 2814 1301 2840 in
1322 2813 1499 2847 Clzronz'co,
1521 2817 1544 2841 t.
1560 2820 1614 2844 111.
1636 2820 1714 2847 pag,
1730 2813 1774 2846 58,
1791 2813 1852 2839 sub
1867 2811 1969 2838 finem

334 2868 422 2887 num.
438 2860 481 2888 98.

388 2909 402 2928 ‘⁴
438 2908 576 2941 gratias
595 2915 705 2942 agens
720 2908 792 2935 Deo
808 2908 906 2942 quod.
923 2908 1099 2936 Polancus.

389 2955 402 2974 5
440 2956 575 2982 domus.
591 2956 770 2984 Polancus.

387 3001 402 3022 θ
439 3002 542 3030 Ducis
557 3002 753 3031 Florentiae
770 3011 920 3031 uxorem.

388 3050 401 3069 ⁷
440 3051 761 3086 consessusfuerit.
775 3051 956 3078 Polancus.
