2168 3437
857 278 940 315 AN.
970 277 1062 315 1554
1707 277 1778 315 643

141 388 233 415 non
266 375 516 415 obscurum
547 374 792 415 videbatur
819 375 995 415 instare
1025 383 1124 414 turn
1150 374 1362 425 corporis
1389 381 1486 414 tum
1514 374 1656 414 etiam
1681 374 1776 414 ani-

142 457 245 486 mae
266 446 539 497 periculum.
564 445 955 496 Obtemperarunt
979 445 1201 485 continuo
1222 445 1550 496 magistratus,
1575 451 1633 494 et,
1668 457 1776 485 cun-

143 524 271 557 ctum
304 517 534 556 ludicrum
568 523 845 568 apparatum
876 517 1206 566 dissolventes,
1237 516 1459 567 populum
1487 516 1706 556 dimisere
1732 523 1777 556 et

142 587 463 627 funambulum
486 586 655 638 oppido
686 586 926 626 discedere
956 586 1205 626 iusserunt.
1237 585 1400 637 Coepit
1428 585 1567 626 Pater
1595 586 1776 627 concio-

143 670 226 697 nes
247 658 420 697 habere
442 657 501 697 ad
522 658 763 708 populum.
789 657 848 697 ad
869 668 985 708 quas
1007 668 1099 696 non
1121 657 1249 696 cives
1271 657 1421 696 solum
1448 657 1530 697 sed
1557 657 1689 697 multi
1720 669 1778 697 ex

143 729 312 769 vicinis
334 728 515 779 oppidis
537 728 878 768 commeabant:
897 739 983 767 nec
1004 728 1148 767 multa
1171 727 1458 768 audientium
1475 729 1610 768 turba
1633 734 1778 769 atten-

143 800 330 849 tionem,
351 798 473 850 quod
494 798 593 838 fieri
615 800 745 847 solet,
766 798 1017 838 minuebat:
1039 797 1161 849 quod
1182 798 1270 838 hac
1288 799 1468 838 ratione
1486 806 1779 850 compertum

143 877 233 916 est.
258 881 365 910 cum
384 869 571 909 assidue
594 880 620 908 a
641 869 860 920 prandio,
884 857 1003 908 nam'
1023 868 1069 908 id
1100 869 1324 919 temporis
1353 868 1612 909 destinarat
1640 870 1780 910 Pater

144 941 203 981 ad
222 941 472 980 familiaria
494 940 740 991 colloquia,
760 939 1158 991 particulariaque
1181 939 1443 979 animarum
1464 941 1652 991 negotia
1675 952 1781 981 cum

144 1012 326 1051 civibus
357 1011 481 1051 domi
502 1010 857 1062 pertractanda,
883 1010 1052 1049 multos
1074 1021 1132 1049 ex
1152 1010 1274 1049 notis
1302 1010 1615 1061 interrogaret
1643 1023 1777 1063 quos·

145 1094 254 1122 narn
275 1093 334 1122 ex
356 1082 455 1122 eius
475 1081 565 1121 diei
587 1082 812 1121 concione
834 1081 1179 1131 decerpsissent
1200 1080 1287 1120 sibi
1308 1082 1496 1133 suisque
1517 1082 1660 1132 cibos,
1685 1082 1779 1133 qui-

145 1154 231 1193 bus
251 1154 433 1193 animas
454 1152 714 1202 reficerent,
739 1151 900 1191 ordine
921 1150 1031 1202 quid
1052 1151 1217 1202 cuique
1239 1152 1493 1192 convenire
1520 1153 1607 1192 sibi
1628 1153 1780 1193 visum

148 1224 286 1264 fuerit
308 1223 647 1273 edisserebant,
671 1234 758 1263 nec
787 1234 845 1262 ex
873 1221 1097 1262 concione
1127 1222 1379 1272 quidquam
1413 1222 1558 1263 ferme
1587 1224 1783 1274 periisse

153 1295 496 1335 inveniebatur.

229 1366 445 1417 Longum
463 1371 583 1405 esset
604 1365 821 1416 persequi
838 1364 1038 1415 singula,
1058 1375 1176 1416 quae
1198 1364 1244 1403 in
1262 1376 1394 1404 suam
1411 1365 1610 1415 gloriam
1627 1364 1784 1405 Domi-

153 1449 240 1477 nus
267 1437 448 1488 peregit
480 1436 757 1476 concionum
785 1435 1057 1475 ministerio.
1088 1434 1329 1486 Quaedam
1357 1441 1513 1475 tamen
1542 1448 1600 1476 ex
1630 1436 1786 1476 multis

152 1508 538 1561 perstringemus.
557 1507 731 1547 Habita
754 1507 809 1547 de
832 1506 1079 1546 dilectione
1100 1506 1395 1546 inimicorum
1412 1507 1576 1547 concio
1599 1519 1783 1559 persua-

152 1580 211 1620 sit
232 1579 587 1630 quamplurimis
604 1579 651 1618 in
675 1578 881 1629 gratiam
909 1589 1015 1617 curn
1042 1577 1243 1618 inimicis
1275 1577 1450 1618 redire:
1480 1590 1644 1618 verum
1674 1578 1785 1618 illud

152 1650 237 1691 fuit
257 1651 428 1702 populo
450 1649 772 1701 gratissimum
792 1655 850 1699 et,
877 1654 926 1688 ut
950 1660 1034 1699 par
1057 1654 1126 1688 est
1147 1648 1354 1698 credere,
1374 1648 1474 1688 Deo
1496 1649 1634 1699 longe
1657 1661 1785 1689 acce-

153 1721 290 1773 ptius,
312 1721 438 1772 quod
455 1720 657 1760 ostendit
676 1725 850 1771 quanta
871 1720 930 1759 sit
951 1720 1025 1759 vis
1046 1719 1177 1758 verbi
1196 1719 1355 1759 divini.
1376 1719 1618 1760 Profectus
1634 1719 1787 1760 fuerat

154 1805 180 1832 a
201 1792 353 1844 patria
375 1803 460 1831 sua
482 1791 671 1843 quidam
692 1790 961 1830 Valentiam
982 1802 1169 1840 versus,
1193 1796 1242 1830 ut
1278 1790 1401 1841 apud
1431 1791 1696 1831 valentinos
1724 1791 1785 1830 iu-

154 1864 281 1904 dices
302 1863 561 1913 inimicum,
587 1874 722 1914 quern
744 1861 907 1902 oderat
927 1862 1151 1913 pessime,
1185 1862 1231 1901 in
1263 1862 1547 1902 calumniam
1576 1869 1785 1902 vocaret:

155 1934 357 1974 Domino
379 1945 571 1985 gressus
593 1934 691 1973 eius
712 1933 962 1984 dirigente,
985 1933 1323 1973 Fontenentern
1344 1934 1578 1985 pervenit,
1604 1945 1712 1974 nam
1733 1946 1788 1974 ea

154 2011 283 2045 recta
307 2005 398 2044 itur
415 2004 684 2044 Valentiam
708 2004 764 2044 ab
786 2004 884 2044 eius
906 2004 1059 2055 patria
1080 2003 1320 2055 profectis;
1340 2004 1414 2044 hic
1436 2004 1556 2044 forte
1579 2005 1625 2044 in
1647 2005 1789 2045 eccle-

155 2076 274 2116 siam
295 2076 537 2126 ingressus
559 2075 738 2115 audivit
759 2074 948 2115 Patrem
970 2075 1025 2115 de
1057 2074 1305 2125 diligendis
1335 2075 1535 2115 inimicis
1564 2076 1790 2116 disseren-

154 2154 262 2188 tem.
285 2147 459 2187 Tactus
481 2152 609 2187 motu
630 2146 786 2186 cordis
816 2146 1120 2196 intrinsecus,
1156 2157 1251 2185 non
1284 2146 1595 2186 dissimulavit
1622 2147 1790 2187 verita-

156 2225 270 2268 tem;
301 2218 456 2258 fassus
483 2223 552 2258 est
580 2229 669 2269 quo
700 2218 855 2257 animo
886 2217 1040 2268 patria
1073 2217 1248 2257 exisset
1284 2223 1327 2257 et
1362 2223 1473 2257 tunc
1507 2218 1792 2258 intellexisse

156 2289 265 2341 quid
287 2289 374 2328 sibi
395 2294 517 2328 esset
539 2288 788 2339 agendum.
813 2287 1053 2328 Sententia
1084 2288 1131 2327 in
1163 2288 1327 2328 melius
1356 2294 1558 2338 mutata,
1592 2289 1652 2329 ad
1682 2301 1792 2329 suos

156 2360 294 2400 rediit
316 2365 359 2399 et
382 2370 487 2399 cum
508 2359 711 2408 inimico,
737 2370 875 2410 quem
895 2358 1047 2398 fuerat
1070 2365 1391 2409 accusaturus,
1416 2359 1671 2399 amicitiam
1692 2360 1793 2400 iniit

157 2438 201 2470 et
229 2430 618 2470 benevolentiam.
648 2428 939 2469 Adolescens
968 2430 1085 2469 alius
1116 2430 1258 2481 impia
1284 2430 1547 2470 temeritate
1578 2430 1792 2471 sacerdo-

158 2508 251 2541 tem
273 2501 522 2552 quemdam
543 2500 630 2540 sibi
650 2500 884 2540 infensum
905 2500 964 2540 ad
986 2506 1225 2540 certamen
1245 2501 1485 2551 singulare
1506 2513 1792 2552 provocave-

160 2578 253 2623 rat,
277 2578 326 2611 ut
347 2571 519 2611 mutuis
540 2582 589 2611 se
610 2570 915 2610 confoderent
936 2571 1223 2621 vulneribus;
1248 2583 1384 2623 quem
1406 2573 1691 2612 conveniens
1712 2572 1793 2612 Pa-

161 2649 231 2683 ter
251 2642 462 2694 Baptista
484 2653 577 2681 non
599 2641 658 2681 ad
677 2641 1111 2682 reconciliationem
1132 2643 1282 2682 solum
1303 2642 1519 2693 perduxit
1540 2643 1622 2683 sed
1642 2649 1692 2683 ut
1715 2642 1794 2683 hu·

163 2713 372 2754 militatis
414 2718 459 2752 et
492 2712 805 2764 poenitentiae
839 2712 977 2752 fidem
1011 2712 1188 2753 faceret
1231 2712 1397 2753 effecit.
1429 2713 1504 2753 Ad
1537 2713 1796 2755 sacerdotis

167 2785 323 2836 itaque
343 2795 500 2835 genua
520 2783 796 2835 provolutus
816 2783 1004 2822 veniam
1026 2783 1201 2823 erroris
1223 2784 1368 2835 petiit.

247 2855 309 2895 Ut
325 2854 511 2906 publica
528 2853 891 2904 magistratuum
908 2853 1060 2893 edicta
1077 2855 1485 2905 promulgarentur
1498 2857 1673 2896 sanctis
1691 2867 1797 2909 qua-

168 2925 464 2977 dragesimae
486 2925 647 2965 diebus
669 2924 953 2975 impetravit,
978 2925 1145 2975 quibus
1167 2925 1374 2965 omnium
1399 2937 1624 2978 generum
1650 2927 1798 2978 ludos

167 3008 328 3037 eorum
349 2996 505 3046 etiam,
529 2995 608 3047 qui
638 2995 728 3034 alio
762 3001 971 3046 tempore
992 2995 1276 3036 haberentur
1302 2996 1632 3048 honestissimi,
1663 2999 1799 3039 inter-

166 3067 389 3108 dicerent.
421 3067 551 3107 Bona
578 3066 718 3106 etiam
746 3065 944 3116 publica,
971 3065 1027 3105 ab
1058 3066 1260 3118 antiquis
1289 3069 1538 3118 quotannis
1573 3075 1801 3121 occupata
