2168 3437
839 214 923 252 ΑΝ.
953 215 1045 252 1553
1708 214 1755 251 99

117 316 203 356 bus
223 320 462 366 spectatae
483 312 729 364 probitatis
752 317 891 364 atque
919 311 1116 362 insignis
1143 312 1270 351 vitae
1301 311 1415 351 viris
1443 323 1491 350 se
1522 317 1645 351 totos
1675 310 1753 351 So-

118 385 300 427 cietatis
333 384 543 425 instituto
574 383 810 435 sequendo
848 394 1129 423 consecrare
1164 382 1533 434 proponentibus
1569 394 1626 422 ac
1662 382 1755 422 iam

119 456 378 509 persuasis,
411 466 610 506 quorum
631 454 871 505 utriusque
891 453 1053 493 vivam
1074 453 1409 505 hypotyposim
1431 459 1568 504 atque
1597 465 1754 504 proso—

116 526 426 579 pographiam
446 525 651 565 numeris
673 525 886 565 omnibus
908 524 1169 582 absolutam
1192 524 1250 563 ob
1280 524 1439 564 oculos
1473 535 1584 564 mox
1611 524 1752 564 subii-

121 598 308 638 ciemus.
346 596 543 637 Accedit
570 596 722 636 Patris
751 595 900 636 nostri
929 595 1188 635 industriae
1217 606 1271 634 ac
1302 595 1451 635 labori
1478 595 1756 646 indefatiga-

120 669 220 719 bili,
264 668 343 719 qui
380 678 580 707 messem
620 679 680 706 ex
719 666 913 706 Domini
952 665 1244 717 agricultura
1279 666 1562 706 uberrimam
1596 667 1665 716 (ut
1700 679 1758 706 ex

120 738 340 779 subiectis
377 737 601 789 exemplis
637 749 747 777 mox
776 742 935 788 aperte
963 737 1224 784 illucescet)
1260 736 1306 776 in
1338 736 1559 776 horreum
1587 737 1759 777 Christi

121 809 332 860 collegit,
356 809 501 861 ipsius
522 808 684 848 famuli
712 808 864 847 nostri
895 807 1019 859 apud
1046 807 1372 847 benefactores
1398 814 1442 847 et
1470 808 1647 848 amicos
1675 807 1753 848 So-

121 881 304 921 cietatis
326 879 652 920 commendata
674 879 885 930 probitas
907 884 1046 930 atque
1066 878 1330 929 prudentia,
1362 879 1461 929 qui,
1496 891 1585 930 quo
1618 880 1759 930 pollet

123 952 310 1002 linguae
330 950 554 991 beneficio
577 961 631 990 ac
653 949 876 1001 spiritalis
898 950 1210 1000 correptionis
1239 955 1378 1001 atque
1400 950 1755 998 exhortationis,

122 1033 214 1074 qua
249 1022 449 1062 donatus
484 1027 576 1071 est,
613 1021 782 1072 gratia,
820 1032 1080 1072 propensos
1114 1021 1320 1061 omnium
1360 1021 1407 1060 in
1441 1033 1527 1061 nos
1562 1021 1758 1061 affectus

124 1093 281 1133 acrius
301 1093 478 1133 incitat.

205 1164 476 1214 Caeterum,
514 1170 739 1215 quantum
776 1162 835 1203 ad
871 1161 1011 1202 studii
1050 1162 1246 1202 litei-arii
1280 1163 1510 1203 rationem
1544 1163 1759 1215 pertinet,

126 1235 259 1275 brevi
287 1236 498 1274 oratione
526 1234 571 1275 id
601 1235 901 1286 complectar.
934 1233 1250 1274 Charissimus
1280 1233 1426 1273 frater
1453 1241 1612 1274 noster
1636 1234 1760 1274 Iaco-

126 1307 213 1346 bus
246 1306 465 1346 Morellus
500 1307 764 1357 palaestrae
799 1305 1150 1356 philosophicae
1183 1305 1388 1345 studium
1426 1306 1572 1345 alacri
1607 1306 1762 1346 animo

127 1377 383 1428 faustisque
425 1377 647 1428 auspiciis
692 1377 933 1427 ingressus
973 1382 1073 1427 est,
1122 1376 1228 1428 qui,
1269 1377 1429 1416 labore
1470 1377 1761 1427 adversario,
1802 1376 1808 1389 ‘

128 1447 301 1489 Christi
330 1448 578 1499 praesidio,
617 1449 931 1499 supplantato,
967 1448 1219 1488 victoriam
1249 1453 1458 1499 optatam
1494 1449 1765 1499 triumphali

127 1531 303 1559 corona
324 1519 574 1570 insignitus
604 1519 757 1569 nobis,
787 1525 979 1577 peracta
1009 1519 1229 1559 curriculi
1250 1519 1456 1571 periodo,
1490 1520 1761 1571 reportavit.

129 1590 229 1641 Ego
261 1602 376 1630 vero
410 1602 574 1630 sacrae
606 1591 872 1641 theologiae
903 1602 1096 1642 operam
1130 1590 1367 1642 impendo,
1405 1591 1576 1642 partito
1611 1591 1764 1631 studio

128 1667 228 1701 tum
248 1661 295 1701 in
315 1661 621 1701 scholasticas
638 1661 986 1702 controversias
1002 1667 1099 1701 tum
1115 1662 1161 1701 in
1177 1673 1340 1702 sacras
1356 1663 1636 1714 scripturas,
1660 1675 1763 1703 con-

126 1733 286 1772 iuncta
321 1732 539 1772 nimirum
574 1724 815 1784 utriusque
845 1732 1112 1784 theologica
1141 1733 1368 1772 lectione:
1406 1733 1595 1783 linguae
1626 1734 1766 1773 etiam

130 1804 385 1855 utriusque,
410 1810 454 1843 et
474 1815 676 1854 graecae
698 1810 741 1844 et
762 1803 1027 1854 hebraicae,
1051 1804 1255 1844 studium
1277 1804 1492 1845 observo.
1517 1804 1654 1845 Faxit
1675 1804 1766 1845 Do-

130 1875 284 1915 minus
304 1875 432 1915 Iesus
455 1881 503 1915 ut
525 1875 779 1915 alacriores
800 1887 984 1927 semper
1005 1875 1051 1915 in
1072 1882 1234 1916 nostro
1255 1887 1508 1927 pergamus
1531 1876 1683 1916 officio
1708 1877 1767 1917 ad

131 1946 306 1986 cultum
328 1946 690 1997 augustissimae
712 1946 972 1987 maiestatis
994 1946 1162 1998 ipsius,
1187 1947 1265 1997 qui
1290 1958 1375 1986 nos
1406 1959 1430 1986 e
1460 1947 1632 1987 mundo
1657 1948 1766 1988 sele-

132 2017 201 2069 git
222 2024 271 2057 ut
293 2018 380 2057 sibi
401 2018 486 2058 toti
511 2018 742 2058 vivamus.

212 2088 318 2139 His,
342 2100 461 2140 quae
483 2089 785 2129 oeconomiae
806 2095 997 2129 nostrae
1019 2101 1075 2129 ac
1104 2089 1318 2140 privatae
1345 2096 1389 2129 et
1419 2090 1633 2140 publicae
1663 2101 1767 2130 con-

135 2160 415 2199 versationis
436 2159 657 2210 formam,
682 2171 766 2199 ceu
787 2159 940 2199 ideam
961 2160 1213 2211 quamdam
1234 2167 1372 2212 atque
1398 2162 1638 2212 exemplar
1666 2173 1769 2213 pro-

136 2235 344 2282 totypon,
370 2237 722 2282 expresserunt,
746 2231 1018 2282 propositis,
1048 2232 1261 2283 proximo
1292 2232 1453 2272 ordine
1483 2232 1661 2272 formae
1692 2245 1767 2272 no·

138 2307 263 2341 strae
307 2302 441 2353 quasi
486 2302 740 2352 imaginem
785 2309 923 2354 atque
968 2302 1171 2354 effigiem
1215 2303 1481 2355 quamdam,
1528 2305 1769 2355 originalis

139 2373 419 2424 exemplaris
447 2373 765 2423 imitatricem,
799 2381 986 2425 partum
1021 2374 1230 2425 inquam,
1261 2375 1339 2425 qui
1369 2387 1392 2414 e
1426 2383 1615 2415 nostrae
1641 2375 1768 2414 fami-

138 2443 227 2483 liae
248 2450 380 2484 utero
411 2444 671 2495 prosiliens,
702 2445 848 2484 solido
880 2445 997 2495 cibo,
1027 2457 1120 2485 non
1146 2446 1266 2486 lacte
1297 2447 1514 2497 nutritur,
1543 2452 1587 2485 et
1617 2446 1771 2486 Patris

140 2514 287 2554 nostri
307 2515 600 2566 negotiosam
620 2515 983 2555 foecunditatem
1007 2528 1090 2556 sua
1112 2517 1453 2567 pulchritudine
1476 2524 1613 2569 atque
1635 2518 1772 2569 copia

136 2591 302 2635 ,aperte
322 2585 540 2637 loquitur,
565 2586 622 2626 ob
645 2588 804 2626 oculos
820 2587 1132 2627 subiiciemus.

221 2655 541 2707 Principatum
580 2657 721 2708 igitur
760 2657 859 2697 iure
898 2658 1196 2698 meritissimo
1232 2659 1483 2709 assignabo
1521 2661 1771 2711 sacerdoti,

146 2725 440 2766 Christianae
461 2727 648 2779 pietatis
677 2728 929 2778 praeconio
957 2729 1112 2768 multis
1138 2729 1384 2779 honoratO,
1417 2730 1597 2770 flandro
1626 2732 1772 2772 natio-

145 2808 222 2848 ne,
246 2798 474 2849 singulari
495 2799 721 2838 modestia
744 2810 799 2838 ac
827 2811 1010 2839 morum
1039 2801 1308 2840 maturitate
1329 2802 1555 2853 praedito,
1580 2802 1775 2854 Collegii

148 2868 388 2908 cuiusdam
411 2869 788 2920 procuratorium
810 2881 977 2909 munus
998 2870 1363 2921 administranti,
1389 2873 1467 2923 qui
1487 2872 1624 2913 Patre
1645 2885 1774 2925 prae-

148 2937 268 2990 side,
304 2951 546 2979 sacrorum
575 2940 907 2980 exercitiorum
936 2941 1219 2981 catechismo
1251 2942 1479 2995 eruditus,
1516 2945 1563 2984 in
1596 2952 1776 2986 tantam

148 3009 373 3050 Virtutum
395 3011 599 3051 omnium
618 3011 951 3062 perfectionem
971 3012 1142 3063 exiguo
1174 3014 1397 3065 temporis
1426 3016 1673 3056 intervallo
1700 3029 1775 3057 ex-
