2168 3437
365 271 434 307 700
879 266 1106 303 LITTERAE
1135 275 1493 308 QUADRIMESTRES

363 368 548 407 fervore
570 363 858 404 attendiamo
880 363 925 402 al
946 361 1105 402 divino
1128 361 1335 412 servigio
1363 366 1407 401 et
1437 360 1738 412 dignamente
1766 362 2009 411 possiamo

363 447 620 477 conversas
640 435 712 475 fra
733 435 746 474 i
768 434 870 474 suoi
891 433 1016 474 servi
1037 439 1082 473 et
1102 432 1267 483 amici,
1298 443 1437 472 senza
1463 431 1556 471 mai
1578 416 1856 472 discostarci
1878 433 2002 472 dalla

366 514 502 548 santa
522 508 715 548 volonta
737 517 837 546 sua.
862 505 1033 545 Amen.

444 579 505 619 Di
524 578 750 626 Messina,
776 578 854 617 alli
874 576 922 616 21
948 576 994 616 di
1016 575 1209 626 Maggio
1236 575 1351 614 1554.

444 651 504 691 Di
526 650 583 691 V.
608 649 662 690 R.
687 648 736 689 P.

444 721 592 762 Servo
616 720 777 760 inutile
798 721 845 760 in
868 719 1056 759 Christo
1080 718 1223 758 Giesu
1243 750 1250 768 ,

1272 860 1522 900 ANNIBALE
1554 859 1818 899 CODRETTO.

445 1076 799 1129 Superscrlptlo
829 1076 876 1115 in
905 1079 1079 1127 quarta
1101 1075 1317 1127 pagina:
1346 1073 1407 1114 Al
1436 1074 1578 1114 molto
1612 1072 1715 1113 R.d0
1744 1072 1791 1112 in
1823 1072 2010 1113 Christo

367 1150 415 1190 P.
447 1151 477 1190 il
506 1148 555 1189 Ρ.
585 1149 645 1189 M.
678 1148 861 1199 Ignatio
891 1148 946 1188 de
973 1147 1175 1198 Loyola,
1206 1145 1450 1197 preposito
1477 1145 1631 1196 gnale.
1665 1144 1786 1184 della
1814 1143 2009 1195 Compa—

369 1221 481 1271 gnia
502 1220 548 1260 di
579 1219 723 1260 Gesu.

446 1292 497 1332 In
519 1291 683 1332 Roma.

447 1363 559 1403 Alsa
579 1373 748 1402 mann:
775 1362 894 1411 1554,
918 1361 966 1401 21
992 1361 1037 1401 (11
1059 1360 1267 1411 Maggio,
1291 1359 1512 1399 Messina‚

449 1435 497 1475 21
523 1434 568 1474 (11
588 1434 795 1484 Maggio.

462 1505 726 1555 Vestigium
749 1515 881 1544 cerae
903 1508 945 1544 et
966 1503 1139 1554 sigilli.

523 1896 806 1924 Praecedentium
819 1896 932 1924 Patris
948 1895 1129 1923 Annibalis
1146 1903 1165 1921 3
1183 1894 1354 1921 Condi-eto
1371 1893 1568 1920 litterarum
1584 1893 1693 1921 latma
1707 1893 1821 1921 versio
1841 1894 1861 1919 ¹.

452 2076 616 2118 Gratia
652 2076 841 2116 Domini
872 2076 1019 2115 nostri
1052 2074 1161 2127 Jesu
1191 2072 1366 2114 Christi
1401 2074 1461 2113 sit
1494 2084 1600 2112 cum
1635 2072 1801 2124 spiritu
1833 2077 2011 2111 nostro.

374 2149 541 2189 Amen.

453 2219 576 2260 Novi
598 2219 721 2271 quod
742 2224 786 2258 te
807 2219 928 2258 scire
949 2217 1154 2258 maxime
1176 2216 1365 2267 1616131,
1390 2215 1563 2267 optime
1584 2216 1631 2255 in
1652 2214 1839 2256 Christo
1861 2214 2014 2264 Pater,

373 2291 487 2331 nihil
508 2290 581 2330 his
603 2296 803 2342 quatuor
825 2289 1064 2329 mensibus
1084 2288 1261 2328 factum
1283 2292 1373 2337 est;
1397 2298 1548 2338 neque
1581 2293 1740 2326 tamen
1766 2297 1860 2326 non
1881 2285 2018 2336 pluri-

373 2374 450 2402 ma
471 2362 631 2402 divina
651 2361 939 2412 benignitate
961 2360 1087 2400 13613
1109 2365 1236 2409 sunt,
1270 2369 1469 2410 quorum
1491 2357 1678 2397 nomine
1709 2357 1811 2397 Deo
1841 2357 2016 2408 optimo

374 2434 580 2474 maximo
601 2433 784 2484 gratias
804 2431 1037 2472 maximas
1060 2442 1202 2482 agere
1224 2429 1492 2470 debeamus.
1523 2428 1613 2469 Sed
1641 2429 1862 2480 quoniam
1886 2440 1940 2468 63
1960 2440 2018 2468 116

374 2504 615 2556 sigillatim
648 2503 852 2544 referam
884 2502 1099 2554 prohibet
1134 2502 1210 2541 lex
1245 2500 1420 2540 indicta
1450 2500 1717 2548 brevitatis,
1755 2511 1846 2540 uno
1875 2499 2019 2539 verbo

373 2577 487 2617 mihi
508 2576 663 2616 dicere
683 2575 823 2615 liceat
844 2585 1068 2625 magnum
1089 2573 1431 2613 incrementum
1453 2571 1601 2611 divini
1622 2571 1832 2623 obsequii
1853 2571 1900 2610 in
1922 2571 2021 2611 dies

373 2648 488 2688 fieri.
518 2646 721 2687 Tantum
743 2646 865 2686 enim
895 2651 940 2685 et
970 2643 1362 2691 confessionibUS‚
1396 2648 1440 2682 et
1470 2642 1630 2682 sacris.
1651 2642 1951 2692 lectionibus,
1976 2647 2019 2682 et

374 2718 680 2760 concionibus
700 2716 967 2769 proficitur,
991 2722 1040 2756 ut
1061 2716 1185 2755 bona
1207 2725 1318 2765 pars
1340 2713 1598 2763 hominum,
1623 2713 1702 2765 qui
1720 2712 1778 2753 ad
1796 2714 2019 2765 templum

374 2796 589 2830 nostrum
611 2788 917 2838 conveniunt,
941 2799 1035 2828 non
1057 2792 1155 2827 tam
1177 2785 1436 2825 viventium
1465 2785 1511 2824 in
1540 2785 1728 2825 saeculo
1756 2796 1898 2836 quam
1919 2784 2019 2824 1611-

374 2863 615 2913 giosorum
636 2860 839 2912 speciem
860 2871 973 2910 prae
995 2870 1044 2898 se
1065 2857 1234 2897 ferant.
1254 2855 1499 2896 Mirabitur
1516 2856 1717 2896 10113556
1735 2855 1784 2896 Ρ.
1814 2856 1866 2896 T.
1896 2854 2020 2907 quod

429 2998 438 3017 1
477 2986 744 3031 Autographum
759 2996 791 3022 in
807 2996 886 3022 solio
902 2994 1026 3028 duplici
1043 3002 1072 3021 n.
1094 2996 1227 3025 (recens
1248 2994 1417 3028 apposito)
1439 2991 1542 3019 5.-1n
1565 3000 1603 3019 eo
1628 2992 1736 3019 solum
1762 2991 2020 3026 subscriptionis

373 3046 481 3073 verba
496 3048 574 3071 sunt
597 3050 699 3070 manu
715 3042 914 3076 Annibalis,
932 3049 984 3075 sc,
1002 3041 1042 3068 R.
1060 3041 1096 3068 P.
1120 3040 1153 3067 Τ.
1171 3040 1313 3068 inutilis
1329 3041 1365 3067 iu
1382 3040 1436 3069 X.0
1455 3039 1542 3075 Jesu
1567 3046 1712 3072 servus,
1726 3039 1882 3067 Annibal
1904 3047 1924 3066 a
1943 3038 2018 3066 Cou-

376 3093 486 3119 dreto.
