2168 3437
329 211 402 249 638
843 206 1073 243 LITTERAE
1098 214 1457 248 QUADRIMESTRES

328 319 416 348 nus
438 306 651 354 delectis,
675 304 765 344 hac
787 301 1150 355 quadragesima
1172 301 1371 341 diversis
1393 300 1441 340 in
1464 299 1648 351 templis
1672 310 1809 339 sacro
1829 299 1964 340 verbi

330 377 477 418 divini
499 376 673 427 pabulo
694 374 936 414 famelicas
958 385 1071 413 oves
1092 372 1429 413 refocillarunt.
1454 370 1634 422 Quibus
1656 370 1798 410 etiam
1825 370 1971 411 adfuit

332 449 551 499 frequens
572 446 687 486 satis
708 453 753 485 et
777 444 927 485 maior
948 455 1089 496 quam
1110 443 1416 495 sperabamus
1438 441 1705 482 auditorum
1731 453 1968 481 numerus.

332 520 456 560 Hinc
490 517 538 557 fit
568 523 617 557 ut
652 523 844 557 nostrae
877 514 1126 556 Societatis
1156 525 1316 554 rumor
1351 512 1729 564 existimatioque
1765 511 1971 563 quotidie

333 590 668 631 increbrescat.

415 660 537 712 Quid
558 671 672 700 vero
688 659 869 699 fructus
886 670 945 698 ex
960 657 1090 697 hisce
1107 656 1331 697 collectus
1346 655 1419 705 sit,
1440 654 1709 695 summatim
1725 653 1969 705 attingam.

334 731 455 772 Nam
475 732 676 783 primum
705 729 1032 770 serenissimus
1060 727 1163 768 Rex
1190 726 1526 777 Romanorum,
1560 724 1864 766 concionibus
1891 723 1972 764 Pa-

335 804 420 844 tris
440 803 590 843 nostri
612 801 789 843 Canisii
817 801 988 841 mirum
1007 800 1055 840 in
1081 799 1273 840 modum
1304 798 1551 847 excitatUS,
1574 796 1975 837 vehementiorem

336 887 386 915 se
407 875 580 914 habere
597 873 817 913 affectum
836 872 895 912 ad
913 870 1293 912 conservandam
1311 870 1359 909 in
1376 869 1473 909 suis
1488 868 1760 919 regionibus
1776 867 1974 919 relligio-

335 958 444 986 nem
464 945 779 985 orthodoxam
801 944 1025 984 declarat.
1048 942 1184 991 Nam,
1204 947 1390 993 praeter
1413 940 1504 980 alia
1526 941 1670 979 multa
1691 938 1973 989 testimonia,

337 1018 471 1057 nobis
498 1017 635 1057 huius
665 1016 734 1056 rei
762 1015 900 1055 fidem
927 1014 1040 1054 facit
1068 1014 1196 1065 pium
1217 1012 1339 1052 illius
1367 1017 1411 1051 et
1441 1017 1656 1051 sanctum
1677 1009 1974 1060 desiderium,

337 1100 430 1140 quo
452 1088 509 1128 D.
537 1087 777 1128 Canisium
800 1086 922 1126 serio
956 1083 1313 1125 commonefecit
1343 1088 1393 1123 ut
1419 1082 1553 1123 brevi
1584 1081 1829 1122 doctrinae
1857 1080 1976 1121 chri-

336 1160 519 1200 stianae
551 1159 786 1210 epitomen
813 1157 1134 1206 concinnaret,
1165 1167 1284 1207 quae
1312 1154 1484 1205 pueris,
1513 1165 1607 1193 non
1637 1153 1787 1193 solum
1814 1152 1861 1192 in
1887 1152 1978 1191 hac

338 1231 547 1281 civitate,
570 1241 737 1270 verum
758 1229 900 1269 etiam
920 1229 968 1268 in
995 1227 1098 1267 aliis
1121 1238 1233 1267 suae
1264 1225 1500 1266 Maiestati
1528 1224 1771 1274 subiectis,
1801 1223 1976 1275 praele-

337 1307 542 1354 geretur.
566 1301 693 1341 Idem
716 1301 868 1340 edicto
889 1299 1074 1351 publico
1096 1309 1177 1338 eos
1194 1297 1489 1347 exterminat,
1510 1296 1589 1348 qui
1606 1295 1782 1347 passim
1802 1294 1850 1334 in
1866 1305 1978 1334 suae

339 1373 529 1414 ditionis
556 1372 826 1423 regionibus
856 1374 1162 1423 praesumunt
1193 1369 1277 1409 sub
1307 1374 1507 1419 utraque
1534 1366 1689 1418 specie
1720 1365 1882 1406 altaris
1909 1376 1978 1405 sa-

339 1450 632 1485 cramentum
655 1443 908 1494 suscipere.

422 1515 753 1556 Confitentium
775 1520 819 1554 et
841 1512 1290 1553 communicantium
1310 1521 1535 1550 numerus
1554 1510 1694 1560 longe
1721 1509 1872 1548 maior
1892 1506 1979 1547 fuit

341 1587 430 1627 hac
452 1586 817 1638 quadragesima
839 1596 980 1636 quam
1009 1589 1162 1634 antea,
1193 1581 1474 1634 praesertim
1503 1591 1839 1631 germanorum
1875 1589 1981 1618 cum

339 1658 548 1708 flandris,
573 1657 740 1709 quibus
762 1655 858 1696 RR.
891 1654 979 1695 PP.
1013 1654 1230 1695 Canisius
1257 1659 1301 1693 et
1330 1652 1554 1693 Godanus
1584 1663 1633 1691 se
1663 1650 1982 1691 confessarios

340 1730 672 1782 praebuerunt,
709 1739 804 1767 non
838 1727 938 1767 sine
971 1727 1157 1766 illorum
1193 1736 1368 1776 magna
1402 1730 1501 1764 tum
1531 1723 1840 1763 instructione
1880 1727 1977 1761 tum

340 1800 677 1841 aedificatione.
692 1799 823 1838 Haec
839 1809 914 1838 res
926 1809 1020 1838 non
1035 1808 1203 1848 parum
1214 1808 1299 1836 nos
1313 1806 1504 1847 sperare
1521 1794 1634 1834 facit
1650 1799 1699 1834 ut
1717 1793 1896 1833 isthaec
1910 1804 1978 1832 sa-

338 1871 592 1912 luberrima
615 1869 904 1911 consuetudo
928 1868 1199 1917 confitendi,
1226 1879 1345 1919 quae
1366 1866 1477 1918 fere,
1502 1866 1621 1918 proh
1643 1865 1812 1914 dolor!,
1836 1864 1911 1904 hic
1932 1863 1979 1903 in

337 1942 693 1983 desuetudinem
714 1941 859 1991 venit,
884 1940 1075 1981 tandem
1092 1944 1361 1979 renovetur.
1381 1937 1501 1978 Nam
1519 1937 1702 1977 etiamsi
1719 1935 1851 1976 multi
1868 1935 1982 1975 satis

339 2024 547 2053 annuum
568 2012 879 2052 confessionis
900 2022 1036 2051 usum
1053 2022 1145 2050 non
1165 2009 1436 2059 abiecerint,
1456 2020 1510 2048 eo
1528 2014 1685 2048 tamen
1703 2018 1864 2047 omnes
1881 2006 1979 2046 fere

340 2085 558 2124 laborant
580 2083 719 2134 vitio,
745 2088 793 2122 ut
816 2088 915 2122 tum
935 2093 985 2122 se
1005 2081 1081 2133 pio
1103 2081 1211 2121 huic
1234 2079 1385 2120 officio
1416 2078 1701 2119 satisfecisse
1729 2083 1912 2128 putent,
1945 2076 1984 2117 si

341 2156 605 2206 generatim
626 2161 669 2194 et
686 2166 780 2194 non
802 2152 1049 2205 speciatim
1071 2163 1155 2192 sua
1176 2157 1373 2203 peccata
1397 2149 1634 2190 sacerdoti
1655 2149 1878 2199 detegant
1901 2160 1983 2188 seu

342 2227 497 2279 potius
536 2231 811 2276 contegant,
858 2236 1058 2276 quorum
1084 2229 1182 2263 tam
1216 2218 1433 2273 gravem‘
1454 2232 1689 2261 errrorem
1727 2220 1908 2260 utinam
1939 2230 1984 2259 et

342 2299 431 2350 ipsi
447 2304 662 2349 pastores
682 2308 776 2336 non
799 2296 1168 2345 dissimularent3
1192 2293 1273 2334 sed
1302 2305 1407 2333 cum
1429 2292 1558 2333 coeci
1587 2303 1757 2332 coecos
1786 2290 1979 2341 ducunt,

344 2370 393 2410 fit
413 2376 463 2410 ut
484 2369 620 2409 ambo
642 2369 689 2408 in
709 2368 899 2408 foveam
921 2367 1108 2407 cadant.
1131 2366 1262 2406 Italis
1290 2376 1404 2405 vero
1427 2370 1471 2404 et
1499 2363 1710 2414 hispanis
1744 2374 1800 2402 ac
1830 2362 1981 2413 gallis,

343 2441 424 2492 qui
462 2440 649 2492 plurimi
691 2440 749 2479 ad
784 2451 870 2479 nos
906 2437 1156 2478 confitendi
1199 2436 1354 2488 gratia
1391 2440 1715 2485 accesserunt,
1757 2433 1986 2473 satisfecit

345 2511 398 2551 R.
422 2511 471 2551 Ρ.
495 2511 654 2561 Lanoy
685 2509 710 2561 ¹,
737 2521 937 2562 quorum
959 2509 1101 2549 etiam
1122 2508 1279 2548 multis
1301 2518 1488 2547 sacram
1508 2505 1742 2546 distribuit
1765 2504 1983 2556 synaxim

346 2593 520 2633 magna
542 2594 648 2622 cum
668 2582 876 2622 omnium
893 2580 1231 2621 aedificatione.

426 2653 664 2693 Hactenus
700 2653 756 2693 de
792 2652 1094 2692 concionibus
1121 2657 1166 2691 et
1194 2662 1356 2691 earum
1390 2649 1632 2690 fructibus.
1665 2646 1798 2688 Nunc
1834 2657 1985 2698 pauca

343 2725 543 2764 dicenda
578 2725 773 2764 veniunt
810 2724 866 2764 de
902 2723 1005 2764 aliis
1038 2722 1227 2774 pietatis
1263 2721 1438 2762 officiis.
1476 2719 1581 2760 Non
1612 2730 1720 2759 raro
1757 2718 1880 2758 enim
1915 2728 1983 2757 so-

347 2796 442 2835 lent
476 2795 625 2835 nostri
661 2795 984 2835 incarceratos
1019 2793 1244 2844 invisere,
1285 2803 1458 2844 eosque
1493 2789 1745 2831 salutiferis
1779 2787 1984 2828 admoni-

348 2866 550 2906 tionibus
567 2866 816 2916 consolari,
837 2871 881 2906 et
899 2865 957 2906 ab
975 2864 1228 2915 erroribus,
1247 2863 1413 2916 quibus
1428 2862 1525 2902 fere
1544 2862 1715 2912 vulgus
1733 2859 1987 2899 obnoxium

406 3025 416 3044 ¹
457 3024 491 3051 P.
509 3024 668 3051 Nicolaus
683 3024 814 3059 Lanoy,
830 3022 1034 3051 Viennensis
1050 3022 1192 3057 Collegii
1208 3022 1345 3050 Rector.
