2168 3437
932 242 1013 279 AN.
1044 242 1136 279 1553
1775 242 1843 279 201

939 729 1121 784 CCVI

275 993 323 1031 Ρ.
347 993 606 1031 Desiderius

323 1059 444 1097 Patri
461 1058 633 1107 Ignatio
654 1058 706 1096 de
726 1058 913 1106 Loyola.

368 1124 561 1171 Tybure,
585 1124 628 1160 14
647 1123 793 1161 Martii
816 1123 908 1161 1553
928 1124 952 1159 ¹.

285 1547 600 1590 sanctificatis
620 1547 667 1587 in
688 1546 770 1587 X.⁰
789 1546 901 1599 Jesu
921 1545 1075 1597 gratia
1099 1545 1232 1585 vobis
1253 1551 1298 1585 et
1318 1557 1413 1597 pax
1435 1558 1462 1586 a
1484 1545 1585 1586 Deo
1607 1546 1745 1587 Patre
1766 1559 1841 1587 no*

199 1628 297 1661 stro
318 1628 363 1660 et
383 1618 586 1659 Domino
607 1617 719 1671 Jesu
741 1618 944 1659 Christo.

280 1762 401 1813 Quid
422 1762 565 1813 igitur
586 1762 632 1801 in
653 1761 793 1801 rebus
815 1761 887 1812 (ut
909 1761 1061 1809 aiunt)
1085 1760 1423 1811 temporalibus
1450 1761 1719 1811 negotiatus
1749 1761 1841 1801 fue·

199 1835 302 1884 rim,
326 1833 477 1885 primo
500 1833 674 1873 dicam:
698 1832 809 1883 quid
832 1833 942 1872 item
970 1832 1017 1872 in
1047 1830 1283 1884 open-[ibus
1311 1830 1519 1883 spiritus]
1551 1832 1844 1872 exercuerim

199 1911 436 1958 postremo
456 1904 620 1956 paucis
641 1902 905 1954 subjiciam:
929 1909 974 1943 et
994 1909 1043 1943 ut
1064 1903 1252 1943 brevior
1273 1902 1376 1953 sim,
1401 1903 1590 1943 corticis
1611 1903 1841 1943 duntaxat

199 1975 492 2028 superficiem
513 1982 774 2015 extremam
794 1975 1045 2026 attingens,
1064 1986 1183 2025 quae
1205 1986 1232 2014 a
1253 1985 1412 2014 mense
1434 1973 1685 2014 Decembri
1706 1980 1841 2025 gesta

203 2048 295 2088 sint
314 2047 627 2087 memorabor.

282 2118 494 2159 Dilectae
521 2118 656 2158 nobis
685 2118 732 2157 in
759 2117 946 2158 Christo
981 2117 1160 2158 sororis
1190 2117 1365 2157 Luciae
1393 2116 1407 2135 ‘²
1434 2118 1583 2167 litem,
1617 2117 1839 2166 taedium,

202 2189 536 2241 occupationes
556 2194 862 2240 caeterasque
884 2189 1025 2229 animi
1048 2188 1306 2239 molestias,
1337 2188 1471 2229 nobis
1504 2186 1716 2240 [sibique]
1746 2189 1840 2228 illa-

202 2266 293 2312 tas,
318 2260 443 2301 haud
466 2261 672 2311 ignoras.
696 2259 760 2301 At
781 2261 901 2301 sicut
920 2260 1028 2300 belli
1048 2266 1246 2300 eventus
1271 2260 1439 2300 dubius
1470 2266 1562 2310 est,
1594 2260 1731 2300 huius
1758 2260 1840 2299 ita-

201 2343 290 2383 que
310 2331 487 2372 sororis
507 2337 773 2382 postremae
794 2331 887 2371 litis
906 2329 1221 2383 progres[sus]
1240 2330 1342 2371 Deo
1360 2331 1576 2382 cognitus
1594 2331 1838 2371 habeatur.

201 2402 392 2453 (Prioris
414 2408 584 2453 autem,
604 2408 764 2454 utpote
784 2402 909 2442 horti
929 2403 1298 2453 controversiae,
1317 2402 1519 2442 Victoria
1536 2414 1629 2442 non
1646 2408 1690 2442 te
1706 2413 1840 2454 prae-

202 2473 343 2523 terit.)

280 2543 452 2584 Dilecti
490 2544 639 2584 nostri
675 2544 870 2597 Joannis
909 2544 1160 2585 Cocanarii
1197 2550 1526 2585 testamentum
1566 2556 1699 2593 suae,
1742 2550 1840 2585 tum

201 2615 455 2665 amicitiae,
488 2621 586 2655 tum
618 2614 883 2665 charitatis,
919 2616 1237 2656 testimonium
1268 2626 1384 2666 erga
1418 2627 1504 2655 nos
1539 2622 1840 2656 monumento

200 2691 415 2726 testatur.

253 2821 263 2841 ¹
303 2821 568 2857 Autographum
583 2823 616 2850 in
630 2822 709 2850 folio
730 2822 839 2855 unico,
861 2830 892 2849 n.
914 2822 1152 2850 five-Attrita
1167 2826 1200 2850 et
1222 2829 1325 2849 exesa
1341 2821 1464 2849 charta
1483 2822 1516 2849 in
1536 2823 1703 2857 superiori
1726 2826 1839 2857 parte,

200 2869 436 2896 desiderantur
451 2873 624 2903 postrema
640 2870 853 2904 singularum
867 2870 1034 2897 linearum
1048 2871 1155 2897 verba
1171 2874 1243 2897 tum
1257 2870 1290 2896 in
1312 2869 1408 2896 initio
1424 2872 1495 2896 tum
1518 2870 1551 2897 in
1573 2869 1636 2897 fine
1657 2871 1838 2905 epistolae;

200 2920 233 2943 et
248 2917 416 2950 quoniam,
433 2920 470 2943 ut
485 2924 527 2943 ex
542 2916 606 2951 his,
623 2924 709 2951 quae
724 2920 918 2951 supersunt,
934 2917 1135 2951 fragmentis
1152 2924 1271 2943 eruere
1288 2917 1379 2950 licet,
1395 2916 1479 2944 nihil
1494 2922 1634 2951 praeter
1646 2919 1837 2945 excusatio-

198 2971 268 2995 nes!
284 2964 544 2998 gratulationes,
559 2965 786 2998 precationes,
803 2968 836 2991 et
851 2964 975 2991 similia
991 2968 1167 2992 extremae
1183 2964 1248 2991 hae
1263 2964 1333 2991 folii
1345 2967 1463 2998 partes
1475 2965 1708 2999 continebant,
1724 2974 1783 2993 nos
1796 2967 1839 2993 ab

197 3010 239 3037 iis
253 3010 454 3045 fragmentis
470 3011 606 3039 edendis
621 3012 877 3045 abstinebimus,
894 3019 934 3039 ea
948 3012 1068 3044 solum=
1085 3019 1170 3046 quae
1187 3011 1324 3045 integra
1338 3015 1427 3045 sunt,
1444 3013 1728 3040 transcribentes.

254 3058 268 3077 2
305 3058 412 3085 Lucia
427 3057 587 3094 Cynthia,
604 3059 643 3086 de
659 3066 725 3093 qua
741 3059 819 3086 vide
835 3058 1003 3093 ΡοιΑιῑςο,
1021 3059 1224 3091 Chronicon,
1239 3062 1260 3087 t.
1274 3066 1310 3093 11,
1326 3066 1406 3093 pag.
1425 3059 1467 3093 19,
1483 3067 1514 3086 n.
1530 3059 1575 3087 35.
