2168 3437
327 260 399 297 280
841 260 1068 295 LITTERAE
1095 269 1453 302 QUADRIMESTRES

322 357 541 397 Existunt
563 355 769 407 quidam,
793 367 899 396 cum
919 355 1119 407 praediti
1140 367 1313 407 magno
1336 356 1540 407 ingeniO,
1558 361 1656 396 tum
1678 368 1897 407 magnam
1916 357 1963 396 in

321 428 561 467 literarum
583 426 734 466 studia
757 437 951 477 operam
972 426 1281 477 conferentes,
1306 428 1528 478 quocirca
1558 427 1682 467 haud
1703 427 1966 468 mediocres

324 498 497 538 habent
528 497 575 537 in
597 497 812 537 doctrina
839 508 1134 548 progressus,
1166 497 1301 548 Quod
1330 503 1512 549 spectat
1539 497 1598 537 ad
1626 497 1850 547 fructum,
1884 499 1964 550 qui

324 577 421 608 tum
443 568 589 608 divini
613 568 744 608 Verbi
771 568 1099 615 instrumento,
1128 574 1227 608 tum
1254 568 1532 608 salutarium
1560 575 1962 609 sacramentorum

323 639 445 679 dono
480 639 737 690 percipitur
757 669 764 688 ‚
802 651 889 679 nec
919 640 958 679 is
994 639 1181 691 quidem
1211 640 1350 679 modo
1386 651 1563 691 parvus
1597 639 1839 680 habendus
1875 646 1960 691 est,

324 710 492 761 quippe
515 722 621 750 cum
641 710 843 761 plurimi,
868 711 1026 751 statim
1047 711 1094 750 in
1116 710 1361 762 principio,
1385 715 1435 750 ut
1456 710 1552 750 fere
1569 710 1632 761 fit,
1657 711 1793 750 nobis
1809 710 1963 751 infesti

324 782 601 832 existerent,
634 793 689 821 ac
716 781 849 821 nobis
883 793 967 833 per
996 782 1159 821 urbem
1190 781 1405 822 euntibus
1434 788 1737 822 occurrerent
1760 788 1839 822 aut
1860 783 1961 822 sub—

326 858 634 904 sequerentur
661 853 880 893 irrisores
914 853 1065 893 nostri
1091 853 1309 903 instituti,
1348 865 1404 893 ac
1431 853 1565 893 nobis
1599 853 1887 905 hypocrisim
1921 859 1965 894 et

325 924 527 976 plurima
548 924 663 964 vitia
687 924 991 975 obiectarent,
1017 924 1094 964 alii
1115 930 1325 976 tempore
1347 924 1560 975 hyberno
1591 925 1749 964 nivem
1770 925 1964 976 proiice—

326 1003 441 1036 rent.
465 995 736 1046 Enimvero,
761 1007 867 1036 cum
887 995 1052 1047 perdiu
1074 995 1504 1036 animadverterent
1523 1008 1550 1035 a
1570 995 1705 1035 nobis
1726 1008 1811 1036 sua
1827 997 1966 1036 male-

326 1066 450 1107 dicta
467 1074 512 1107 et
528 1067 837 1108 contumelias
850 1067 1099 1118 contemni,
1115 1067 1324 1107 deterriti
1340 1067 1551 1107 nonnulli
1568 1072 1675 1106 sunt
1693 1067 1751 1107 ab
1767 1067 1963 1118 iniuriis,

325 1149 380 1178 ac
401 1144 581 1178 restant
601 1137 691 1178 Dei
712 1138 900 1190 quidem
920 1138 1210 1190 benignitate
1231 1138 1369 1178 valde
1386 1144 1547 1178 nostro
1566 1137 1721 1178 affecti
1737 1138 1963 1178 instituto.

325 1209 484 1261 Itaque
506 1209 645 1250 modo
666 1210 801 1250 nobis
822 1210 978 1250 acrius
995 1210 1235 1261 negotium
1253 1221 1413 1250 corum
1431 1210 1676 1261 obsequia,
1704 1221 1844 1261 quam
1859 1221 1962 1261 pro-

328 1281 464 1321 ximis
493 1280 654 1321 diebus
682 1288 979 1332 contemptus
1012 1287 1091 1321 aut
1118 1281 1503 1333 vituperationeS,
1532 1281 1786 1321 facessunt.
1809 1280 1965 1332 Atque

325 1353 414 1392 hac
441 1353 659 1404 proxima
690 1353 1054 1404 quadragesima
1083 1352 1277 1392 Praetor
1304 1353 1441 1392 huius
1472 1352 1602 1392 urbis
1629 1352 1739 1392 visit
1767 1364 1878 1403 nos,
1909 1364 1966 1392 ac

325 1435 432 1463 cum
453 1423 521 1463 rei
542 1422 729 1463 divinae
750 1413 1011 1475 interesset,
1036 1424 1184 1463 voluit
1206 1411 1441 1464 introduci
1460 1423 1508 1463 in
1529 1423 1781 1475 gymnasia
1802 1434 1858 1463 ac
1890 1423 1966 1463 do-

324 1507 465 1545 mum,
489 1507 543 1535 ac
564 1495 739 1546 petenti
761 1496 994 1536 rationem
1015 1495 1329 1536 instituendae
1348 1496 1620 1545 iuventutis,
1640 1494 1841 1535 traditae
1859 1503 1966 1535 sunt

326 1567 517 1617 regulae
540 1567 949 1617 scholasticorum,
981 1579 1099 1619 quas
1126 1567 1326 1618 perlegit
1352 1578 1408 1607 ac
1436 1577 1733 1617 summopere
1755 1572 1968 1606 nostrum

326 1648 506 1677 morem
528 1644 572 1678 et
595 1638 857 1678 institutum
879 1638 1241 1689 commendavit,
1267 1650 1321 1678 ac
1352 1638 1567 1678 omnibus
1599 1638 1798 1689 denique
1828 1638 1970 1677 rebus

326 1708 462 1748 valde
498 1716 761 1749 commotus
792 1721 894 1749 sese
929 1716 1079 1749 totum
1108 1710 1271 1749 obtulit
1302 1708 1548 1759 Societati,
1579 1709 1804 1760 pollicens
1834 1720 1968 1748 suum

327 1779 532 1819 studium
555 1786 599 1819 et
622 1792 814 1831 operam
834 1792 1067 1832 nusquam
1085 1781 1220 1820 nobis
1237 1780 1516 1820 defuturam.
1538 1779 1610 1820 Ad
1628 1779 1717 1819 hoc
1737 1779 1854 1820 civis
1874 1781 1970 1831 qui-

326 1851 435 1891 dam
454 1851 715 1891 honoratus
737 1863 791 1891 ac
814 1852 928 1892 iuris
949 1853 1126 1904 peritus
1148 1859 1191 1892 et
1213 1853 1342 1892 senio
1364 1852 1678 1901 venerandus,
1698 1863 1838 1903 quum
1860 1864 1968 1903 quo-

325 1922 433 1962 dam
467 1922 540 1962 die
572 1923 755 1963 audiret
790 1924 1066 1963 concionem
1097 1924 1144 1963 in
1176 1929 1338 1964 nostro
1369 1923 1556 1974 templo,
1590 1923 1749 1962 divino
1780 1922 1968 1962 numine

325 1993 442 2033 adeo
464 1993 683 2033 incensus
704 1994 789 2034 fuit
811 1994 870 2035 ad
891 1995 1167 2046 religionem
1189 1995 1510 2043 christianam,
1536 2000 1585 2033 ut
1606 1993 1769 2033 eodem
1792 1993 1864 2033 die
1885 1993 1967 2033 Pa-

326 2070 443 2104 trem
466 2065 754 2105 allocuturus
775 2072 1049 2117 reverteret,
1074 2078 1144 2117 ac,
1169 2078 1224 2106 eo
1245 2078 1339 2106 non
1360 2071 1561 2117 repert0‚
1586 2065 1649 2105 ita
1671 2071 1771 2104 erat
1792 2064 1967 2105 infiam-

326 2142 497 2186 matus,
521 2141 570 2176 ut
591 2137 673 2176 vix
694 2136 884 2176 modum
906 2144 1064 2177 tenere
1085 2137 1239 2185 sciret3
1277 2137 1499 2188 quocirca
1531 2136 1783 2176 accersivit
1814 2147 1966 2187 quem-

325 2206 434 2247 dam
451 2219 510 2247 ex
526 2207 750 2248 fratribus
769 2220 823 2248 ac
838 2209 879 2248 ei
896 2220 1031 2248 suam
1043 2215 1246 2248 mentem
1264 2208 1510 2259 expressit,
1527 2207 1617 2247 hoc
1636 2214 1720 2257 est,
1740 2219 1789 2247 se
1806 2218 1969 2259 percu-

326 2290 437 2329 pere
454 2278 684 2319 inservire
702 2279 863 2330 pietati
881 2291 937 2319 ac
954 2291 1003 2319 se
1020 2286 1172 2319 totum
1188 2279 1374 2319 tradere
1392 2279 1530 2319 rebus
1543 2278 1730 2329 divinis,
1750 2278 1968 2319 addebat-

326 2361 415 2400 que
436 2360 486 2389 se
508 2350 735 2390 hactenus
755 2362 848 2390 non
870 2350 1155 2390 intellexisse
1172 2350 1281 2402 quid
1299 2358 1421 2390 esset
1440 2350 1627 2390 divinus
1646 2351 1811 2390 cultus.
1831 2348 1969 2389 Prae-

327 2426 454 2459 terea
476 2421 662 2472 quidem
685 2433 733 2461 se
755 2433 811 2461 ac
833 2433 994 2461 omnes
1015 2421 1229 2461 fortunas
1251 2433 1360 2461 suas
1382 2420 1674 2461 obedientiae
1702 2420 1856 2460 Patris
1877 2427 1968 2460 tra-

328 2491 480 2542 debat,
507 2492 755 2531 declarans
776 2503 825 2532 se
846 2504 1103 2544 percupere
1124 2492 1224 2532 fieri
1245 2491 1427 2532 fidelem
1455 2491 1541 2531 X.i
1565 2503 1769 2531 servum.
1800 2490 1872 2532 Ac
1900 2503 1967 2531 re-

328 2573 431 2601 rum
467 2569 592 2602 certe
623 2569 819 2603 eventus
847 2563 1056 2603 declarat
1085 2563 1288 2603 hominis
1326 2563 1545 2603 studium.
1582 2563 1766 2602 Etenim
1802 2562 1859 2602 ab
1890 2562 1969 2602 1110

329 2640 535 2685 tempore
553 2635 750 2686 sumpsit
765 2635 1048 2686 principium
1064 2634 1261 2685 singulis
1281 2635 1440 2674 diebus
1458 2634 1703 2674 dominicis
1720 2633 1969 2674 confitendi

329 2712 523 2754 peccata
552 2712 595 2745 et
626 2705 880 2745 accedendi
908 2706 967 2745 ad
1002 2718 1197 2745 coenam
1227 2705 1309 2745 X.i
1336 2705 1525 2745 Domini
1548 2717 1654 2745 cum
1680 2715 1852 2756 magno
1882 2716 1966 2744 suo

327 2775 480 2815 fructu
512 2782 556 2816 et
591 2777 733 2816 totius
770 2776 991 2828 familiae,
1026 2788 1147 2816 uxor
1182 2788 1383 2828 namque
1418 2787 1756 2828 saepenumero
1793 2776 1968 2827 excipit

327 2846 686 2887 Sanctissimum
706 2847 763 2888 X.
780 2848 788 2874 i
816 2843 1011 2899 Corpus3
1036 2847 1153 2887 adeo
1176 2848 1381 2887 animum
1400 2847 1457 2887 ad
1474 2858 1551 2887 res
1568 2847 1753 2887 divinas
1770 2846 1965 2893 confert,

328 2926 377 2957 ut
400 2918 613 2958 omnibus
634 2918 692 2958 sit
714 2919 941 2970 exemplo,
967 2930 1022 2958 ac
1044 2919 1178 2958 nobis
1199 2919 1463 2970 suppeditet
1481 2929 1704 2968 magnam
1721 2918 1966 2958 materiam

328 2988 564 3028 Christum
586 2989 840 3029 Dominum
861 2989 1097 3029 laudandi.
1122 2989 1252 3030 Haec
1275 2989 1440 3029 mulier
1461 2989 1646 3029 iuvenis
1668 2988 1853 3040 quidem
1870 3000 1965 3028 cer-

327 3060 452 3099 nitur
473 3066 642 3110 aetate,
667 3061 915 3111 prudentia
933 3067 1089 3100 autem
1106 3067 1149 3100 et
1166 3061 1391 3100 modestia
1411 3072 1568 3102 senex,
1592 3059 1802 3100 Efficitur
1818 3060 1968 3111 pisca—
