2168 3437
864 272 933 309 AN
978 272 1068 309 1554
1706 273 1778 310 553

200 668 449 696 praecedentes
467 670 505 697 P.
525 669 684 697 Caesaris
699 669 812 696 Helmi
827 669 965 696 litterae
981 676 1001 695 a
1016 668 1049 696 P.
1065 668 1212 696 Polanco
1227 670 1428 697 emendatae
1444 676 1476 697 et
1490 670 1523 697 in
1536 669 1720 697 Societatis

753 723 868 750 domos
889 722 997 749 Roma
1012 722 1135 749 missae
1153 722 1175 748 ¹.

896 935 1011 976 IHS.

220 1148 321 1189 Pax
343 1149 531 1189 Christi.

222 1219 321 1260 R.de
351 1221 398 1260 in
417 1221 581 1271 primis
599 1227 738 1273 atque
755 1221 802 1261 in
819 1220 1005 1261 Christo
1023 1219 1451 1261 observandissime
1468 1218 1621 1259 Pater.
1644 1219 1774 1270 Quae

141 1291 370 1342 superiori
392 1292 721 1342 quadrimestri
743 1291 939 1342 Collegii
960 1291 1027 1331 tui
1046 1291 1303 1331 ministerio
1325 1290 1400 1330 hic
1427 1296 1562 1341 gesta
1593 1296 1701 1330 sunt
1730 1296 1774 1331 et

140 1361 200 1402 ad
221 1361 482 1402 animarum
504 1363 703 1403 salutem
723 1362 1104 1414 spiritualemque
1125 1361 1500 1402 aedificationem
1522 1361 1770 1412 pertinent,

141 1432 331 1472 brevius
352 1433 682 1484 perstringam.

220 1503 429 1543 Primum
451 1503 659 1555 quidem,
683 1504 868 1544 omissis
890 1504 992 1544 aliis
1014 1503 1407 1551 confessionibus,
1433 1503 1488 1543 de
1517 1503 1665 1543 tribus
1698 1503 1774 1543 hic

141 1580 322 1614 tantum
341 1575 640 1626 generalibus
661 1574 833 1615 faciam
862 1575 1160 1616 mentionem.
1192 1574 1348 1615 Prima
1378 1575 1462 1615 fuit
1493 1574 1774 1626 juvenculae

138 1645 381 1697 cujusdam
402 1646 555 1686 adhuc
577 1646 818 1698 innuptae,
843 1658 961 1698 quae
981 1652 1116 1697 turpe
1137 1646 1318 1696 Vitium,
1344 1657 1450 1686 cum
1468 1645 1640 1697 juvene
1662 1657 1774 1697 quo-

138 1716 246 1756 dam
281 1728 306 1756 a
342 1717 649 1768 quadriennio
682 1717 998 1768 commissum,
1038 1717 1140 1757 aliis
1174 1729 1288 1768 prae
1322 1717 1500 1768 pudore
1535 1728 1774 1768 nunquam

135 1798 251 1827 ausa
276 1794 344 1827 est
365 1788 584 1839 detegere
607 1787 928 1839 confessariis;
955 1788 1010 1828 de
1031 1788 1238 1840 periculo
1260 1794 1415 1828 autem
1443 1800 1555 1828 suae
1585 1787 1772 1828 damna-

138 1858 292 1898 tiones
329 1865 548 1899 aeternae
584 1871 667 1911 per
706 1871 791 1899 nos
826 1859 1220 1910 commonefacta,
1258 1859 1297 1899 si
1317 1865 1563 1910 peccatum
1586 1858 1774 1910 aliquod

136 1929 339 1969 scienter
363 1930 409 1969 in
431 1930 726 1970 confessione
748 1936 945 1979 taceret,
969 1930 1128 1970 statim
1149 1931 1295 1970 multo
1315 1930 1493 1981 pudore
1513 1930 1772 1970 lachrimis-

133 2011 224 2051 que
245 1999 433 2051 perfusa
457 2001 658 2040 celatum
679 2001 783 2041 aliis
805 2001 984 2041 crimen
1005 2013 1112 2041 cum
1131 2001 1344 2041 omnibus
1366 2007 1473 2041 ante
1496 2007 1629 2040 actae
1647 2001 1772 2040 vitae

134 2081 248 2111 suae
269 2071 478 2122 peccatis
500 2071 624 2123 apud
645 2083 732 2112 nos
753 2078 824 2112 est
846 2071 1079 2112 confessa.

215 2141 379 2182 Altera
395 2142 517 2182 idem
533 2142 711 2183 fecerat
728 2143 893 2183 mulier
908 2154 916 2194 ;
936 2142 1018 2183 sed
1035 2143 1209 2184 Christi
1225 2143 1381 2194 gratia
1397 2149 1646 2195 propterea
1665 2154 1771 2183 con-

135 2211 260 2252 fessa
283 2218 351 2252 est
373 2213 508 2252 nobis
530 2213 827 2264 generaliter.

213 2283 398 2323 Tertius
418 2284 504 2324 fuit
524 2285 598 2324 Vir
619 2284 821 2336 quidam;
845 2285 1016 2325 abhinc
1034 2285 1221 2325 circiter
1238 2285 1483 2325 duodecim
1500 2285 1634 2325 annis
1654 2296 1770 2336 prae

136 2354 315 2405 pudore
335 2337 621 2405 gravissima
643 2355 875 2406 quaedam
897 2356 1011 2396 vitia
1033 2356 1079 2396 in
1109 2355 1401 2396 confessione
1429 2367 1669 2407 nunquam
1697 2355 1769 2395 de-

136 2430 332 2476 texerat,
352 2431 542 2476 propter
564 2426 687 2477 quod
705 2438 811 2466 cum
830 2426 994 2466 merito
1018 2432 1272 2477 angeretur
1293 2425 1392 2476 ejus
1415 2426 1612 2476 animus,
1632 2437 1770 2476 gene-

136 2497 283 2536 ralem
304 2502 348 2536 et
370 2497 468 2548 ipse
489 2496 598 2537 fecit
621 2497 984 2549 confessionem,
1008 2504 1073 2549 et,
1095 2509 1201 2538 cum
1217 2509 1311 2537 non
1329 2497 1528 2548 exiguae
1544 2497 1771 2548 pecuniae

136 2568 421 2607 restitutioni
451 2568 681 2608 obnoxius
710 2567 849 2619 foret,
875 2569 999 2620 quod
1021 2575 1065 2608 et
1084 2568 1322 2620 praesenti
1343 2574 1387 2608 et
1415 2580 1508 2608 non
1534 2568 1772 2620 praesenti

134 2639 333 2690 pecunia
369 2639 513 2690 pluris
548 2650 696 2690 aequo
732 2650 912 2679 merces
952 2639 1228 2679 vendiderat
1264 2638 1605 2689 (mercaturam
1648 2639 1771 2679 enim

133 2710 398 2760 factitabat)
424 2710 581 2750 omnia
602 2710 835 2761 pollicitus
857 2716 926 2750 est
948 2722 997 2750 se
1018 2711 1340 2751 restituturum
1360 2709 1497 2761 idque
1517 2710 1665 2750 brevi.

213 2780 413 2832 Quidam
434 2781 533 2829 alii,
556 2781 690 2820 nobis
718 2781 1006 2831 confitentes,
1030 2781 1146 2820 alias
1168 2792 1375 2821 summas
1396 2792 1490 2820 non
1511 2780 1771 2821 mediocres

133 2852 209 2891 vel
232 2852 537 2891 restituerunt
558 2852 633 2891 vel
652 2851 900 2892 restituere
916 2852 1070 2903 parati
1085 2844 1193 2892 sunt
1210 2863 1217 2902 ;
1237 2857 1282 2891 et
1298 2863 1460 2892 eorum
1477 2863 1597 2891 unus
1614 2863 1771 2903 quam-

140 2923 247 2963 dam
269 2922 517 2962 ecclesiam
536 2922 633 2962 fere
655 2922 858 2963 dirutam
880 2935 938 2963 ex
967 2923 1218 2963 devotione
1247 2929 1316 2963 est
1346 2922 1693 2963 instauraturus
1722 2928 1772 2962 ut

194 3082 201 3100 ¹
242 3082 492 3117 Apographum
506 3083 539 3110 in
554 3083 633 3110 folio
650 3082 798 3117 duplieii,
813 3091 843 3110 n.
858 3082 904 3110 621.
