2168 3437
899 243 984 281 AN.
1016 243 1108 281 1553
1757 243 1829 281 203

185 341 598 381 conversationem
617 347 843 381 nostram.
867 341 925 382 Et
946 341 985 381 si
1006 341 1231 381 lectiones
1261 353 1353 381 non
1381 340 1496 381 satis
1523 340 1688 381 doctae
1716 340 1823 389 sint,

184 418 392 453 attamen
413 424 506 452 non
525 413 680 453 minus
700 412 853 453 filiolis
875 412 991 453 meis
1010 413 1146 452 utiles
1167 412 1311 453 fuere.

266 484 489 524 Errantes
507 482 561 534 (si
582 484 777 524 ulterius
797 483 1046 524 sciscitans
1067 495 1141 523 me
1162 484 1517 535 provocaveris)
1535 484 1823 525 reduximus:

185 566 470 606 quamquam
491 566 517 594 a
534 555 655 594 bona
677 562 830 595 mente
850 555 1062 606 plerique
1084 555 1375 594 evanuerint.
1397 554 1488 595 Sed
1510 554 1640 595 Deus
1660 556 1826 596 reddat

183 625 273 666 illis
309 637 443 666 suam
476 632 695 666 mentem.
732 626 997 666 Piscatores
1030 626 1357 666 constituimus
1377 637 1384 677 ;
1423 633 1470 666 at
1503 638 1623 667 unus
1658 628 1825 668 saltem

188 695 327 737 hamo
346 698 579 737 excellens
600 697 733 737 nobis
753 697 943 737 relictus
964 703 1047 737 est.

264 767 551 819 Contingunt
581 780 918 820 nonnunquam
939 775 1036 809 tam
1056 771 1084 809 'a
1106 769 1313 809 consiliis
1331 802 1337 818 ,
1363 781 1503 820 quam
1526 782 1553 809 a
1575 770 1824 810 confessio-

184 839 336 889 nibus,
363 851 502 879 casus
523 840 663 880 dubii.
935 878 939 883 .

264 909 533 961 Caeterum,
566 911 676 962 quia
706 911 856 962 gratis
884 911 1173 962 accepimus,
1205 911 1438 952 interdum
1464 912 1634 962 gratis,
1663 918 1824 963 utpote

181 981 479 1032 pauperibus,
504 982 672 1032 viduis,
698 982 937 1033 orphanis,
961 983 1157 1034 aliisque
1179 983 1439 1034 pauxillum
1460 983 1571 1034 quid
1592 983 1712 1034 vini,
1734 984 1825 1023 olei

179 1059 228 1093 et
247 1054 382 1104 panis
400 1053 590 1104 elargiri
616 1054 751 1093 nobis
778 1054 922 1094 licuit.
954 1054 1313 1105 Ingratitudinis
1340 1054 1528 1106 quidem
1555 1055 1721 1094 merito
1750 1066 1822 1095 ac—

181 1135 468 1175 cusaremus,
493 1125 532 1164 si
552 1124 944 1165 beneficium'non
966 1126 1350 1177 rependeremus,
1376 1138 1482 1166 cum
1504 1126 1640 1166 nobis
1668 1126 1823 1167 hacte-
1851 1146 1854 1149 *

178 1207 266 1236 nus
288 1195 335 1235 in
356 1195 453 1236 dies
475 1196 633 1236 divina
650 1197 806 1247 gratia
823 1196 940 1247 (non
957 1197 1192 1245 Heliseus)
1212 1198 1397 1237 auxerit
1419 1199 1594 1248 oleum,
1613 1205 1821 1238 auctum-

180 1278 271 1318 que
292 1267 351 1307 sit
371 1269 492 1307 ultra
513 1268 730 1308 meritum
760 1268 968 1320 quotidie
994 1280 1142 1320 penus
1173 1269 1369 1321 triplex,
1399 1269 1639 1310 videlicet:
1670 1270 1820 1321 panis,

185 1337 280 1378 vini
301 1344 345 1378 et
366 1339 468 1379 olei.
493 1338 537 1379 A
558 1339 814 1380 Tiburtinis
835 1340 946 1392 quid
968 1348 1156 1392 praeter
1179 1341 1297 1380 haec
1318 1341 1650 1392 requirendum
1670 1341 1765 1381 est?

259 1408 457 1450 Scholae
479 1411 684 1462 parietes
706 1412 922 1463 superius
943 1413 1094 1462 erexi;
1118 1412 1201 1452 sed
1229 1413 1324 1452 iam
1350 1413 1721 1453 moderationem
1749 1424 1822 1452 ac-

180 1481 304 1532 cipe,
329 1489 374 1521 et
395 1481 701 1533 scholarium,
726 1494 753 1522 a
780 1482 1025 1523 ferocitate
1054 1484 1480 1534 mansuetudinem,
1512 1484 1824 1524 obedientiam

180 1558 223 1591 et
244 1551 342 1592 fere
364 1553 572 1593 omnium
592 1553 686 1593 iam
709 1554 895 1594 auditas
918 1554 1252 1605 confession-es,
1278 1556 1481 1605 attende,
1506 1567 1696 1607 quaeso.

258 1622 349 1664 Sed
370 1635 459 1675 age
481 1623 684 1675 tandem,
705 1625 831 1677 quod
846 1625 997 1666 maius
1014 1632 1098 1677 est,
1122 1638 1406 1678 quamquam
1424 1627 1683 1668 obscurius.
1704 1627 1822 1667 Hae-

176 1695 349 1735 reticos
369 1695 670 1747 impugnatos
691 1707 859 1736 cernas
880 1697 1043 1748 velim,
1066 1698 1408 1750 nonnullosque
1432 1711 1457 1738 a
1486 1700 1671 1738 leonum
1695 1705 1822 1739 catu-

183 1765 239 1805 lis
260 1772 461 1817 ereptos.

258 1835 350 1877 Sed
370 1837 459 1877 heu
486 1850 558 1878 me
586 1839 838 1890 infelicem,
869 1851 976 1880 cum
1006 1841 1100 1881 iam
1128 1852 1202 1881 me
1229 1853 1288 1881 ex
1316 1841 1516 1881 aliorum
1547 1842 1821 1882 criminibus

188 1908 325 1948 laude
345 1908 610 1950 titillantem
631 1909 833 1951 videam.

258 1978 450 2020 Utinam
490 1986 534 2020 et
573 1981 685 2021 illud
722 1982 942 2033 mentiar,
984 1982 1330 2023 incantationes
1370 1984 1821 2037 superstitionesque

179 2050 432 2091 nonnullas
455 2051 739 2093 advertisse:
762 2053 846 2093 sed
866 2052 923 2093 D.
950 2053 1004 2094 O.
1038 2053 1099 2093 M.
1131 2055 1346 2105 gratulor
1368 2066 1440 2094 me
1472 2055 1528 2095 iis
1550 2056 1697 2096 oculis
1718 2068 1825 2108 pro-

190 2128 364 2162 stratas
384 2122 572 2163 vidisse.

259 2192 432 2233 Omitto
454 2202 701 2245 praeterea
718 2197 1028 2236 contumelias
1047 2203 1090 2237 et
1109 2198 1376 2249 opprobria,
1397 2209 1515 2250 quae
1533 2210 1618 2250 pro
1636 2199 1822 2239 nomine

178 2262 287 2315 Xpi.
310 2270 534 2316 tanquam
555 2265 666 2306 Saul
688 2267 808 2307 inter
830 2268 1086 2319 prophetas
1108 2269 1255 2309 habiti
1276 2270 1554 2321 recepimus.

259 2334 381 2386 Quid
402 2343 640 2385 postremo
664 2337 720 2378 de
741 2349 814 2378 me
843 2339 1072 2391 simulque
1100 2339 1246 2380 fratre
1275 2352 1379 2380 meo
1409 2340 1650 2381 Anthonio
1681 2339 1689 2359 ¹
1717 2353 1820 2381 nar-

175 2417 288 2457 rem,
308 2418 513 2447 unumne
531 2408 683 2448 dicam
700 2416 744 2448 et
763 2410 961 2450 alterum
979 2411 1208 2452 reticebo?
1226 2411 1418 2451 Dictum
1434 2411 1731 2464 intellige]nti
1747 2418 1820 2452 sat

175 2483 261 2528 est,
284 2489 452 2529 nempe
474 2479 600 2519 illud:
624 2479 802 2520 ferrum
821 2481 946 2521 ferro
969 2482 1154 2522 acuitur
1174 2484 1248 2522 vel
1272 2483 1557 2524 obtunditur.

255 2619 313 2659 Et
332 2620 372 2660 si
393 2621 504 2672 quid
525 2623 791 2672 neglectum
811 2624 887 2663 vel
909 2624 1159 2675 omissum,
1182 2626 1372 2665 veniam
1394 2637 1575 2677 precor.

258 2689 458 2742 [Me]que
489 2693 578 2732 tuis
610 2693 1007 2735 intercedentibus
1042 2696 1332 2736 orationibus
1365 2697 1667 2737 devotissime
1697 2708 1819 2737 com-

176 2762 357 2802 mendo.
382 2762 550 2803 Valete
573 2770 800 2816 quotquot
822 2765 934 2805 estis
956 2777 1119 2807 omnes
1139 2767 1186 2807 in
1208 2779 1298 2807 uno
1320 2767 1441 2818 Xpo.

255 2832 458 2885 Tybure‚
485 2835 634 2886 pridie
658 2835 762 2875 idus
783 2835 956 2886 Martii,
986 2837 1099 2878 1553.

259 2902 422 2956 [Hae]c
443 2912 689 2957 praeterea
712 2907 956 2948 subiiciam
972 2909 1152 2960 paucis.
1172 2909 1349 2960 Nempe
1370 2922 1444 2950 me
1465 2910 1587 2951 hanc
1605 2911 1819 2952 eamdem

231 3065 240 3084 ¹
279 3064 335 3092 Fr.
353 3065 523 3094 Antonius
541 3074 561 3094 a
578 3066 723 3102 Robore,
737 3068 776 3094 de
793 3075 856 3102 quo
872 3068 1049 3096 Ponmws
1066 3069 1099 3096 in
1114 3068 1290 3102 Chronico,
1306 3074 1329 3098 t.
1345 3078 1380 3105 11,
1399 3078 1476 3105 pag.
1493 3071 1535 3105 18,
1552 3079 1582 3099 n.
1597 3071 1642 3100 33.
