<?xml version="1.0" encoding="UTF-8"?>
<!DOCTYPE html PUBLIC "-//W3C//DTD XHTML 1.0 Transitional//EN"
    "http://www.w3.org/TR/xhtml1/DTD/xhtml1-transitional.dtd">
<html xmlns="http://www.w3.org/1999/xhtml" xml:lang="en" lang="en">
 <head>
  <title>
</title>
<meta http-equiv="Content-Type" content="text/html;charset=utf-8" />
  <meta name='ocr-system' content='tesseract 3.04.00' />
  <meta name='ocr-capabilities' content='ocr_page ocr_carea ocr_par ocr_line ocrx_word'/>
</head>
<body>
  <div class='ocr_page' id='page_1' title='image "./litteraequadrime1402lain_0265.png"; bbox 0 0 2168 3437; ppageno 0'>
   <div class='ocr_carea' id='block_1_1' title="bbox 870 266 1783 304">
    <p class='ocr_par' dir='ltr' id='par_1_1' title="bbox 870 266 1783 304">
     <span class='ocr_line' id='line_1_1' title="bbox 870 266 1783 304; baseline 0 -1"><span class='ocrx_word' id='word_1_1' title='bbox 870 266 953 304; x_wconf 82' lang='lat' dir='ltr'>AN.</span> <span class='ocrx_word' id='word_1_2' title='bbox 984 267 1080 304; x_wconf 82' lang='lat'>1553</span> <span class='ocrx_word' id='word_1_3' title='bbox 1717 266 1783 304; x_wconf 83' lang='lat'>261</span> 
     </span>
    </p>
   </div>
   <div class='ocr_carea' id='block_1_2' title="bbox 871 715 1073 770">
    <p class='ocr_par' dir='ltr' id='par_1_2' title="bbox 871 715 1073 770">
     <span class='ocr_line' id='line_1_2' title="bbox 871 715 1073 770; baseline -0.015 0"><span class='ocrx_word' id='word_1_4' title='bbox 871 715 1073 770; x_wconf 85' lang='lat' dir='ltr'>CCXX</span> 
     </span>
    </p>
   </div>
   <div class='ocr_carea' id='block_1_3' title="bbox 226 956 1094 1137">
    <p class='ocr_par' dir='ltr' id='par_1_3' title="bbox 226 956 1094 1137">
     <span class='ocr_line' id='line_1_3' title="bbox 226 956 821 1004; baseline -0.003 -9"><span class='ocrx_word' id='word_1_5' title='bbox 226 958 272 995; x_wconf 86' lang='lat' dir='ltr'>P.</span> <span class='ocrx_word' id='word_1_6' title='bbox 294 957 618 994; x_wconf 81' lang='lat' dir='ltr'>Maximilianus</span> <span class='ocrx_word' id='word_1_7' title='bbox 639 956 821 1004; x_wconf 81' lang='lat' dir='ltr'>Capella</span> 
     </span>
     <span class='ocr_line' id='line_1_4' title="bbox 272 1022 860 1070; baseline -0.002 -11"><span class='ocrx_word' id='word_1_8' title='bbox 272 1023 394 1060; x_wconf 89' lang='lat' dir='ltr'>Patri</span> <span class='ocrx_word' id='word_1_9' title='bbox 412 1022 581 1069; x_wconf 84' lang='lat' dir='ltr'>Ignatio</span> <span class='ocrx_word' id='word_1_10' title='bbox 601 1022 655 1059; x_wconf 91' lang='lat' dir='ltr'>de</span> <span class='ocrx_word' id='word_1_11' title='bbox 674 1022 860 1070; x_wconf 86' lang='lat' dir='ltr'>Loyola.</span> 
     </span>
     <span class='ocr_line' id='line_1_5' title="bbox 319 1087 1094 1137; baseline -0.003 -11"><span class='ocrx_word' id='word_1_12' title='bbox 319 1088 576 1137; x_wconf 88' lang='lat' dir='ltr'>Methymna</span> <span class='ocrx_word' id='word_1_13' title='bbox 595 1087 772 1134; x_wconf 84' lang='lat' dir='ltr'>Campi,</span> <span class='ocrx_word' id='word_1_14' title='bbox 792 1088 815 1124; x_wconf 81' lang='lat'>2</span> <span class='ocrx_word' id='word_1_15' title='bbox 833 1087 936 1135; x_wconf 86' lang='lat' dir='ltr'>Maji</span> <span class='ocrx_word' id='word_1_16' title='bbox 958 1087 1050 1124; x_wconf 77' lang='lat'>1553</span> <span class='ocrx_word' id='word_1_17' title='bbox 1072 1087 1094 1124; x_wconf 88' lang='lat'>¹.</span> 
     </span>
    </p>
   </div>
   <div class='ocr_carea' id='block_1_4' title="bbox 923 1325 1021 1402">
    <p class='ocr_par' dir='ltr' id='par_1_4' title="bbox 923 1325 1021 1402">
     <span class='ocr_line' id='line_1_6' title="bbox 923 1325 1021 1402; baseline 0.01 -1"><span class='ocrx_word' id='word_1_18' title='bbox 923 1325 1021 1402; x_wconf 53' lang='lat'>1135</span> 
     </span>
    </p>
   </div>
   <div class='ocr_carea' id='block_1_5' title="bbox 151 1569 1794 2828">
    <p class='ocr_par' dir='ltr' id='par_1_5' title="bbox 233 1569 1069 1620">
     <span class='ocr_line' id='line_1_7' title="bbox 233 1569 1069 1620; baseline -0.001 -10"><span class='ocrx_word' id='word_1_19' title='bbox 233 1569 501 1610; x_wconf 85' lang='lat' dir='ltr'>Admodum</span> <span class='ocrx_word' id='word_1_20' title='bbox 521 1569 621 1609; x_wconf 56' lang='lat' dir='ltr'>Rfst</span> <span class='ocrx_word' id='word_1_21' title='bbox 648 1569 694 1609; x_wconf 90' lang='lat' dir='ltr'>in</span> <span class='ocrx_word' id='word_1_22' title='bbox 717 1569 904 1610; x_wconf 90' lang='lat' dir='ltr'>Christo</span> <span class='ocrx_word' id='word_1_23' title='bbox 921 1574 1069 1620; x_wconf 89' lang='lat' dir='ltr'>pater.</span> 
     </span>
    </p>

    <p class='ocr_par' dir='ltr' id='par_1_6' title="bbox 154 1637 1794 1765">
     <span class='ocr_line' id='line_1_8' title="bbox 235 1637 1794 1692; baseline -0.002 -11"><span class='ocrx_word' id='word_1_24' title='bbox 235 1640 398 1682; x_wconf 80' lang='lat' dir='ltr'>Gratia</span> <span class='ocrx_word' id='word_1_25' title='bbox 421 1647 465 1681; x_wconf 94' lang='lat' dir='ltr'>et</span> <span class='ocrx_word' id='word_1_26' title='bbox 491 1653 586 1692; x_wconf 80' lang='lat' dir='ltr'>pax</span> <span class='ocrx_word' id='word_1_27' title='bbox 606 1640 699 1681; x_wconf 88' lang='lat' dir='ltr'>dni.</span> <span class='ocrx_word' id='word_1_28' title='bbox 722 1641 809 1681; x_wconf 87' lang='lat' dir='ltr'>nri.</span> <span class='ocrx_word' id='word_1_29' title='bbox 833 1641 936 1681; x_wconf 93' lang='lat' dir='ltr'>Iesu</span> <span class='ocrx_word' id='word_1_30' title='bbox 967 1640 1140 1681; x_wconf 80' lang='lat' dir='ltr'>Christi</span> <span class='ocrx_word' id='word_1_31' title='bbox 1167 1647 1212 1680; x_wconf 92' lang='lat' dir='ltr'>et</span> <span class='ocrx_word' id='word_1_32' title='bbox 1239 1639 1602 1680; x_wconf 80' lang='lat' dir='ltr'>communicatio</span> <span class='ocrx_word' id='word_1_33' title='bbox 1632 1637 1794 1679; x_wconf 80' lang='lat' dir='ltr'>Sancti</span> 
     </span>
     <span class='ocr_line' id='line_1_9' title="bbox 154 1711 1110 1765; baseline -0.002 -12"><span class='ocrx_word' id='word_1_34' title='bbox 154 1711 356 1765; x_wconf 83' lang='lat' dir='ltr'>Spiritus</span> <span class='ocrx_word' id='word_1_35' title='bbox 378 1723 562 1764; x_wconf 79' lang='lat' dir='ltr'>semper</span> <span class='ocrx_word' id='word_1_36' title='bbox 582 1712 640 1752; x_wconf 92' lang='lat' dir='ltr'>sit</span> <span class='ocrx_word' id='word_1_37' title='bbox 662 1712 919 1752; x_wconf 91' lang='lat' dir='ltr'>nobiscum.</span> <span class='ocrx_word' id='word_1_38' title='bbox 943 1711 1110 1752; x_wconf 89' lang='lat' dir='ltr'>Amen.</span> 
     </span>
    </p>

    <p class='ocr_par' dir='ltr' id='par_1_7' title="bbox 151 1781 1793 1977">
     <span class='ocr_line' id='line_1_10' title="bbox 231 1781 1792 1835; baseline -0.003 -11"><span class='ocrx_word' id='word_1_39' title='bbox 231 1784 329 1824; x_wconf 87' lang='lat' dir='ltr'>Iam</span> <span class='ocrx_word' id='word_1_40' title='bbox 367 1790 550 1835; x_wconf 91' lang='lat' dir='ltr'>tempus</span> <span class='ocrx_word' id='word_1_41' title='bbox 594 1783 727 1824; x_wconf 90' lang='lat' dir='ltr'>adest</span> <span class='ocrx_word' id='word_1_42' title='bbox 767 1789 817 1823; x_wconf 89' lang='lat' dir='ltr'>ut</span> <span class='ocrx_word' id='word_1_43' title='bbox 856 1783 1133 1835; x_wconf 75' lang='lat' dir='ltr'>paternitati</span> <span class='ocrx_word' id='word_1_44' title='bbox 1167 1789 1275 1822; x_wconf 89' lang='lat' dir='ltr'>tuae</span> <span class='ocrx_word' id='word_1_45' title='bbox 1325 1781 1520 1822; x_wconf 90' lang='lat' dir='ltr'>reddam</span> <span class='ocrx_word' id='word_1_46' title='bbox 1565 1781 1792 1821; x_wconf 87' lang='lat' dir='ltr'>rationem</span> 
     </span>
     <span class='ocr_line' id='line_1_11' title="bbox 153 1852 1793 1906; baseline -0.002 -11"><span class='ocrx_word' id='word_1_47' title='bbox 153 1867 328 1905; x_wconf 87' lang='lat' dir='ltr'>eorum,</span> <span class='ocrx_word' id='word_1_48' title='bbox 371 1867 490 1906; x_wconf 88' lang='lat' dir='ltr'>quae</span> <span class='ocrx_word' id='word_1_49' title='bbox 524 1854 614 1894; x_wconf 90' lang='lat' dir='ltr'>hoc</span> <span class='ocrx_word' id='word_1_50' title='bbox 650 1854 985 1906; x_wconf 88' lang='lat' dir='ltr'>quadrimestri</span> <span class='ocrx_word' id='word_1_51' title='bbox 1019 1854 1245 1905; x_wconf 87' lang='lat' dir='ltr'>temporis</span> <span class='ocrx_word' id='word_1_52' title='bbox 1281 1853 1529 1893; x_wconf 86' lang='lat' dir='ltr'>intervallo</span> <span class='ocrx_word' id='word_1_53' title='bbox 1564 1852 1793 1903; x_wconf 86' lang='lat' dir='ltr'>benignus</span> 
     </span>
     <span class='ocr_line' id='line_1_12' title="bbox 151 1925 1410 1977; baseline -0.002 -11"><span class='ocrx_word' id='word_1_54' title='bbox 151 1926 382 1966; x_wconf 78' lang='lat' dir='ltr'>Dominus</span> <span class='ocrx_word' id='word_1_55' title='bbox 403 1937 486 1977; x_wconf 91' lang='lat' dir='ltr'>per</span> <span class='ocrx_word' id='word_1_56' title='bbox 507 1926 722 1966; x_wconf 86' lang='lat' dir='ltr'>servulos</span> <span class='ocrx_word' id='word_1_57' title='bbox 743 1937 854 1966; x_wconf 88' lang='lat' dir='ltr'>suos</span> <span class='ocrx_word' id='word_1_58' title='bbox 875 1925 1097 1976; x_wconf 89' lang='lat' dir='ltr'>dignatus</span> <span class='ocrx_word' id='word_1_59' title='bbox 1119 1931 1187 1965; x_wconf 91' lang='lat' dir='ltr'>est</span> <span class='ocrx_word' id='word_1_60' title='bbox 1209 1925 1410 1976; x_wconf 86' lang='lat' dir='ltr'>operari.</span> 
     </span>
    </p>

    <p class='ocr_par' dir='ltr' id='par_1_8' title="bbox 151 1995 1794 2828">
     <span class='ocr_line' id='line_1_13' title="bbox 233 1995 1792 2049; baseline -0.002 -12"><span class='ocrx_word' id='word_1_61' title='bbox 233 1997 474 2049; x_wconf 81' lang='lat' dir='ltr'>Cogitanti</span> <span class='ocrx_word' id='word_1_62' title='bbox 513 2003 669 2036; x_wconf 91' lang='lat' dir='ltr'>autem</span> <span class='ocrx_word' id='word_1_63' title='bbox 708 1996 831 2036; x_wconf 91' lang='lat' dir='ltr'>unde</span> <span class='ocrx_word' id='word_1_64' title='bbox 864 1996 1162 2048; x_wconf 90' lang='lat' dir='ltr'>potissimum</span> <span class='ocrx_word' id='word_1_65' title='bbox 1204 1995 1442 2044; x_wconf 79' lang='lat' dir='ltr'>exordiar,</span> <span class='ocrx_word' id='word_1_66' title='bbox 1478 1995 1706 2046; x_wconf 79' lang='lat' dir='ltr'>imprimis</span> <span class='ocrx_word' id='word_1_67' title='bbox 1743 2007 1792 2035; x_wconf 87' lang='lat' dir='ltr'>se</span> 
     </span>
     <span class='ocr_line' id='line_1_14' title="bbox 156 2065 1794 2119; baseline -0.002 -11"><span class='ocrx_word' id='word_1_68' title='bbox 156 2068 271 2108; x_wconf 91' lang='lat' dir='ltr'>mihi</span> <span class='ocrx_word' id='word_1_69' title='bbox 292 2067 428 2108; x_wconf 85' lang='lat' dir='ltr'>offert</span> <span class='ocrx_word' id='word_1_70' title='bbox 455 2079 582 2108; x_wconf 77' lang='lat' dir='ltr'>nova</span> <span class='ocrx_word' id='word_1_71' title='bbox 604 2067 834 2119; x_wconf 77' lang='lat' dir='ltr'>quaedam</span> <span class='ocrx_word' id='word_1_72' title='bbox 856 2072 901 2107; x_wconf 92' lang='lat' dir='ltr'>et</span> <span class='ocrx_word' id='word_1_73' title='bbox 929 2065 1205 2106; x_wconf 87' lang='lat' dir='ltr'>admiranda</span> <span class='ocrx_word' id='word_1_74' title='bbox 1234 2066 1360 2106; x_wconf 88' lang='lat' dir='ltr'>vitae</span> <span class='ocrx_word' id='word_1_75' title='bbox 1389 2066 1649 2106; x_wconf 92' lang='lat' dir='ltr'>immutatio</span> <span class='ocrx_word' id='word_1_76' title='bbox 1677 2065 1794 2105; x_wconf 89' lang='lat' dir='ltr'>civis</span> 
     </span>
     <span class='ocr_line' id='line_1_15' title="bbox 157 2136 1794 2189; baseline -0.002 -10"><span class='ocrx_word' id='word_1_77' title='bbox 157 2139 404 2179; x_wconf 90' lang='lat' dir='ltr'>cuiusdam</span> <span class='ocrx_word' id='word_1_78' title='bbox 424 2138 560 2178; x_wconf 91' lang='lat' dir='ltr'>huius</span> <span class='ocrx_word' id='word_1_79' title='bbox 589 2137 767 2189; x_wconf 82' lang='lat' dir='ltr'>oppidi,</span> <span class='ocrx_word' id='word_1_80' title='bbox 796 2137 887 2177; x_wconf 84' lang='lat' dir='ltr'>viri</span> <span class='ocrx_word' id='word_1_81' title='bbox 913 2137 1101 2188; x_wconf 87' lang='lat' dir='ltr'>generis</span> <span class='ocrx_word' id='word_1_82' title='bbox 1126 2137 1366 2177; x_wconf 90' lang='lat' dir='ltr'>nobilitate</span> <span class='ocrx_word' id='word_1_83' title='bbox 1393 2137 1529 2186; x_wconf 87' lang='lat' dir='ltr'>clari,</span> <span class='ocrx_word' id='word_1_84' title='bbox 1555 2137 1722 2176; x_wconf 85' lang='lat' dir='ltr'>aetatis</span> <span class='ocrx_word' id='word_1_85' title='bbox 1741 2136 1794 2175; x_wconf 73' lang='lat'>43</span> 
     </span>
     <span class='ocr_line' id='line_1_16' title="bbox 154 2207 1792 2260; baseline -0.002 -10"><span class='ocrx_word' id='word_1_86' title='bbox 154 2221 400 2260; x_wconf 85' lang='lat' dir='ltr'>annorum,</span> <span class='ocrx_word' id='word_1_87' title='bbox 426 2209 558 2249; x_wconf 90' lang='lat' dir='ltr'>cuius</span> <span class='ocrx_word' id='word_1_88' title='bbox 579 2209 635 2249; x_wconf 89' lang='lat' dir='ltr'>ad</span> <span class='ocrx_word' id='word_1_89' title='bbox 654 2208 807 2249; x_wconf 91' lang='lat' dir='ltr'>Deum</span> <span class='ocrx_word' id='word_1_90' title='bbox 824 2208 1073 2248; x_wconf 89' lang='lat' dir='ltr'>conversio</span> <span class='ocrx_word' id='word_1_91' title='bbox 1089 2219 1236 2259; x_wconf 90' lang='lat' dir='ltr'>usque</span> <span class='ocrx_word' id='word_1_92' title='bbox 1255 2208 1373 2248; x_wconf 88' lang='lat' dir='ltr'>adeo</span> <span class='ocrx_word' id='word_1_93' title='bbox 1392 2208 1632 2258; x_wconf 90' lang='lat' dir='ltr'>inopinata</span> <span class='ocrx_word' id='word_1_94' title='bbox 1649 2207 1792 2247; x_wconf 91' lang='lat' dir='ltr'>omni-</span> 
     </span>
     <span class='ocr_line' id='line_1_17' title="bbox 151 2278 1790 2328; baseline -0.001 -8"><span class='ocrx_word' id='word_1_95' title='bbox 151 2281 238 2321; x_wconf 91' lang='lat' dir='ltr'>bus</span> <span class='ocrx_word' id='word_1_96' title='bbox 259 2280 410 2320; x_wconf 82' lang='lat' dir='ltr'>extitit</span> <span class='ocrx_word' id='word_1_97' title='bbox 430 2286 479 2320; x_wconf 92' lang='lat' dir='ltr'>ut</span> <span class='ocrx_word' id='word_1_98' title='bbox 495 2280 652 2320; x_wconf 90' lang='lat' dir='ltr'>multis</span> <span class='ocrx_word' id='word_1_99' title='bbox 669 2279 846 2319; x_wconf 88' lang='lat' dir='ltr'>tamdiu</span> <span class='ocrx_word' id='word_1_100' title='bbox 865 2279 1150 2319; x_wconf 89' lang='lat' dir='ltr'>incredibilis</span> <span class='ocrx_word' id='word_1_101' title='bbox 1165 2278 1432 2327; x_wconf 79' lang='lat' dir='ltr'>haberetur,</span> <span class='ocrx_word' id='word_1_102' title='bbox 1451 2278 1600 2319; x_wconf 89' lang='lat' dir='ltr'>donec</span> <span class='ocrx_word' id='word_1_103' title='bbox 1615 2289 1790 2328; x_wconf 86' lang='lat' dir='ltr'>rumor,</span> 
     </span>
     <span class='ocr_line' id='line_1_18' title="bbox 156 2348 1792 2402; baseline -0.002 -11"><span class='ocrx_word' id='word_1_104' title='bbox 156 2351 301 2392; x_wconf 88' lang='lat' dir='ltr'>celari</span> <span class='ocrx_word' id='word_1_105' title='bbox 320 2351 524 2401; x_wconf 90' lang='lat' dir='ltr'>nescius,</span> <span class='ocrx_word' id='word_1_106' title='bbox 546 2362 629 2402; x_wconf 92' lang='lat' dir='ltr'>per</span> <span class='ocrx_word' id='word_1_107' title='bbox 656 2356 804 2390; x_wconf 90' lang='lat' dir='ltr'>totam</span> <span class='ocrx_word' id='word_1_108' title='bbox 833 2350 995 2390; x_wconf 88' lang='lat' dir='ltr'>urbem</span> <span class='ocrx_word' id='word_1_109' title='bbox 1018 2350 1274 2401; x_wconf 88' lang='lat' dir='ltr'>dispersus,</span> <span class='ocrx_word' id='word_1_110' title='bbox 1298 2350 1475 2390; x_wconf 90' lang='lat' dir='ltr'>nullum</span> <span class='ocrx_word' id='word_1_111' title='bbox 1497 2348 1792 2399; x_wconf 78' lang='lat' dir='ltr'>ambiguitati</span> 
     </span>
     <span class='ocr_line' id='line_1_19' title="bbox 152 2420 1793 2473; baseline -0.002 -11"><span class='ocrx_word' id='word_1_112' title='bbox 152 2423 306 2463; x_wconf 92' lang='lat' dir='ltr'>locum</span> <span class='ocrx_word' id='word_1_113' title='bbox 340 2422 651 2473; x_wconf 88' lang='lat' dir='ltr'>relinqueret:</span> <span class='ocrx_word' id='word_1_114' title='bbox 684 2433 770 2461; x_wconf 92' lang='lat' dir='ltr'>nec</span> <span class='ocrx_word' id='word_1_115' title='bbox 801 2422 971 2461; x_wconf 85' lang='lat' dir='ltr'>mirum</span> <span class='ocrx_word' id='word_1_116' title='bbox 990 2420 1225 2472; x_wconf 80' lang='lat' dir='ltr'>profect03</span> <span class='ocrx_word' id='word_1_117' title='bbox 1264 2432 1406 2473; x_wconf 88' lang='lat' dir='ltr'>quum</span> <span class='ocrx_word' id='word_1_118' title='bbox 1441 2421 1563 2461; x_wconf 91' lang='lat' dir='ltr'>enim</span> <span class='ocrx_word' id='word_1_119' title='bbox 1598 2420 1672 2459; x_wconf 90' lang='lat' dir='ltr'>vir</span> <span class='ocrx_word' id='word_1_120' title='bbox 1706 2420 1793 2459; x_wconf 92' lang='lat' dir='ltr'>iste</span> 
     </span>
     <span class='ocr_line' id='line_1_20' title="bbox 153 2491 1794 2542; baseline -0.002 -8"><span class='ocrx_word' id='word_1_121' title='bbox 153 2505 290 2534; x_wconf 89' lang='lat' dir='ltr'>sacro</span> <span class='ocrx_word' id='word_1_122' title='bbox 325 2492 689 2533; x_wconf 81' lang='lat' dir='ltr'>subdiaconatus</span> <span class='ocrx_word' id='word_1_123' title='bbox 721 2492 883 2532; x_wconf 87' lang='lat' dir='ltr'>ordine</span> <span class='ocrx_word' id='word_1_124' title='bbox 914 2492 1124 2532; x_wconf 90' lang='lat' dir='ltr'>initiatus</span> <span class='ocrx_word' id='word_1_125' title='bbox 1159 2498 1302 2542; x_wconf 87' lang='lat' dir='ltr'>esset,</span> <span class='ocrx_word' id='word_1_126' title='bbox 1341 2492 1569 2532; x_wconf 90' lang='lat' dir='ltr'>canonica</span> <span class='ocrx_word' id='word_1_127' title='bbox 1603 2491 1794 2542; x_wconf 88' lang='lat' dir='ltr'>insuper</span> 
     </span>
     <span class='ocr_line' id='line_1_21' title="bbox 155 2562 1794 2615; baseline -0.002 -10"><span class='ocrx_word' id='word_1_128' title='bbox 155 2565 384 2615; x_wconf 85' lang='lat' dir='ltr'>dignitate</span> <span class='ocrx_word' id='word_1_129' title='bbox 401 2564 448 2603; x_wconf 90' lang='lat' dir='ltr'>in</span> <span class='ocrx_word' id='word_1_130' title='bbox 464 2563 663 2603; x_wconf 86' lang='lat' dir='ltr'>ecclesia</span> <span class='ocrx_word' id='word_1_131' title='bbox 679 2562 972 2603; x_wconf 86' lang='lat' dir='ltr'>Salmantina</span> <span class='ocrx_word' id='word_1_132' title='bbox 988 2563 1254 2613; x_wconf 88' lang='lat' dir='ltr'>decoratus,</span> <span class='ocrx_word' id='word_1_133' title='bbox 1274 2575 1381 2603; x_wconf 88' lang='lat' dir='ltr'>cum</span> <span class='ocrx_word' id='word_1_134' title='bbox 1393 2574 1566 2613; x_wconf 86' lang='lat' dir='ltr'>magno</span> <span class='ocrx_word' id='word_1_135' title='bbox 1584 2562 1794 2602; x_wconf 90' lang='lat' dir='ltr'>omnium</span> 
     </span>
     <span class='ocr_line' id='line_1_22' title="bbox 156 2633 1792 2686; baseline -0.002 -11"><span class='ocrx_word' id='word_1_136' title='bbox 156 2635 436 2675; x_wconf 86' lang='lat' dir='ltr'>offendiculo</span> <span class='ocrx_word' id='word_1_137' title='bbox 458 2640 502 2674; x_wconf 91' lang='lat' dir='ltr'>et</span> <span class='ocrx_word' id='word_1_138' title='bbox 523 2634 662 2685; x_wconf 85' lang='lat' dir='ltr'>gravi</span> <span class='ocrx_word' id='word_1_139' title='bbox 684 2634 946 2674; x_wconf 89' lang='lat' dir='ltr'>animarum</span> <span class='ocrx_word' id='word_1_140' title='bbox 968 2634 1166 2681; x_wconf 84' lang='lat' dir='ltr'>iactura,</span> <span class='ocrx_word' id='word_1_141' title='bbox 1189 2633 1483 2686; x_wconf 85' lang='lat' dir='ltr'>permutatis,</span> <span class='ocrx_word' id='word_1_142' title='bbox 1505 2638 1600 2683; x_wconf 84' lang='lat' dir='ltr'>aut,</span> <span class='ocrx_word' id='word_1_143' title='bbox 1624 2641 1672 2672; x_wconf 92' lang='lat' dir='ltr'>ut</span> <span class='ocrx_word' id='word_1_144' title='bbox 1694 2644 1792 2672; x_wconf 92' lang='lat' dir='ltr'>cre-</span> 
     </span>
     <span class='ocr_line' id='line_1_23' title="bbox 153 2703 1790 2757; baseline -0.002 -11"><span class='ocrx_word' id='word_1_145' title='bbox 153 2706 291 2757; x_wconf 87' lang='lat' dir='ltr'>ditur,</span> <span class='ocrx_word' id='word_1_146' title='bbox 314 2705 568 2746; x_wconf 87' lang='lat' dir='ltr'>divenditis</span> <span class='ocrx_word' id='word_1_147' title='bbox 589 2705 723 2745; x_wconf 89' lang='lat' dir='ltr'>bonis</span> <span class='ocrx_word' id='word_1_148' title='bbox 744 2705 1091 2755; x_wconf 89' lang='lat' dir='ltr'>ecclesiasticis,</span> <span class='ocrx_word' id='word_1_149' title='bbox 1112 2705 1196 2744; x_wconf 90' lang='lat' dir='ltr'>sub</span> <span class='ocrx_word' id='word_1_150' title='bbox 1217 2704 1379 2744; x_wconf 88' lang='lat' dir='ltr'>habitu</span> <span class='ocrx_word' id='word_1_151' title='bbox 1399 2704 1520 2743; x_wconf 85' lang='lat' dir='ltr'>laico</span> <span class='ocrx_word' id='word_1_152' title='bbox 1550 2703 1698 2743; x_wconf 89' lang='lat' dir='ltr'>vitam</span> <span class='ocrx_word' id='word_1_153' title='bbox 1718 2703 1790 2743; x_wconf 90' lang='lat' dir='ltr'>de-</span> 
     </span>
     <span class='ocr_line' id='line_1_24' title="bbox 151 2773 1792 2828; baseline -0.002 -11"><span class='ocrx_word' id='word_1_154' title='bbox 151 2777 292 2827; x_wconf 83' lang='lat' dir='ltr'>gebat</span> <span class='ocrx_word' id='word_1_155' title='bbox 312 2776 779 2828; x_wconf 84' lang='lat' dir='ltr'>perniciosissimam,</span> <span class='ocrx_word' id='word_1_156' title='bbox 803 2787 890 2815; x_wconf 92' lang='lat' dir='ltr'>nec</span> <span class='ocrx_word' id='word_1_157' title='bbox 916 2776 964 2816; x_wconf 87' lang='lat' dir='ltr'>id</span> <span class='ocrx_word' id='word_1_158' title='bbox 991 2777 1224 2816; x_wconf 90' lang='lat' dir='ltr'>occultum</span> <span class='ocrx_word' id='word_1_159' title='bbox 1252 2781 1375 2825; x_wconf 87' lang='lat' dir='ltr'>erat,</span> <span class='ocrx_word' id='word_1_160' title='bbox 1400 2773 1480 2814; x_wconf 91' lang='lat' dir='ltr'>sed</span> <span class='ocrx_word' id='word_1_161' title='bbox 1509 2775 1595 2814; x_wconf 89' lang='lat' dir='ltr'>toti</span> <span class='ocrx_word' id='word_1_162' title='bbox 1622 2773 1792 2826; x_wconf 90' lang='lat' dir='ltr'>oppido</span> 
     </span>
    </p>
   </div>
   <div class='ocr_carea' id='block_1_6' title="bbox 153 2934 1797 3114">
    <p class='ocr_par' dir='ltr' id='par_1_9' title="bbox 153 2934 1797 3114">
     <span class='ocr_line' id='line_1_25' title="bbox 209 2934 1797 2972; baseline -0.003 -7"><span class='ocrx_word' id='word_1_163' title='bbox 209 2938 219 2957; x_wconf 74' lang='grc'><strong>1</strong></span> <span class='ocrx_word' id='word_1_164' title='bbox 262 2937 523 2972; x_wconf 83' lang='lat' dir='ltr'>Autographae,</span> <span class='ocrx_word' id='word_1_165' title='bbox 538 2944 614 2964; x_wconf 86' lang='lat' dir='ltr'>cum</span> <span class='ocrx_word' id='word_1_166' title='bbox 629 2936 798 2964; x_wconf 87' lang='lat' dir='ltr'>nonnullis</span> <span class='ocrx_word' id='word_1_167' title='bbox 813 2936 1106 2963; x_wconf 79' lang='lat' dir='ltr'>emendationibus</span> <span class='ocrx_word' id='word_1_168' title='bbox 1121 2936 1157 2962; x_wconf 92' lang='lat' dir='ltr'>P.</span> <span class='ocrx_word' id='word_1_169' title='bbox 1175 2935 1326 2969; x_wconf 89' lang='lat' dir='ltr'>Polanci,</span> <span class='ocrx_word' id='word_1_170' title='bbox 1350 2935 1473 2969; x_wconf 90' lang='lat' dir='ltr'>duplici</span> <span class='ocrx_word' id='word_1_171' title='bbox 1489 2935 1580 2969; x_wconf 88' lang='lat' dir='ltr'>folio,</span> <span class='ocrx_word' id='word_1_172' title='bbox 1596 2935 1657 2962; x_wconf 90' lang='lat' dir='ltr'>sub</span> <span class='ocrx_word' id='word_1_173' title='bbox 1672 2942 1726 2961; x_wconf 90' lang='lat' dir='ltr'>nn.</span> <span class='ocrx_word' id='word_1_174' title='bbox 1741 2934 1797 2961; x_wconf 80' lang='grc'>449</span> 
     </span>
     <span class='ocr_line' id='line_1_26' title="bbox 154 2983 1793 3018; baseline -0.002 -6"><span class='ocrx_word' id='word_1_175' title='bbox 154 2989 187 3012; x_wconf 88' lang='lat' dir='ltr'>et</span> <span class='ocrx_word' id='word_1_176' title='bbox 209 2984 389 3012; x_wconf 58' lang='lat' dir='ltr'>aro—Est</span> <span class='ocrx_word' id='word_1_177' title='bbox 410 2989 445 3012; x_wconf 89' lang='lat' dir='ltr'>et</span> <span class='ocrx_word' id='word_1_178' title='bbox 469 2985 728 3012; x_wconf 82' lang='lat' dir='ltr'>emendatarum</span> <span class='ocrx_word' id='word_1_179' title='bbox 753 2985 950 3011; x_wconf 87' lang='lat' dir='ltr'>litterarum</span> <span class='ocrx_word' id='word_1_180' title='bbox 973 2983 1223 3018; x_wconf 83' lang='lat' dir='ltr'>apographum,</span> <span class='ocrx_word' id='word_1_181' title='bbox 1246 2983 1370 3017; x_wconf 89' lang='lat' dir='ltr'>duplici</span> <span class='ocrx_word' id='word_1_182' title='bbox 1394 2983 1475 3010; x_wconf 82' lang='lat' dir='ltr'>item</span> <span class='ocrx_word' id='word_1_183' title='bbox 1496 2983 1529 3010; x_wconf 86' lang='lat' dir='ltr'>in</span> <span class='ocrx_word' id='word_1_184' title='bbox 1550 2983 1645 3015; x_wconf 83' lang='lat' dir='ltr'>folio,</span> <span class='ocrx_word' id='word_1_185' title='bbox 1668 2990 1722 3009; x_wconf 90' lang='lat' dir='ltr'>nn.</span> <span class='ocrx_word' id='word_1_186' title='bbox 1741 2983 1793 3009; x_wconf 71' lang='lat'>461</span> 
     </span>
     <span class='ocr_line' id='line_1_27' title="bbox 153 3029 1797 3066; baseline -0.002 -7"><span class='ocrx_word' id='word_1_187' title='bbox 153 3036 186 3059; x_wconf 75' lang='lat' dir='ltr'>et</span> <span class='ocrx_word' id='word_1_188' title='bbox 201 3032 267 3059; x_wconf 64' lang='lat'>462.</span> <span class='ocrx_word' id='word_1_189' title='bbox 284 3032 433 3059; x_wconf 90' lang='lat' dir='ltr'>—Aliud</span> <span class='ocrx_word' id='word_1_190' title='bbox 456 3040 521 3059; x_wconf 88' lang='lat' dir='ltr'>non</span> <span class='ocrx_word' id='word_1_191' title='bbox 536 3036 613 3059; x_wconf 89' lang='lat' dir='ltr'>sunt</span> <span class='ocrx_word' id='word_1_192' title='bbox 630 3039 730 3066; x_wconf 87' lang='lat' dir='ltr'>quam</span> <span class='ocrx_word' id='word_1_193' title='bbox 745 3031 921 3058; x_wconf 87' lang='lat' dir='ltr'>latinitate</span> <span class='ocrx_word' id='word_1_194' title='bbox 942 3031 1089 3058; x_wconf 86' lang='lat' dir='ltr'>donatae</span> <span class='ocrx_word' id='word_1_195' title='bbox 1110 3031 1267 3065; x_wconf 85' lang='lat' dir='ltr'>litterae,</span> <span class='ocrx_word' id='word_1_196' title='bbox 1290 3038 1375 3065; x_wconf 87' lang='lat' dir='ltr'>quas</span> <span class='ocrx_word' id='word_1_197' title='bbox 1395 3031 1506 3058; x_wconf 88' lang='lat' dir='ltr'>altero</span> <span class='ocrx_word' id='word_1_198' title='bbox 1527 3033 1604 3065; x_wconf 88' lang='lat' dir='ltr'>post</span> <span class='ocrx_word' id='word_1_199' title='bbox 1626 3030 1678 3057; x_wconf 88' lang='lat' dir='ltr'>die</span> <span class='ocrx_word' id='word_1_200' title='bbox 1703 3029 1797 3056; x_wconf 85' lang='lat' dir='ltr'>dedit</span> 
     </span>
     <span class='ocr_line' id='line_1_28' title="bbox 153 3078 1192 3114; baseline -0.002 -8"><span class='ocrx_word' id='word_1_201' title='bbox 153 3080 193 3107; x_wconf 88' lang='lat' dir='ltr'>P.</span> <span class='ocrx_word' id='word_1_202' title='bbox 211 3079 352 3107; x_wconf 85' lang='lat' dir='ltr'>Portillo</span> <span class='ocrx_word' id='word_1_203' title='bbox 366 3086 520 3106; x_wconf 85' lang='lat' dir='ltr'>sermone</span> <span class='ocrx_word' id='word_1_204' title='bbox 535 3080 689 3114; x_wconf 82' lang='lat' dir='ltr'>hispano.</span> <span class='ocrx_word' id='word_1_205' title='bbox 705 3078 792 3106; x_wconf 85' lang='lat' dir='ltr'>Vide</span> <span class='ocrx_word' id='word_1_206' title='bbox 808 3087 838 3105; x_wconf 91' lang='lat' dir='ltr'>n.</span> <span class='ocrx_word' id='word_1_207' title='bbox 854 3086 964 3112; x_wconf 78' lang='lat' dir='ltr'>CCXXI,</span> <span class='ocrx_word' id='word_1_208' title='bbox 979 3086 1057 3112; x_wconf 83' lang='lat' dir='ltr'>pag.</span> <span class='ocrx_word' id='word_1_209' title='bbox 1070 3078 1132 3105; x_wconf 78' lang='lat'>267.</span> <span class='ocrx_word' id='word_1_210' title='bbox 1190 3108 1192 3111; x_wconf 21' lang='lat' dir='ltr'>v</span> 
     </span>
    </p>
   </div>
  </div>
 </body>
</html>
