2168 3437
358 292 429 330 306
876 292 1103 329 LITTERAE
1130 302 1488 335 QUADRIMESTRES

356 396 549 438 nenata,
574 401 712 440 poma
735 401 893 429 secum
915 388 1155 440 auferens,
1181 390 1393 429 clanculo
1410 389 1745 442 manducabat3
1770 398 1817 431 at
1839 393 1996 444 aliter,

355 461 514 501 divina
537 460 850 500 coadiuvante
870 460 1047 510 gratia,
1073 459 1132 499 ad
1158 458 1502 500 confessionem
1529 461 1681 511 venit,
1714 473 1832 512 quae
1857 464 2001 514 paulo

355 538 483 583 post,
508 531 706 582 pristino
728 530 882 570 mariti
909 530 1206 581 familiaeque
1234 531 1447 571 restituta
1476 532 1646 582 amori,
1679 532 1726 572 in
1753 532 1878 573 bono
1906 534 1997 574 fer-

355 602 540 642 ventius
588 601 797 653 proficit,
850 601 1037 652 saepius
1086 601 1145 641 ad
1198 601 1524 642 sanctissimae
1562 603 1726 643 matris
1767 605 1995 645 ecclesiae

352 678 594 713 revertens
615 677 927 712 sacramenta.
946 671 1168 712 Nonnulli
1189 672 1349 712 itidem
1365 673 1607 724 utriusque
1624 685 1765 713 sexus
1784 675 1993 725 religiosi

353 750 396 784 et
431 743 721 794 saeculares,
758 743 836 794 qui
870 743 1071 783 antehac
1105 743 1336 783 invidioso
1366 750 1557 783 nostrae
1587 744 1802 785 societati
1836 746 1998 786 animo

352 814 616 865 detrahere,
641 825 838 865 eamque
860 820 1180 862 contemnere,
1206 814 1585 865 reblasphemare
1612 815 1722 865 (sic)
1746 822 1884 867 atque
1912 817 1993 856 mi-

352 897 492 925 nuere
513 885 602 924 nisi
622 884 830 935 fuerunt,
852 885 1064 935 tandem,
1089 884 1250 924 divino
1274 885 1320 924 in
1341 885 1633 936 praecordiis
1661 887 1879 926 concussi
1900 887 1989 938 spi-

349 956 547 1005 ramine,
571 968 665 996 non
687 956 824 996 modo
847 956 906 996 ab
928 956 1156 1008 obloquiis
1178 956 1418 1005 destitere,
1444 956 1525 996 sed
1546 957 1707 1007 etiam,
1734 958 1860 998 ducti
1882 970 1985 1009 poe-

350 1028 576 1077 nitudine,
613 1028 770 1067 multis
805 1027 1063 1078 lachrymis
1097 1027 1157 1067 ad
1187 1026 1550 1078 confessionem,
1581 1040 1666 1079 pro
1700 1029 1992 1069 absolutione

348 1098 849 1139 excommunicationis
873 1096 882 1116 ¹
904 1104 1149 1138 venerunt.

427 1169 660 1211 Sacerdos
682 1169 892 1220 quidam,
917 1169 1064 1209 variis
1086 1169 1259 1209 diaboli
1287 1169 1535 1210 intricatus
1564 1170 1991 1222 phantasmatibus,

348 1243 542 1282 multum
572 1241 796 1292 temporis
834 1241 1086 1280 missarum
1125 1240 1279 1280 omisit
1314 1241 1698 1291 celebrationem,
1732 1242 1983 1293 orationes,

348 1313 504 1352 omnia
525 1312 723 1364 denique
745 1311 820 1363 pia
843 1323 986 1363 opera
1014 1318 1058 1352 et
1087 1312 1472 1362 exercitationeS,
1502 1313 1675 1364 partim
1703 1313 1832 1364 quia,
1865 1314 1988 1354 abie-

347 1390 421 1424 cto
445 1384 621 1434 animo,
645 1395 695 1423 se
716 1389 1019 1434 peccatorum
1046 1394 1184 1434 posse
1212 1383 1476 1435 relinquere
1505 1384 1891 1425 consuetudinem
1914 1385 1990 1425 de-

346 1455 591 1506 sperabat,
623 1455 796 1506 partim
824 1455 933 1505 quia
964 1454 1051 1494 sibi
1080 1466 1358 1506 persuasum
1379 1455 1581 1495 habebat
1609 1467 1663 1495 eo
1691 1457 1843 1507 magis
1871 1456 1986 1496 divi-

345 1538 455 1566 nam
477 1526 706 1566 adversus
727 1537 776 1565 se
797 1526 1050 1576 provocari
1070 1526 1313 1575 ultionem,
1339 1537 1430 1577 quo
1452 1527 1587 1577 plura
1609 1532 1689 1566 aut
1711 1527 1887 1567 diceret
1910 1534 1995 1568 aut

345 1597 522 1637 faceret
544 1597 666 1637 bona
689 1608 831 1647 opera
850 1629 857 1647 ,
880 1597 970 1636 nisi
991 1608 1186 1648 prorsus
1206 1603 1428 1648 peccator
1450 1608 1553 1637 esse
1575 1597 1832 1648 desineret,
1858 1599 1990 1639 iuxta

344 1668 642 1718 Psalmistae,
685 1668 808 1719 quod
849 1668 1109 1718 allegabat,
1152 1668 1350 1708 dictum:
1390 1668 1635 1719 peccatori
1670 1673 1827 1709 antem
1862 1669 1989 1710 dixit

346 1740 500 1779 Deus:
527 1750 674 1791 quare
699 1743 752 1779 tn
778 1750 984 1779 enarras
1010 1738 1223 1779 iustitias
1242 1740 1433 1789 meas?‚
1464 1743 1533 1779 etc
1553 1738 1581 1779 ².
1605 1740 1727 1780 Hinc
1748 1752 1987 1792 nunquam

344 1810 579 1862 placidum
600 1810 724 1850 domi
743 1810 918 1850 forisve
941 1809 1190 1850 ostendens
1207 1811 1407 1860 vultum,
1431 1822 1672 1862 morosus,
1697 1817 1876 1860 torvus,
1902 1824 1992 1852 sua

344 1882 559 1922 molestia
597 1887 746 1922 totam
785 1882 1151 1922 contristabatur
1188 1881 1433 1932 familiam,
1472 1894 1499 1922 a
1534 1894 1624 1933 quo
1662 1890 1818 1922 autem
1852 1883 1988 1923 nobis

343 1952 555 1994 confiteri
577 1953 749 2004 coepit,
775 1958 871 1992 tam
891 1952 1061 2003 vitam,
1087 1964 1261 2003 mores,
1287 1964 1428 2004 quam
1453 1953 1609 1992 vultus
1631 1953 1988 2004 dispositionem

344 2024 391 2065 in
414 2025 652 2064 meliorem
673 2024 871 2064 mutavit
893 2030 1086 2074 statum,
1111 2024 1235 2064 domi
1255 2023 1488 2075 placidus,
1507 2023 1621 2064 foris
1639 2035 1840 2075 magnae
1863 2025 1986 2065 aedi-

343 2095 575 2136 ficationis
595 2095 858 2146 exemplar,
883 2095 1071 2146 saepius
1089 2093 1300 2134 confiteri
1321 2106 1376 2134 ac
1398 2095 1637 2135 celebrare
1654 2107 1982 2147 perseverans,

344 2173 482 2219 prout
503 2167 632 2218 pium
653 2166 1052 2217 christianumque
1076 2166 1209 2206 decet
1231 2166 1538 2206 sacerdotem.

424 2237 520 2278 Nec
549 2238 637 2277 hac
664 2243 826 2277 nostra
857 2237 1103 2277 dumtaxat
1129 2237 1429 2277 lovanienses
1459 2236 1675 2277 fruuntur
1708 2250 1872 2289 opera,
1902 2240 1984 2279 sed

345 2315 389 2350 et
410 2308 787 2358 mechlinienses‚
812 2308 1189 2359 antuerpienses.
1220 2308 1415 2359 aliisque
1438 2308 1493 2348 de
1514 2308 1630 2348 locis
1652 2309 1988 2349 remotioribus

345 2380 404 2421 ad
424 2379 802 2432 participandam
821 2379 1087 2419 huiusmodi
1117 2390 1309 2430 operam
1338 2379 1429 2419 huc
1461 2379 1621 2419 sedulo
1655 2379 1979 2431 adventantes,

342 2457 448 2503 post
469 2450 832 2500 confessionem,
857 2450 957 2490 sive
977 2450 1268 2500 generalem,
1292 2462 1433 2501 quam
1454 2450 1641 2501 plurimi
1662 2450 1854 2500 faciunt,
1879 2451 1980 2492 sive

342 2533 657 2572 communem,
689 2521 944 2561 Dominum
970 2520 1230 2571 laudantes,
1266 2532 1372 2560 cum
1405 2521 1578 2572 gaudio
1615 2528 1658 2561 et
1693 2522 1981 2562 exultatione

343 2593 531 2633 domum
552 2592 762 2632 redeunt.
795 2591 884 2632 Ubi
911 2603 1025 2631 vero
1055 2591 1114 2631 ad
1142 2603 1227 2631 nos
1257 2591 1419 2632 venire
1445 2603 1539 2632 non
1567 2592 1699 2642 licet,
1732 2592 1795 2632 ibi
1821 2599 1982 2633 noster

342 2665 537 2704 multum
558 2662 850 2703 desideratur
865 2662 1115 2712 adventus,
1140 2662 1179 2701 si
1200 2661 1479 2714 quandoque
1495 2675 1578 2714 per
1598 2663 1982 2714 quotidianorum

342 2735 637 2786 negotiorum
658 2733 1081 2785 interpositionem,
1112 2745 1197 2784 pro
1225 2733 1401 2773 maiore
1424 2734 1589 2774 vineae
1618 2733 1810 2774 Domini
1837 2735 1980 2785 cultu,

341 2807 469 2846 exire
491 2806 792 2846 concedatur.
816 2805 938 2845 Hinc
960 2805 1072 2856 ipsis
1093 2804 1242 2856 feriis,
1263 2811 1313 2845 ut
1330 2811 1525 2855 vocant,
1545 2805 1979 2856 bacchanaliorum,

341 2877 545 2918 dictante
566 2876 794 2927 Domino,
820 2876 956 2916 simul
977 2881 1020 2915 et
1040 2881 1204 2915 sancta
1226 2876 1496 2916 consulente
1515 2876 1798 2927 obedientia,
1823 2882 1975 2928 pater-

392 3013 402 3033 1
441 3012 558 3039 Verba
571 3012 655 3039 haec
669 3016 735 3046 pro
750 3011 970 3039 absolutione
985 3012 1363 3038 excommamicationis
1377 3011 1491 3038 deleta
1513 3016 1589 3039 sunt
1604 3015 1657 3043 ,ut
1673 3012 1762 3039 infra
1775 3012 1893 3039 videre
1909 3015 1977 3045 est,

336 3067 356 3087 a
372 3059 528 3087 Polaneo⁴

389 3107 403 3126 2
440 3107 497 3135 ΡΒ.
515 3114 612 3140 xttx,
627 3114 659 3133 V.
682 3107 725 3133 16.
