2168 3437
913 240 994 278 AN.
1026 240 1118 279 1553
1761 241 1825 277 171

936 694 1094 748 CCII
1157 762 1160 765 ¹

264 923 357 961 Leo
377 922 447 960 del
467 923 616 971 Giglio

311 988 433 1026 Patri
451 990 621 1037 Ignatio
641 988 694 1027 de
713 988 897 1036 Loyola.

357 1056 600 1102 Florentia,
623 1056 663 1092 11
685 1055 915 1093 Februarii
937 1054 1029 1092 1553
1048 1055 1073 1089 ¹.

266 1477 334 1517 La
355 1479 511 1530 gratia
532 1484 576 1519 et
596 1490 712 1530 pace
734 1479 779 1519 di
801 1477 990 1518 Christo
1010 1477 1064 1517 N.
1090 1475 1135 1517 S.
1162 1476 1230 1516 sia
1252 1487 1436 1527 sempre
1458 1474 1565 1515 nelli
1587 1476 1718 1516 cuori
1746 1488 1826 1516 no-

185 1549 286 1590 stri,
311 1548 479 1590 Amen.

264 1619 408 1661 Molto
430 1621 532 1661 Η.ᾶο
555 1621 602 1661 in
625 1621 815 1662 Christo
836 1620 884 1661 Ρ.

262 1691 390 1732 Ν6116
411 1693 574 1733 lettere
595 1691 701 1732 delli
722 1692 748 1731 4
767 1692 883 1732 mesi
904 1691 1084 1743 passati
1105 1697 1178 1731 tra
1200 1691 1227 1730 l'
1254 1691 1371 1730 altre
1393 1701 1501 1730 cose
1523 1690 1773 1730 scrissemo
1798 1701 1823 1729 a

182 1762 242 1802 V.
265 1761 319 1802 R.
343 1762 390 1803 P.
416 1763 488 1803 ch'
513 1764 543 1803 il
564 1763 614 1803 P.
642 1763 779 1804 Mtro.
810 1762 1056 1816 Alphonso
1084 1761 1098 1780 2
1126 1773 1215 1801 con
1245 1763 1286 1801 le
1315 1772 1396 1801 sue
1423 1760 1645 1812 prediche
1672 1766 1716 1800 et
1744 1761 1825 1800 let-

182 1834 297 1874 tioni
317 1834 451 1885 piene
472 1834 518 1874 di
539 1834 742 1875 dottrina
764 1834 824 1874 ha
846 1845 1012 1885 sparso
1032 1833 1320 1873 buonissimo
1338 1832 1466 1872 odor’
1487 1831 1533 1872 di
1550 1843 1599 1872 se
1616 1838 1660 1872 et
1679 1832 1825 1872 molto

181 1905 243 1945 ha
264 1905 496 1956 agiuttato
518 1912 682 1957 questo
704 1905 935 1957 Collegio,
959 1903 1131 1957 perche
1152 1915 1266 1955 pare
1288 1904 1374 1943 che
1396 1904 1469 1943 all’
1501 1903 1618 1943 hora
1650 1903 1821 1943 comin-

181 1976 253 2016 cio
273 1976 305 2016 il
324 1983 484 2017 nostro
506 1977 660 2017 studio
677 1977 825 2016 haver
846 1976 1079 2027 maggior'
1101 1975 1377 2026 apparentia
1402 1981 1445 2014 et
1469 1974 1627 2026 dippoi
1648 1977 1672 2014 e
1697 1980 1825 2014 stato

181 2053 499 2099 augmentato,
523 2060 611 2088 con
630 2048 676 2088 la
697 2048 936 2099 presentia
957 2047 1030 2087 del
1050 2046 1103 2087 R.
1134 2046 1183 2086 P.
1218 2046 1279 2086 M.
1310 2045 1417 2085 Don
1444 2045 1671 2085 Giacorno
1702 2045 1822 2096 Lay-

180 2118 392 2168 ne2,'non
412 2119 669 2159 solamente
686 2119 742 2159 de
763 2119 894 2159 molti
915 2130 990 2158 ma
1012 2118 1068 2159 de
1088 2118 1232 2158 nobili
1254 2123 1298 2157 et
1319 2116 1567 2168 principali
1589 2117 1634 2156 di
1655 2122 1821 2168 questa

181 2189 308 2229 citta.
331 2189 629 2230 Avisassimo
653 2190 862 2230 anchora
885 2189 959 2230 del
977 2189 1116 2229 buon’
1140 2189 1287 2229 frutto
1309 2187 1394 2228 che
1415 2187 1556 2228 fanno
1578 2188 1645 2239 gli
1673 2187 1822 2227 nostri

178 2259 384 2300 scholari
409 2261 527 2301 nelle
553 2262 718 2301 lettere
745 2266 789 2301 et
815 2261 967 2311 virtu,
1000 2259 1118 2300 delle
1146 2259 1430 2300 confessioni
1457 2259 1543 2298 che
1573 2258 1825 2298 havevano

178 2331 306 2371 udito
327 2332 393 2383 gli
412 2333 561 2372 nostri
581 2331 721 2372 Padri
741 2332 788 2372 in
810 2332 996 2372 diverse
1017 2330 1162 2381 lochi,
1188 2330 1523 2382 specialmente
1550 2329 1659 2369 nelli
1686 2339 1820 2380 preg-

178 2402 323 2453 gioni.

257 2473 387 2514 Hora
408 2474 580 2526 perche
602 2478 627 2514 e
653 2480 809 2526 tempo
837 2474 883 2515 di
911 2473 1134 2525 adempir'
1166 2475 1212 2513 la
1239 2478 1376 2513 santa
1406 2471 1689 2521 obedientia,
1721 2470 1823 2510 bre-

177 2550 392 2585 vemente
415 2545 531 2585 daro
552 2546 686 2586 aviso
709 2558 736 2585 a
757 2545 816 2586 V.
836 2545 891 2585 R.
915 2544 964 2584 Ρ.
986 2544 1032 2584 (11
1049 2544 1155 2596 quel
1175 2544 1358 2595 poccho
1381 2544 1453 2583 ch'
1480 2544 1511 2583 il
1532 2542 1732 2593 Signore
1752 2542 1821 2582 Id·

177 2615 252 2655 dio
273 2617 309 2656 s'
333 2616 394 2656 ha
415 2616 619 2667 degnato
640 2617 840 2668 operar’,
865 2614 1139 2656 servendosi
1159 2614 1266 2655 delli
1287 2614 1439 2654 deboli
1466 2613 1666 2653 ministri
1695 2613 1819 2653 della

178 2685 474 2738 Compagnia
495 2687 580 2727 che
601 2689 680 2739 qui
700 2698 832 2727 sono.
856 2686 915 2726 Et
943 2698 1025 2738 per
1047 2685 1316 2726 cominciar'
1339 2685 1449 2725 dalli
1480 2684 1630 2724 nostri
1659 2683 1818 2735 studii,

231 2821 241 2841 ¹
280 2821 394 2856 Epist.
410 2821 613 2856 Quadrim„
628 2822 832 2850 1553-1554.
845 2821 1127 2856 Autographum,
1149 2822 1246 2848 unico
1267 2821 1323 2848 fol.
1343 2822 1415 2848 sub.
1438 2820 1488 2847 n.0
1509 2820 1658 2847 58.—Est
1674 2824 1707 2847 et
1725 2820 1817 2847 aliud

177 2869 377 2903 exemplum,
394 2873 427 2897 et
442 2869 577 2904 quidem
595 2869 858 2904 autographum,
872 2869 995 2904 duplici
1011 2870 1045 2896 in
1059 2868 1149 2903 folio,
1162 2876 1216 2895 nn.
1231 2868 1265 2895 59
1280 2872 1312 2895 et
1327 2868 1371 2902 60;
1384 2869 1418 2895 in
1432 2875 1471 2895 eo
1485 2868 1692 2902 paucissima
1707 2868 1815 2895 verba

174 2919 252 2943 sunt
265 2920 399 2944 mutata
411 2920 444 2943 et
460 2917 720 2951 superscriptio,
736 2924 822 2951 quae
838 2917 886 2944 sic
899 2924 934 2944 se
952 2916 1066 2944 habet:
1082 2916 1127 2950 *Ἵ-
1139 2916 1208 2943 Α111
1225 2915 1329 2942 Molto
1344 2915 1413 2942 R.di
1428 2915 1460 2942 in
1469 2915 1561 2943 chro.
1572 2915 1674 2942 Padri
1690 2919 1724 2943 et
1735 2915 1822 2942 Fra·

174 2963 248 2990 telli
262 2963 352 2991 della
367 2963 503 2998 Comp.⁵²
518 2964 550 2991 di
567 2964 680 2991 Giesu.
698 2964 734 2991 [n
758 2964 930 2998 Peruggia
953 2967 986 2991 et
1009 2963 1173 2998 Ugubi0.„
1194 2963 1299 2996 Juxta
1320 2970 1421 2997 quam
1440 2963 1764 2997 superscriptionem
1778 2963 1811 2989 in

174 3014 299 3044 quarta
312 3011 438 3046 pagina
453 3011 523 3039 alia
537 3012 674 3046 scripsit
689 3019 821 3039 manus:
840 3011 945 3046 “1553,
961 3011 1045 3045 Qua.
1058 3011 1246 3044 Florentia,
1262 3017 1299 3037 x1
1313 3011 1344 3038 di
1360 3009 1460 3044 Feb.„

228 3058 242 3078 2
279 3058 315 3086 P.
331 3058 419 3093 Mag.
433 3059 630 3093 Alphonsus
645 3059 835 3087 Salmeron.
