2168 3437
367 274 446 311 662
871 271 1097 308 LITTERAE
1124 281 1482 314 QUADRIMESTRES

369 369 600 411 montensi
621 375 803 420 ageret,
837 369 1019 408 duobus
1049 368 1364 408 nobilissimus
1394 368 1510 409 viris
1539 369 1764 410 exercitia
1794 368 2002 410 Societa-

369 442 426 480 tis
446 440 681 492 praebuit,
707 451 906 491 quorum
933 440 1051 479 alter
1081 439 1430 489 beneficiarius,
1464 439 1602 479 unico
1632 439 1870 491 beneficio,
1903 440 2004 479 reli-

368 512 470 562 quis
503 511 778 562 resignatis,
812 516 1058 550 contentus
1085 522 1187 550 esse
1217 510 1378 550 didicit
1412 511 1495 550 sub
1524 510 1678 550 Patris
1712 511 1998 562 magisterio.

368 583 518 633 Quam
539 582 831 632 fragrantem
853 580 1101 622 Societatis
1134 581 1325 621 odorem
1356 582 1597 633 utriusque
1627 581 1781 622 Patris
1810 582 1962 622 nostri
1993 581 2002 600 ¹

366 654 490 693 fama
518 653 565 692 in
598 652 801 693 dioecesi
837 652 1203 693 Claramontana
1239 653 1486 704 sparserit,
1522 653 1567 693 id
1600 653 1738 693 facile
1772 659 2003 693 testantur

367 725 529 764 literae
550 723 610 763 ad
630 735 716 764 nos
737 723 919 764 delatae
942 729 986 764 et
1007 723 1405 764 Auverniensium
1422 725 1682 764 incolarum
1698 724 2001 775 flagrantissi

366 807 493 835 mum
514 795 796 835 desiderium
818 802 862 835 et
885 806 999 846 erga
1020 794 1268 835 Societatis
1291 795 1524 835 coloniam
1545 794 1755 836 affectus.

445 866 646 906 Proinde
667 866 836 906 mirum
859 878 944 906 nos
967 874 1064 906 tam
1086 866 1307 906 acerbam
1327 866 1539 906 Lutetiae
1566 867 1664 918 pati
1692 867 1930 918 repulsam
1960 872 2005 905 et

366 938 664 989 pervicacem
690 937 929 977 hominum
966 946 1120 977 mente
1152 943 1480 988 corruptorum
1513 938 1825 989 proterviam,
1865 949 2006 989 quam

366 1009 594 1049 Dominus
613 1008 750 1061 Jesus
780 1008 989 1058 potentia
1015 1008 1202 1048 virtutis
1234 1020 1346 1048 suae
1373 1009 1516 1048 semel
1542 1008 1861 1059 supplantabit
1893 1019 2003 1048 con-

367 1080 674 1131 culcabitque.
713 1079 823 1119 Post
850 1079 1004 1119 Patris
1033 1079 1233 1119 reditum
1262 1092 1320 1119 ex
1347 1079 1590 1119 Auvernia
1617 1091 1775 1119 mense
1803 1079 2004 1119 Februa-

367 1152 457 1201 rio,
495 1150 768 1191 Praefectus
804 1150 975 1190 Montis
1016 1150 1188 1201 Argini
1222 1150 1251 1200 ²,
1289 1151 1459 1201 viginti
1492 1151 1696 1203 quinque
1729 1150 2006 1190 milliaribus

367 1222 552 1274 gallicis
586 1222 771 1262 Lutetia
807 1221 979 1273 dissiti,
1016 1227 1213 1262 conatus
1240 1227 1309 1261 est
1339 1221 1467 1262 Patri
1496 1221 1782 1273 persuadere
1813 1227 1862 1262 ut
1892 1222 2009 1262 duos

369 1292 459 1345 [ex]
497 1293 813 1333 confratribus
843 1292 1136 1344 juventutem
1166 1292 1417 1333 edocturos
1451 1304 1563 1333 suae
1594 1293 1697 1333 urbi
1731 1292 2002 1343 destinaret,

367 1365 532 1417 quibus
565 1364 852 1404 domicilium
880 1370 923 1404 et
950 1364 1077 1404 vitae
1110 1364 1380 1404 necessaria
1414 1363 1646 1415 impendia
1683 1364 2005 1404 subministra-

368 1442 541 1476 rentur.
566 1435 629 1475 At
649 1435 806 1485 Pater,
829 1434 1028 1475 fratrum
1050 1435 1222 1486 exiguo
1243 1446 1439 1475 numero
1461 1434 1656 1486 objecto,
1681 1447 1731 1475 se
1753 1447 1806 1475 eo
1828 1441 2001 1486 tempo-

366 1507 430 1546 ris
452 1507 652 1547 articulo
683 1507 810 1546 votis
835 1507 982 1558 ipsius
1010 1506 1286 1546 satisfacere
1316 1518 1455 1557 posse
1484 1506 1700 1557 negavit;
1730 1518 1823 1546 non
1847 1513 2005 1546 tamen

367 1589 552 1618 omnem
573 1577 614 1618 ei
634 1589 765 1629 spem
785 1577 928 1617 futuri
949 1588 1197 1617 successus
1219 1576 1405 1617 ademit.
1430 1576 1566 1618 Certe
1586 1577 1828 1628 rogandus
1860 1579 2005 1617 coele-

366 1650 449 1689 stis
475 1649 550 1688 ille
581 1649 807 1700 agricola,
830 1647 984 1688 Autor
1015 1654 1059 1688 et
1089 1647 1321 1688 Dominus
1354 1648 1534 1699 messis,
1567 1654 1618 1688 ut
1652 1648 1834 1688 emittat
1868 1659 2008 1700 quam

368 1720 585 1760 ocissime
613 1720 855 1771 operarios
885 1719 932 1759 in
957 1719 1145 1759 vineam
1174 1730 1322 1759 suam.
1357 1718 1570 1770 Plerique
1600 1720 1723 1759 enim
1751 1731 1837 1759 nos
1872 1719 2006 1759 desti-

366 1797 499 1832 tuunt
520 1790 769 1842 diligentes
790 1791 878 1831 hoc
901 1791 1143 1831 saeculum
1163 1789 1190 1830 ³.

446 1862 586 1903 Pater
607 1869 780 1912 noster,
806 1873 990 1913 semper
1021 1861 1237 1901 coelestis
1270 1862 1533 1901 vocationis
1563 1873 1755 1911 memor,
1788 1863 2005 1914 spiritali-

366 1934 451 1973 bus
487 1933 876 1985 occupationibus
911 1933 1073 1973 sedulo
1110 1933 1337 1983 intentuS,
1376 1933 1422 1972 in
1457 1944 1649 1973 carcere
1689 1934 2007 1975 confessiones

367 2005 634 2046 vinctorum
663 2005 813 2055 audit,
844 2005 891 2044 in
919 2004 1034 2044 aede
1062 2016 1201 2044 sacra
1231 2003 1404 2044 Sancto
1433 2003 1634 2044 Cosmae
1662 2005 1825 2046 diebus
1858 2005 2009 2057 profe-

368 2077 474 2126 stis,
513 2076 663 2117 sacris
699 2088 814 2116 vero
842 2077 889 2116 in
918 2076 1121 2116 Abbatia
1151 2074 1314 2115 Sancti
1342 2075 1588 2126 Germani;
1624 2087 1709 2127 pro
1737 2088 1866 2116 more
1901 2088 2010 2116 con-

366 2154 590 2199 suetoque
612 2147 904 2188 infirmorum
925 2147 1066 2187 aedes
1086 2147 1367 2198 frequentat.

447 2218 566 2268 Duo,
590 2218 719 2259 hisce
740 2219 968 2270 proximis
991 2218 1173 2258 duobus
1196 2218 1457 2268 mensibus,
1481 2217 1635 2258 Patris
1654 2218 1904 2270 praesidio,
1929 2217 2009 2259 So-

369 2290 550 2330 cietatis
573 2290 810 2330 exercitiis
832 2289 1033 2330 instituti
1058 2296 1182 2340 sunt,
1201 2300 1402 2341 quorum
1423 2290 1556 2339 alter,
1580 2289 1802 2340 prosapia
1826 2289 2007 2340 nobilis,

369 2361 632 2401 vocationis
668 2373 781 2401 suae
818 2361 1110 2410 instinctum,
1149 2372 1286 2412 quem
1320 2360 1421 2400 Deo
1451 2360 1634 2400 auctori
1669 2360 1903 2409 attribuit,
1936 2361 2010 2412 pie

421 2524 430 2542 ¹
470 2522 625 2557 Scilicet,
641 2523 755 2550 Patris
777 2521 952 2549 Paschasii
977 2521 1078 2548 Bro'e‘t
1101 2521 1239 2556 ejusque
1261 2522 1293 2548 in
1315 2520 1584 2547 Claramontana
1605 2520 1750 2547 dioecesi
1772 2520 1872 2553 socii,
1896 2520 2010 2547 Patris

369 2571 567 2606 Hieronymi
583 2571 629 2598 Le
651 2570 730 2597 Bas.

420 2619 433 2637 2
470 2618 602 2645 ,Montis
622 2618 751 2651 Argiui
771 2617 947 2651 perspicue
970 2616 1151 2643 admodum
1172 2619 1223 2643 est
1245 2615 1278 2642 in
1300 2616 1527 2650 autographo.
1550 2615 1620 2642 Vix
1643 2620 1757 2642 tamen
1781 2615 1918 2642 dubium
1938 2622 2010 2642 esse

368 2671 478 2699 potest
493 2673 683 2693 sermonem
699 2664 772 2692 fieri
787 2665 827 2692 de
842 2665 924 2692 urbe
939 2664 1156 2697 Montargz's,
1171 2671 1272 2698 quam
1287 2664 1335 2690 sic
1351 2663 1513 2690 describit
1535 2663 1709 2690 FERRAm:
1735 2662 2010 2696 “Montargiutm

368 2714 566 2745 Montargis,
583 2714 668 2740 urbs
685 2713 824 2740 Galliae
838 2712 972 2746 lepida,
988 2712 1024 2739 in
1037 2711 1225 2746 provincia
1242 2711 1388 2738 Insulae
1403 2711 1593 2741 Franciae,
1607 2712 1639 2738 et
1655 2711 1692 2738 iu
1716 2710 1880 2737 Vastinz'o
1895 2712 2012 2737 tractu

370 2762 414 2787 ad
429 2761 584 2795 Lupiam
594 2761 772 2796 fluvium,
787 2760 834 2787 25
849 2760 960 2787 leucis
977 2767 997 2785 α
1014 2759 1171 2790 Lutetia,
1187 2759 1222 2785 iu
1238 2760 1415 2785 austrum.
1432 2757 1596 2785 Castrum
1618 2758 1723 2785 habet
1745 2758 1949 2792 antiquum.
1970 2756 2011 2784 18

369 2809 479 2836 leucis
495 2809 605 2835 dislat
626 2809 668 2835 ab
693 2807 850 2835 Aureliis
869 2808 905 2834 in
928 2808 1081 2840 ortum.„
1103 2805 1256 2833 Lexicon
1281 2805 1660 2840 g‹2›ograplzicunz.—Ita
1682 2805 1817 2839 quidem
1838 2804 2010 2832 intellexit

371 2856 544 2883 pommus
560 2857 591 2883 in
608 2856 792 2888 Chronico,
807 2860 830 2883 t.
847 2863 896 2889 IV,
911 2855 984 2889 ubi,
1002 2855 1082 2882 lieet
1097 2854 1227 2881 scribat
1240 2853 1371 2880 Montis
1386 2854 1546 2886 Arginiz',
1561 2853 1655 2880 addit
1672 2858 1802 2880 tamen:
1829 2853 1843 2866 “
1854 2859 1939 2887 quae
1962 2852 2013 2879 vi-

372 2904 455 2935 cinti
472 2908 617 2938 quatuor
633 2903 765 2937 exiguis
780 2903 885 2930 leucis
900 2902 1041 2929 Lutetia
1062 2902 1168 2929 distat
1180 2922 1204 2935 „.

424 2951 437 2969 3
475 2951 536 2978 His
550 2951 681 2984 verbis,
698 2959 784 2985 quae
799 2951 888 2977 linea
903 2950 1128 2977 subterducta
1145 2948 1178 2976 in
1193 2949 1410 2983 autographo
1426 2949 1589 2976 distincta
1604 2956 1623 2976 a
1642 2948 1790 2975 caeteris
1810 2952 1905 2981 sunt,
1928 2947 2011 2975 indi-

374 2998 445 3025 cari
461 2999 595 3026 videtui·
617 3000 780 3033 quosdam
796 2998 897 3025 fuisse
912 2998 974 3025 hoc
991 3002 1143 3032 tempore
1160 2997 1318 3030 Parisiis,
1335 2997 1389 3031 qui
1405 3005 1424 3024 a
1437 2997 1609 3031 proposito
1625 2995 1806 3023 Societatis
1824 2995 2011 3030 ingredien-

373 3047 435 3072 dae
451 3050 483 3073 et
496 3047 596 3081 juxta
611 3047 683 3081 ejus
699 3046 893 3074 institutum
908 3046 940 3073 in
956 3045 1089 3073 Domini
1105 3046 1206 3073 vinea
1223 3045 1399 3072 laborandi
1417 3045 1603 3072 descivere.
1619 3044 1725 3071 Unius
1745 3044 1868 3071 saltem
1888 3043 1937 3070 ita
1958 3042 2012 3069 de-

375 3093 517 3120 ficientis
534 3094 685 3121 meminit
702 3094 789 3121 infra
806 3094 893 3121 idem
910 3094 1143 3128 Clayssonius.
