2168 3437
895 274 979 311 AN.
1011 273 1102 310 1554
1743 266 1815 305 533

174 376 274 422 bat,
296 373 461 426 paucis
482 379 588 424 post
609 372 771 412 diebus
792 372 1086 412 discessurus
1106 369 1316 410 Melitam
1338 366 1599 416 ferebatur;
1632 371 1810 416 praete-

171 458 253 486 rea
275 456 370 485 nox
392 450 492 484 erat
512 454 599 483 nec
619 448 768 483 tutum
789 443 903 482 satis
919 453 1116 494 puerum
1134 440 1180 480 id
1197 438 1423 491 temporis
1441 437 1592 477 solum
1610 435 1807 475 dimitte—

173 528 238 556 re.
273 515 516 556 Commisit
550 513 819 554 domesticis
852 519 902 553 ut
932 523 1058 562 eum,
1090 511 1128 551 si
1164 515 1388 563 possunt,
1419 508 1646 548 emittant.
1670 506 1810 560 Jussu

173 587 374 627 ministri
396 598 515 626 unus
536 597 560 625 e
588 585 782 633 nostris,
813 583 961 623 inscio
986 582 1148 632 Patre,
1180 586 1427 632 acceptum
1452 578 1659 619 brachiis
1680 576 1810 617 effert

173 658 371 708 foribus3
394 663 492 697 tum
512 656 586 696 ille
614 656 921 696 lachrimans:
953 653 1155 704 Spiritus
1183 651 1361 703 (inquit)
1393 649 1594 691 Sanctus
1616 649 1707 688 huc
1735 660 1809 688 me

174 729 317 778 misit;
342 740 429 768 vos
456 726 638 768 eiicitis.
661 726 758 766 Nec
787 731 945 766 tamen
971 725 1121 764 elatus
1149 722 1385 772 discessit,
1415 720 1519 771 sed,
1553 721 1713 760 clausa
1744 719 1810 770 ja-

172 812 289 851 nua,
321 810 461 851 super
495 798 653 838 limine
683 797 875 837 sedebat
904 801 1068 835 tacens
1099 806 1154 834 ac
1183 804 1392 844 gemens.
1422 791 1508 831 His
1543 797 1639 831 tam
1670 790 1811 830 certis

174 877 363 923 tamque
385 869 646 920 insignibus
668 868 852 908 indiciis
873 866 982 907 boni
999 872 1043 906 et
1065 863 1324 905 constantis
1342 862 1484 902 animi
1501 868 1653 902 motus
1671 860 1812 901 Pater

173 942 357 982 admitti
396 942 443 982 in
483 941 673 980 domum
710 937 1003 991 probationis
1033 935 1193 988 jussit,
1231 935 1389 985 sicque
1427 932 1811 984 perseverantiae

173 1013 453 1064 praemium,
478 1011 603 1063 quod
618 1016 887 1062 optaverat,
910 1009 1081 1050 retulit.

255 1083 482 1134 Magnum
509 1088 578 1123 est
607 1080 856 1122 Societatis
891 1079 1026 1131 hujus
1055 1080 1102 1119 in
1130 1080 1219 1119 hac
1258 1079 1372 1119 urbe
1406 1089 1602 1127 nomen,
1637 1087 1811 1127 magna

175 1154 482 1205 existimati03
516 1153 699 1194 animus
728 1153 958 1192 bonorum
986 1150 1194 1191 omnium
1211 1161 1267 1190 ac
1289 1149 1435 1189 ferme
1452 1148 1812 1200 praecipuorum

173 1225 308 1266 nobis
329 1224 728 1274 devinctissimUS,
753 1221 885 1274 cujus
901 1222 969 1262 rei
986 1221 1097 1262 illud
1115 1221 1255 1261 etiam
1272 1220 1331 1260 sit
1347 1219 1571 1260 indicium
1593 1218 1716 1270 quod
1736 1217 1809 1270 Ju-

175 1297 266 1337 rati
287 1296 495 1337 civitatis
515 1295 829 1346 noningentas
851 1294 1037 1344 uncias,
1060 1292 1149 1333 hoc
1171 1298 1261 1342 est,
1283 1291 1354 1331 bis
1370 1291 1494 1331 mille
1514 1290 1740 1330 ducentos
1757 1300 1812 1328 ac

173 1367 518 1420 quinquaginta
535 1371 809 1416 coronatos,
830 1365 1039 1415 Collegio
1056 1363 1215 1415 largiti
1231 1368 1359 1413 sunt,
1379 1362 1439 1402 ad
1455 1360 1678 1402 emendas
1696 1360 1812 1400 duas

176 1438 402 1479 nobilium
420 1439 583 1478 domos
600 1469 607 1487 ‚
637 1448 756 1489 quae
774 1435 1151 1476 commodissime
1169 1433 1402 1486 quadrare
1428 1432 1637 1483 Collegio
1653 1431 1811 1471 viden-

175 1516 268 1550 tur.
291 1509 580 1550 Numerandi
596 1514 843 1560 praeterea
859 1506 1143 1559 septingenti
1160 1512 1204 1546 et
1221 1504 1564 1557 quinquaginta
1581 1502 1810 1552 coronati;

177 1582 326 1622 tribus
349 1582 473 1622 enim
493 1586 827 1621 coronatorum
847 1578 1048 1619 millibus
1068 1576 1288 1617 venditae
1304 1576 1512 1624 fuerunt;
1531 1573 1613 1614 sed
1630 1574 1716 1613 hos
1733 1579 1812 1613 aut

177 1652 460 1704 Collegium,
485 1652 524 1692 si
545 1651 731 1703 quando
753 1650 924 1702 possit,
957 1649 1201 1698 dissolvet,
1235 1653 1315 1688 aut
1346 1659 1374 1687 a
1402 1646 1579 1699 Juratis
1606 1645 1708 1686 aliis
1736 1657 1814 1696 pe-

179 1730 276 1764 tere
298 1724 420 1765 dono
442 1736 536 1764 non
557 1722 799 1763 dubitabit.

256 1795 308 1836 In
328 1794 489 1835 Sancti
509 1794 710 1846 Philippi
733 1792 742 1812 ¹
765 1793 1019 1834 Abbatiam
1039 1792 1252 1842 mittitur,
1277 1790 1355 1842 qui
1377 1789 1623 1830 dominicis
1651 1788 1813 1828 diebus

182 1866 277 1906 illic
307 1866 626 1906 concionetur.
658 1865 709 1905 In
735 1865 879 1905 Italae
906 1875 1088 1915 quoque
1116 1862 1366 1912 coenobio,
1399 1861 1445 1901 in
1480 1872 1571 1913 quo
1607 1860 1811 1900 Abbatia

178 1936 399 1988 Proregis
419 1937 555 1977 fratri
575 1937 746 1976 collata
767 1942 837 1976 est
858 1936 896 1986 ‘·',
921 1935 1011 1975 duo
1033 1934 1247 1975 habitant
1269 1945 1329 1973 ex
1348 1933 1546 1982 nostris;
1577 1931 1631 1972 R.
1662 1931 1711 1972 P.
1741 1931 1811 1971 El-

174 2007 331 2059 pidius
359 2014 403 2048 et
430 2007 788 2060 panormitanus
813 2007 1025 2060 Joannes
1048 2006 1275 2057 Baptista,
1311 2004 1377 2044 illi
1405 2004 1584 2054 sociuS‚
1618 2009 1815 2053 egerunt

175 2079 268 2119 illic
297 2091 323 2119 a
354 2079 486 2119 festis
511 2079 692 2119 Natalis
726 2077 978 2118 Dominici.
1008 2076 1304 2129 sperandum
1333 2082 1403 2116 est
1430 2074 1735 2115 concionibus
1757 2086 1812 2114 ac

172 2150 452 2190 lectionibus
472 2150 521 2190 Ρ.
553 2150 723 2202 Elpidii
752 2162 852 2207 nonv
874 2149 1014 2189 rudes
1041 2154 1223 2189 tantum
1253 2148 1354 2187 illos
1376 2147 1571 2198 populos
1600 2145 1681 2185 sed
1708 2146 1812 2185 illos

174 2233 360 2273 quoque
381 2221 640 2261 monachos
660 2219 868 2272 adjutum
890 2220 962 2260 iri.

251 2291 307 2332 R.
330 2292 379 2333 P.
402 2292 706 2343 Praepositus
722 2291 735 2310 ⁵
753 2304 846 2332 una
865 2303 971 2332 cum
987 2290 1209 2342 Prorege,
1229 2290 1376 2329 altero
1397 2301 1424 2329 a
1441 2287 1814 2329 circumcisionis

168 2361 363 2403 Domini
378 2363 466 2414 die,
481 2363 763 2404 Panormum
779 2363 1041 2414 navigavit3
1061 2361 1275 2402 adversis
1292 2366 1450 2401 autem
1465 2359 1619 2400 ventis
1637 2359 1814 2410 aliquot

176 2433 276 2474 dies
306 2433 428 2474 Milis
458 2433 474 2452 4
503 2434 781 2475 commorati
811 2440 939 2485 sunt,
976 2433 1054 2473 ubi
1088 2432 1275 2472 interim
1307 2431 1542 2483 hospitale
1577 2429 1811 2481 quoddam

172 2516 319 2556 opera
341 2504 549 2557 ejusdem
570 2505 620 2545 P.
643 2505 907 2545 institutum
926 2504 1070 2544 fuisse
1092 2503 1375 2555 accepimus.

253 2575 383 2616 Haec
405 2582 532 2627 sunt,
556 2576 696 2616 Pater
723 2577 916 2627 optime,
946 2587 1065 2628 quae
1092 2587 1217 2615 nunc
1246 2574 1415 2615 offerre
1442 2584 1710 2625 possumus.
1741 2572 1812 2612 Tu

172 2658 287 2687 vero
308 2658 393 2698 pro
415 2654 493 2687 tua
516 2647 802 2699 benignitate
823 2648 1018 2698 ignosce
1039 2647 1252 2687 inscitiae
1273 2651 1465 2686 nostrae
1487 2650 1626 2696 atque
1656 2655 1810 2684 socor-

170 2716 291 2768 diae,
312 2729 452 2769 quam
468 2724 517 2758 ut
534 2718 763 2768 excitare,
783 2719 924 2758 immo
940 2729 1135 2769 prorsus
1153 2716 1375 2768 abjicere,
1394 2716 1585 2756 tandem
1602 2715 1810 2767 aliquan-

230 2950 238 2966 ¹
279 2947 427 2975 Sanctae
443 2947 571 2975 Mariae
587 2948 677 2976 del-la
692 2948 829 2982 Grotta.
845 2949 998 2976 Abbatia
1014 2948 1219 2976 Messanensi
1236 2948 1389 2982 Collegio
1401 2949 1583 2976 attributa.

227 2995 240 3013 2³
279 2995 365 3022 Vide
381 2996 413 3022 in
429 2995 596 3029 POLANco,
612 2996 747 3029 Clzron„
761 3000 784 3024 t.
801 3004 847 3030 111,
864 3003 942 3030 pag.
959 2996 1021 3029 202,
1037 3001 1150 3023 annot.
1165 2996 1192 3022 3.

228 3042 241 3060 ⁵
280 3042 317 3069 P.
333 3042 562 3078 Hieronymus
577 3042 783 3077 Domenech,
799 3044 969 3070 universis
984 3044 1015 3070 in
1033 3042 1150 3070 Sicilia
1166 3043 1267 3070 sociis
1280 3043 1508 3077 praepositus.

226 3090 242 3109 4
279 3089 366 3117 Vide
381 3089 529 3117 POLANc1
548 3090 682 3123 (ῥΙινοηυ
699 3094 723 3117 t.
744 3098 786 3124 11,
802 3098 880 3125 pag.
896 3091 968 3118 552.-
