2168 3437
284 274 356 311 314
803 271 1030 308 LITTERAE
1057 280 1416 313 QUADRIMESTRES

287 372 374 411 bus
396 377 439 410 et
460 371 564 409 lacu
595 368 933 420 desperationis
962 367 1022 408 ad
1047 367 1349 407 serenitatem
1379 367 1563 418 quietae
1589 367 1717 406 vitae
1745 352 1927 406 reducti

289 448 409 481 sunt.
433 441 537 480 Una
558 439 671 479 mihi
697 439 857 478 retulit
885 438 1057 489 (proba
1084 443 1242 478 tamen
1269 449 1324 477 ac
1354 449 1528 489 magna
1554 438 1601 477 in
1629 437 1802 477 mundo
1832 448 1923 477 ma-

288 511 441 561 trona)
464 510 553 550 nisi
575 511 663 549 hoc
684 508 1032 560 impedivissem
1054 508 1362 548 confessionis
1382 508 1709 557 medicamine,
1734 507 1857 559 quod
1877 519 1926 548 se

289 581 469 633 pridem
490 581 612 620 mala
634 579 945 619 interemisset
965 584 1129 619 morte.
1162 579 1272 619 Alia
1301 590 1486 630 quoque
1514 590 1572 619 ex
1601 579 1927 630 desperatione

288 652 346 692 ob
381 651 573 691 nimiam
606 650 899 690 iracundiam
933 661 1114 689 veneno
1146 661 1194 689 se
1223 661 1392 690 necare
1427 650 1611 700 volens,
1652 649 1824 689 infecta
1856 651 1928 698 (ut

287 723 391 773 ipsa
412 721 729 771 existimabat)
753 732 835 760 seu
854 727 1088 760 venenata
1110 732 1249 772 poma
1271 732 1432 760 secum
1453 720 1688 771 auferens,
1713 721 1927 760 clanculo

289 792 624 843 manducabat;
649 798 696 831 at
718 791 851 831 aliter
873 791 1032 831 divina
1061 792 1336 843 disponente
1367 791 1636 841 clementia,
1667 791 1726 831 ad
1753 790 1928 831 confes-

288 864 468 903 sionem
497 863 651 914 venit3
681 874 800 914 quae
828 863 966 913 paulo
995 868 1100 913 post
1127 862 1324 913 pristino
1352 862 1509 902 mariti
1535 861 1832 913 familiaeque
1860 873 1928 901 re—

290 935 452 974 stituta
474 934 644 984 amori,
670 934 717 973 in
737 933 859 973 bono
883 932 1141 973 ferventius
1161 932 1370 984 proficit,
1395 933 1581 984 saepius
1604 932 1663 972 ad
1684 931 1928 972 Sanctissi-

289 1017 394 1046 mae
435 1004 600 1045 Matris
637 1004 877 1044 Ecclesiae
923 1003 1107 1044 rediens
1148 1009 1458 1044 sacramenta.
1506 1003 1727 1043 Nonnulli
1770 1003 1930 1043 itidem

290 1077 532 1128 utriusque
553 1088 694 1116 sexus
714 1075 923 1127 religiosi
945 1081 989 1115 et
1010 1076 1297 1123 saeculares,
1331 1075 1410 1127 qui
1439 1074 1639 1115 antehac
1670 1075 1829 1114 invido
1850 1086 1928 1114 no-

288 1154 417 1188 strae
439 1147 662 1188 Societati
684 1147 839 1187 animo
871 1147 1118 1186 detrahere
1147 1158 1342 1198 eamque
1370 1152 1668 1186 contemnere
1690 1151 1827 1197 atque
1850 1146 1932 1186 mi-

291 1230 435 1259 nuere
473 1219 562 1258 nisi
601 1218 809 1268 fuerunt,
850 1218 1061 1268 tandem,
1099 1217 1258 1258 divino
1298 1218 1344 1257 in
1383 1218 1675 1269 praecordiis
1714 1217 1931 1257 concussi

291 1290 566 1342 spiramine,
604 1302 698 1330 non
733 1289 873 1329 modo
909 1290 967 1329 ab
997 1289 1228 1340 obloquiis
1255 1289 1495 1339 destitere,
1529 1289 1611 1328 sed
1638 1289 1779 1328 etiam
1805 1288 1932 1328 ducti

292 1361 593 1413 poenitudine
614 1361 770 1401 multis
792 1361 1032 1400 lachrimis
1053 1361 1113 1400 ad
1135 1360 1480 1400 confessionem
1496 1366 1741 1400 venerunt.

371 1432 603 1473 Sacerdos
634 1432 836 1484 quidam,
873 1432 1020 1472 variis
1054 1432 1301 1472 intricatus
1336 1431 1508 1471 diaboli
1547 1431 1927 1481 charismatibus,

295 1506 490 1546 multum
510 1503 733 1555 temporis
754 1502 1007 1543 Missarum
1028 1503 1184 1543 omisit
1200 1503 1563 1543 celebrationem
1587 1508 1631 1542 et
1654 1502 1929 1550 orationem,

293 1576 451 1617 omnia
472 1574 669 1626 denique
689 1574 765 1626 pia
787 1585 931 1625 opera
952 1579 996 1613 et
1017 1573 1393 1623 exercitationes,
1417 1573 1585 1624 partim
1606 1573 1730 1624 quia,
1750 1572 1933 1612 abiecto

295 1647 467 1696 animo,
487 1657 536 1686 se
556 1650 860 1697 peccatorum
880 1656 1018 1697 posse
1038 1645 1300 1695 relinquere
1317 1644 1701 1684 consuetudinem
1718 1644 1933 1695 despera-

293 1719 389 1769 bat,
414 1717 584 1769 partim
605 1717 714 1768 quia
735 1716 821 1756 sibi
842 1727 1120 1767 persuasum
1140 1715 1343 1755 habebat
1364 1727 1419 1755 eo
1441 1715 1592 1767 magis
1620 1715 1829 1755 divinam
1857 1714 1933 1754 ad-

295 1800 463 1829 versus
485 1800 533 1828 se
554 1787 806 1839 provocari
827 1787 1064 1837 ultionem,
1089 1798 1180 1838 quo
1199 1787 1333 1837 plura
1354 1792 1433 1826 aut
1455 1786 1631 1827 diceret
1660 1793 1739 1826 aut
1759 1786 1937 1826 faceret

297 1860 418 1900 bona
441 1870 599 1910 opera,
623 1858 712 1898 nisi
734 1869 926 1909 prorsus
947 1863 1170 1909 peccator
1192 1869 1293 1897 esse
1315 1857 1563 1908 desineret,
1590 1858 1720 1897 iuxta
1742 1857 1935 1897 Psalmi-

295 1937 411 1981 stae,
432 1930 556 1982 quod
573 1930 808 1980 allegabat
822 1929 1010 1969 dictum:
1031 1928 1286 1968 Peccatori
1302 1932 1458 1968 antem
1475 1928 1603 1968 dixit
1621 1929 1769 1968 Dens:
1787 1939 1935 1979 quare

293 2007 349 2043 tn
367 2013 572 2042 enarras
592 2000 805 2040 iustitias
826 2011 955 2039 meas
970 2033 979 2049 ,
1002 2006 1088 2040 etc.
1118 1999 1239 2039 Hinc
1270 2011 1509 2051 nunquam
1539 1999 1774 2050 placidum
1811 1999 1937 2039 domi

294 2074 471 2114 forisve
497 2072 747 2113 ostendens
769 2073 965 2121 vultum,
989 2082 1218 2121 m01·OSUS,
1242 2077 1423 2121 torvus,
1448 2082 1532 2110 sua
1555 2071 1770 2110 molestia
1787 2076 1935 2110 totam

297 2144 528 2184 afficiebat
547 2143 787 2193 familiam,
811 2155 837 2182 a
861 2154 951 2194 quo
973 2149 1131 2182 autem
1147 2142 1282 2182 nobis
1299 2141 1466 2182 confite
1476 2142 1515 2181 ri
1533 2142 1699 2193 coepit,
1720 2141 1875 2181 omnia
1892 2141 1938 2181 in

298 2216 538 2256 meliorem
559 2215 759 2255 mutavit
777 2220 965 2265 statum,
986 2214 1113 2254 domi
1129 2214 1357 2265 placidus,
1376 2214 1489 2253 foris
1507 2225 1708 2265 magnae
1727 2212 1939 2253 aedifica-

297 2287 438 2328 tionis
477 2287 732 2337 exemplar,
775 2286 964 2336 saepius
1000 2284 1211 2325 confiteri
1246 2296 1301 2325 ac
1336 2284 1574 2325 celebrare
1609 2295 1938 2336 perseveranS,

300 2365 436 2410 prout
457 2359 584 2410 pium
607 2357 1009 2408 christianumque
1031 2356 1164 2396 decet
1185 2356 1495 2396 sacerdotem.

379 2429 477 2470 Nec
498 2430 588 2470 hac
609 2434 771 2469 nostra
787 2428 1033 2468 dumtaxat
1049 2427 1370 2467 Lovanienses
1386 2426 1604 2466 fruuntur
1621 2438 1779 2478 opera,
1799 2425 1881 2466 sed
1897 2431 1942 2466 et

303 2500 679 2550 Mechlinienses,
712 2499 1102 2550 Antuerpienses,
1136 2498 1330 2549 aliisque
1365 2498 1420 2538 de
1458 2498 1574 2537 locis
1613 2497 1943 2537 remotioribus

300 2572 392 2612 huc
431 2571 590 2611 sedulo
630 2570 940 2610 adventantes
960 2601 968 2620 ,
1009 2574 1113 2620 post
1152 2568 1495 2608 confessionem
1533 2568 1634 2608 sive
1672 2569 1942 2619 generalem

302 2644 460 2694 (quam
495 2641 681 2693 plurimi
706 2641 906 2689 faciunt)
938 2640 1038 2681 sive
1066 2651 1381 2690 communem,
1418 2639 1673 2679 Dominum
1699 2639 1943 2679 laudantes

302 2724 409 2753 cum
430 2713 603 2764 gaudio
627 2718 671 2752 et
693 2711 979 2751 exultatione
1001 2711 1190 2750 domum
1210 2710 1420 2750 redeunt.
1445 2710 1534 2750 Ubi
1555 2722 1668 2750 vero
1686 2709 1746 2750 ad
1765 2721 1851 2749 nos
1868 2721 1942 2749 ve-

303 2784 403 2824 nire
438 2796 531 2824 non
564 2784 695 2834 licet,
724 2783 786 2823 ibi
811 2788 971 2822 noster
1000 2782 1194 2821 multum
1222 2780 1515 2821 desideratur
1545 2780 1790 2820 adventus.
1826 2779 1943 2830 Ipsis

302 2855 431 2895 feriis
448 2855 513 2906 <ut
531 2854 718 2905 vocant)
736 2853 1163 2903 bacchanaliorum,
1185 2852 1391 2892 dictante
1409 2851 1609 2892 Domino
1627 2852 1764 2892 simul
1781 2857 1825 2891 et
1841 2862 1942 2891 san-

304 2932 381 2966 cta
403 2927 673 2966 consulente
695 2925 973 2975 obedientia,
998 2930 1220 2975 paternos
1241 2923 1435 2963 visitavi
1456 2923 1641 2973 limites,
1665 2922 1743 2962 ubi
1762 2921 1945 2974 praedi-

305 2997 393 3037 ctis
414 2997 590 3047 diebus,
614 2997 681 3036 uti
704 2996 918 3036 omnibus
939 2995 1036 3035 fere
1058 2995 1105 3034 in
1126 2994 1256 3045 locis,
1280 2999 1487 3034 nontam
1505 2992 1787 3033 christianos
1803 3004 1944 3044 quam

306 3067 514 3107 infideles
535 3079 585 3107 se
606 3068 818 3107 homines
839 3065 1101 3116 ostendunt,
1125 3065 1258 3117 quasi
1279 3064 1403 3104 licite
1426 3069 1470 3103 et
1490 3064 1581 3103 hoc
1602 3070 1813 3114 tempore
1834 3074 1940 3103 con-
