2168 3437
890 263 969 300 AN.
1004 263 1094 300 1554
1733 267 1804 305 523

250 358 410 410 Itaque
431 358 608 398 reuersi
631 358 766 398 ambo
789 365 896 399 sunt
928 359 1161 400 Lutetiam
1188 360 1336 412 pridie
1366 362 1545 402 dnicae.
1574 362 1801 403 Natiuita-

170 429 230 470 tis
249 461 257 480 ,
300 441 372 469 me
410 429 558 480 pridie
596 429 771 471 feriaru
813 429 1028 480 Apostoli
1065 430 1285 472 Andreae
1325 440 1433 473 ante
1472 445 1551 474 eos
1589 446 1796 475 reuerso.

169 499 290 540 R.d1¹S
318 500 456 540 Pater
490 500 637 540 Dnus.
673 500 957 541 Paschasius
989 501 1114 552 apud
1142 503 1379 555 Episcopi-1
1411 504 1562 545 adhuc
1589 512 1801 546 moratur

168 572 370 622 negotiis
390 571 639 612 Societatis
661 572 880 621 intentus,
903 572 994 623 qui,
1019 573 1128 613 dum
1144 574 1234 613 loci
1251 574 1473 615 Societati
1490 576 1547 616 ab
1564 577 1799 628 Episcopo

170 641 389 682 destinati
405 643 595 683 videndi
611 649 714 694 gra,
733 643 933 685 Billoniu
952 655 1010 684 ex
1026 643 1151 684 Arce
1169 645 1389 697 Episcopi
1406 647 1643 698 profectus
1660 655 1798 699 esset,

169 712 424 753 honorario
453 714 585 764 vino,
616 725 642 753 a
671 714 872 765 Mgratu.
902 715 1173 755 Billoniensi
1208 717 1384 768 oblato,
1424 719 1682 759 honoratus
1712 726 1797 770 est,

169 796 283 835 erga
324 783 608 825 Societatem
641 785 844 837 plurimu
877 786 1062 826 affecto.
1101 786 1355 838 Sper-amus
1390 790 1597 830 maxima
1627 791 1802 831 laboris

168 856 317 895 nostri
347 867 565 907 messem,
594 856 641 896 in
670 856 759 897 hac
789 857 1060 897 Billoniensi
1086 857 1369 910 Academia,
1398 861 1649 912 aliquando
1678 863 1802 902 colli-

168 926 386 977 gendam.
405 927 552 967 Dnus.
572 927 835 980 Episcopus
851 928 1048 969 mirifico
1066 929 1235 969 affectu
1256 930 1406 971 Prem.
1427 933 1626 984 excepit,
1646 938 1690 973 et
1707 945 1800 973 ma-

168 998 295 1038 xima
317 1009 446 1049 spem
467 997 715 1039 Societatis
735 1000 1086 1051 promouendae
1107 1001 1242 1040 nobis
1263 1000 1428 1052 donat,
1452 1003 1635 1054 utrique
1667 1005 1799 1044 colle-

166 1068 258 1120 gio,
283 1074 332 1109 tu
353 1068 622 1121 parisiensi,
646 1077 744 1110 tum
764 1070 1051 1122 Billoniensi‚
1074 1072 1319 1122 promissis
1340 1073 1610 1114 redditibus.

245 1140 466 1181 Facultas
487 1141 752 1193 theologica
774 1142 888 1182 nihil
905 1142 1001 1193 egit
1022 1141 1077 1182 de
1092 1143 1267 1183 nostris
1284 1144 1557 1195 priuilegiis.
1580 1145 1800 1186 Proximo

168 1209 312 1262 Regis
333 1212 538 1252 aduentu
559 1212 713 1264 (quem
734 1213 864 1253 aiunt
886 1213 1144 1262 imminere)
1173 1213 1371 1265 Regiam
1402 1215 1675 1256 facultatem
1695 1217 1800 1258 libe-

166 1293 268 1322 ram
290 1289 334 1322 et
356 1283 730 1334 irrefragabilem
752 1284 1005 1336 impetrare
1033 1284 1338 1325 studebimus.
1368 1285 1517 1327 Dnus.
1541 1287 1676 1340 Jesus
1706 1289 1801 1328 uni-

163 1365 302 1393 uersa
331 1354 526 1394 consilia
553 1355 833 1407 negotiaque
863 1354 991 1396 R.dae
1021 1355 1323 1396 Paternitatis
1356 1362 1478 1407 tuae,
1509 1364 1648 1410 atque
1685 1359 1800 1399 adeo

164 1423 415 1465 Societatis
426 1431 630 1475 nostrae,
650 1438 932 1478 prosperare
945 1433 989 1467 et
1004 1426 1229 1478 perficere
1248 1428 1480 1479 dignetur,
1501 1430 1578 1480 qui
1596 1429 1800 1470 Paterni-

165 1501 311 1536 tatem
332 1502 464 1537 tuam
487 1497 622 1537 nobis
643 1497 720 1538 diu
741 1504 899 1538 seruet
919 1498 1199 1539 incolumem
1227 1498 1285 1539 ad
1313 1499 1537 1552 obsequii]
1565 1501 1799 1542 sanctissi-

169 1578 272 1607 mae
294 1567 555 1608 Maiestatis
577 1580 703 1609 suae.

243 1638 507 1679 Prolixitati
528 1651 660 1679 meae
681 1639 813 1680 dabis
829 1640 1030 1690 veniam,
1055 1643 1333 1691 argumento
1354 1641 1560 1682 uberiori
1580 1642 1702 1683 hanc
1725 1655 1800 1683 ex-

164 1715 372 1761 cusante,
397 1710 502 1762 quia
525 1711 726 1761 plurima
745 1717 1006 1762 praetereo,
1030 1724 1088 1752 ne
1121 1712 1168 1752 in
1188 1713 1408 1752 volumen
1437 1720 1684 1754 excrescat
1712 1715 1800 1766 epi-

165 1782 300 1820 stola.
324 1780 489 1821 Gratia
511 1781 619 1822 Dni.
643 1782 791 1822 nostri
810 1782 920 1835 Jesu
944 1782 1119 1823 Christi
1140 1789 1305 1834 regnet
1327 1789 1371 1824 et
1399 1785 1604 1825 abundet
1630 1785 1678 1825 in
1707 1786 1800 1826 ani-

164 1852 251 1892 mis
272 1853 461 1893 nostris.
483 1852 651 1893 Amen.

243 1922 367 1963 R.dae
389 1923 693 1965 paternitatis
721 1930 831 1964 tuae
858 1924 1102 1966 sacrificiis
1130 1932 1174 1966 et
1205 1927 1517 1978 orationibus,
1548 1927 1800 1979 itidemque

161 2000 347 2045 patrum
367 1993 658 2047 fratrumque
681 1996 838 2038 omniu
870 1997 1104 2047 precibus,
1127 1997 1333 2038 familiae
1354 2005 1545 2039 nostrae
1575 1999 1652 2050 pia
1683 1998 1801 2039 desi-

162 2064 291 2105 deria
312 2065 478 2117 iuuari,
501 2066 666 2107 humili
686 2068 1028 2119 supplicatione
1051 2068 1377 2120 efflagitamus.

241 2136 313 2176 Ex
335 2137 662 2178 commissione
683 2137 775 2178 R.di
796 2138 912 2180 Pris.
936 2139 1084 2179 nostri
1105 2139 1212 2180 Dni.
1252 2140 1496 2180 Paschasii
1522 2141 1677 2181 Broet.
1707 2140 1802 2180 Pri-

162 2206 235 2247 die
268 2207 560 2259 Epiphaniae
587 2208 760 2250 Christi
799 2210 915 2251 1554.
952 2211 1166 2251 Lutetiae
1191 2211 1447 2262 Parisioru,
1471 2224 1495 2252 e
1517 2212 1654 2252 domo
1677 2211 1801 2252 Clar-

163 2284 399 2319 montana.

242 2349 365 2389 R.<¹ae
388 2350 438 2390 Ρ.
462 2356 570 2391 tuae
591 2351 810 2403 indignus
831 2351 952 2393 filius
973 2364 1029 2393 ac
1049 2352 1253 2394 famulus
1276 2353 1744 2406 obsequentissimus,

726 2492 976 2534 ROBERTUS
1006 2494 1330 2536 CLAYssoNIUs
1362 2496 1640 2536 BRUGENSIs.

243 2703 599 2756 Superscrz'ptio
623 2704 672 2745 z‘n
694 2710 862 2747 octava
876 2707 1085 2759 pagina:
1105 2708 1207 2748 R.d0
1227 2709 1274 2748 in
1296 2708 1481 2749 Christo
1502 2708 1654 2759 Patri,
1677 2709 1798 2750 Dno.

160 2774 342 2826 Ignatio
365 2775 420 2815 de
441 2775 636 2827 Loyola,
660 2775 934 2829 Praeposito
958 2778 1110 2819 Gnali.
1131 2778 1381 2820 Societatis
1400 2779 1526 2832 Jesu.

241 2845 433 2886 Romae.

241 2917 391 2956 Manu
422 2917 642 2958 Polancz':
668 2917 977 2970 Parisiorum,
1010 2931 1035 2959 e
1063 2920 1200 2960 domo
1230 2920 1620 2972 Claramontana,
1649 2922 1799 2974 pridie

175 2987 469 3039 Epiphaniae
490 2988 598 3041 Xpi.
627 2989 742 3029 1554.
766 2989 915 3040 Quad.

256 3058 520 3110 Vestz‘gz'mn
542 3071 674 3100 cerae
695 3064 739 3100 et
759 3060 929 3111 sigilli.
