2168 3437
886 236 970 273 AN.
1000 236 1093 274 1554
1741 235 1812 272 053

176 335 404 386 inscripta
427 334 737 375 continentur.
761 334 866 374 Fuit
887 334 975 373 hoc
997 344 1114 384 opus
1135 344 1345 373 summae
1366 332 1579 372 utilitatis
1606 337 1651 371 et
1674 343 1808 383 spua-

174 406 243 445 lis.
269 405 502 446 commodi
522 411 619 445 tam
639 405 804 445 incolis
826 404 1031 444 civitatis
1052 415 1191 455 quam
1211 403 1426 455 paganis.
1459 402 1579 442 Nam
1606 402 1702 453 hic,
1732 402 1811 442 ubi

173 477 355 528 pueruli
376 476 648 516 iuramentis
670 476 920 516 utebantur
940 475 1206 524 horrendiS,
1237 474 1375 514 modo
1407 485 1502 513 non
1530 474 1678 513 solum
1706 485 1808 525 par-

173 547 270 587 vuli
309 547 391 587 sed
428 547 568 587 etiam
605 546 884 597 grandiores
922 546 970 585 in
1008 546 1175 597 quavis
1214 556 1263 584 re
1304 544 1559 584 asserenda
1605 547 1727 584 certe
1766 550 1811 584 et

174 619 315 659 hmoi.
352 617 468 657 alias
502 617 747 657 dumtaxat
781 616 1115 656 affirmationes
1150 615 1322 655 addere
1359 621 1687 655 consuescunt.
1721 615 1809 655 De-

173 694 445 739 cretumque
480 694 569 737 est,
608 694 656 727 ut
686 687 764 738 qui
793 687 1025 727 iurantem
1060 687 1261 738 aliquem
1292 685 1558 736 offenderit,
1597 685 1811 725 eumdem

173 759 394 799 continuo
422 757 671 798 admoneat
698 764 742 798 et
771 757 1095 798 iusiurandum
1121 769 1147 796 a
1176 768 1224 797 se
1246 757 1423 797 factum
1450 757 1658 796 modeste
1687 767 1810 796 com-

173 835 420 879 memoret3
443 828 650 879 alioquin
672 828 884 868 eamdem
905 828 1148 877 mulctam,
1173 839 1291 878 quae
1322 827 1497 867 iuranti
1524 827 1676 867 fuerat
1707 839 1810 878 pro-

172 901 346 953 posita,
370 900 489 951 ipse,
514 900 591 951 qui
613 911 840 939 accusare
860 899 1145 949 negligeret,
1170 898 1374 950 pendere
1398 904 1616 949 cogatur,
1651 910 1741 949 quo
1762 897 1811 937 fit

174 977 222 1011 ut
248 971 330 1011 vix
359 982 478 1010 unus
507 970 635 1022 loqui
663 970 877 1021 incipiat,
909 980 1015 1009 cum
1042 975 1230 1020 praesto
1263 968 1434 1008 habeat
1466 975 1808 1009 accusatorem.

172 1042 417 1082 Institutae
454 1048 561 1081 sunt
597 1041 963 1092 supplicationes
998 1039 1194 1090 singulis
1229 1039 1365 1079 annis
1399 1040 1445 1079 in
1484 1038 1603 1079 festo
1645 1040 1809 1079 dulcis-

173 1113 279 1153 simi
312 1113 429 1153 nois.
459 1112 570 1165 Jesu
598 1111 981 1163 propositumque
1012 1116 1081 1150 est
1115 1116 1164 1150 ut
1199 1110 1396 1161 singulis
1426 1110 1686 1150 Dominicis
1721 1110 1809 1150 die-

173 1185 260 1224 bus
282 1183 607 1234 dignissimum
628 1183 801 1222 Missae
828 1182 1110 1222 sacrificium
1139 1181 1454 1221 celebraretur
1486 1181 1542 1221 de
1575 1181 1813 1232 congestis

174 1255 385 1306 pecuniis
416 1267 474 1294 ex
501 1253 705 1304 mulctis,
729 1259 774 1293 et
804 1253 1032 1304 reliquum
1064 1252 1123 1292 ad
1155 1251 1438 1292 Societatem
1462 1252 1813 1292 misericordiae

175 1325 449 1366 deferretur.
493 1325 643 1364 Docet
670 1330 916 1375 praeterea
943 1323 1018 1363 Pr.
1052 1323 1299 1374 aliquoties
1334 1323 1557 1373 parvulos
1591 1323 1813 1362 mandata

172 1396 453 1448 vespertinis
486 1396 615 1436 horis
646 1396 692 1435 in
721 1395 910 1434 modum
941 1394 1102 1434 suavis
1133 1393 1395 1433 cantilenae
1425 1393 1483 1433 ad
1514 1393 1813 1433 devotionem

171 1468 379 1508 animum
419 1466 778 1516 commoventis,
821 1466 953 1506 cuius
993 1465 1301 1505 delectatione
1342 1471 1386 1504 et
1422 1465 1656 1504 suavitate
1697 1465 1811 1504 anti-

171 1550 312 1590 quam
332 1537 669 1590 turpitudinem
690 1537 1025 1577 dedidicerunt.
1049 1535 1243 1587 Insuper
1266 1535 1325 1575 ad
1347 1535 1421 1575 dei
1442 1536 1644 1585 gloriam
1668 1541 1711 1575 et
1735 1547 1812 1575 no-

171 1615 378 1650 strorum
414 1615 718 1660 peccatorum
746 1607 1026 1659 supplicium
1053 1612 1098 1646 et
1126 1606 1328 1646 Eccliae.
1361 1607 1610 1646 universae
1644 1606 1812 1646 utilita-

170 1688 263 1720 tem
299 1680 510 1720 instituta
546 1686 614 1719 est
651 1679 848 1730 singulis
883 1678 1028 1718 sextis
1058 1677 1211 1728 feriis,
1249 1678 1295 1717 in
1330 1678 1482 1717 noctis
1518 1678 1810 1729 crepusculo,

170 1752 437 1792 verberatio
460 1752 507 1791 in
528 1752 714 1802 templo,
745 1762 835 1801 quo
870 1749 1110 1790 confluunt
1140 1761 1258 1799 oes.,
1291 1748 1455 1800 quibus
1484 1748 1529 1788 id
1559 1748 1691 1788 cordi
1723 1754 1806 1797 est,

171 1825 375 1874 obnupto
398 1822 550 1874 capite
572 1827 652 1862 aut
673 1828 722 1862 ut
742 1821 937 1872 quisque
966 1821 1170 1871 mavult,
1203 1832 1260 1860 ne
1288 1820 1345 1860 ab
1379 1820 1534 1871 aliquo
1566 1820 1813 1870 dignosca-

170 1901 260 1934 tur.
292 1894 351 1934 l.O
381 1894 455 1933 die
484 1893 671 1934 veneris
706 1893 843 1932 huius
879 1891 1270 1943 quadragesimae
1310 1903 1415 1931 cum
1451 1891 1592 1931 certis
1628 1891 1814 1941 quibus-

171 1965 298 2015 dam,
337 1977 453 2016 quos
488 1963 908 2015 congregavimus,
942 1974 1042 2002 rem
1078 1963 1295 2013 aggressi
1329 1973 1510 2009 sumus;
1548 1962 1630 2001 sed
1669 1973 1815 2012 usque

171 2037 287 2077 adeo
309 2036 529 2086 deinceps
549 2046 770 2075 numerus
802 2034 1032 2080 excrevit,
1065 2040 1162 2073 tam
1189 2032 1414 2073 nobilium
1447 2044 1588 2084 quam
1618 2032 1816 2071 aliorum

169 2107 402 2147 inferioris
438 2106 738 2155 conditionis,
778 2111 827 2145 ut
864 2112 1055 2156 propter
1088 2104 1248 2155 templi
1282 2103 1551 2154 angustiam
1586 2103 1816 2154 compulsi

168 2178 394 2219 fuerimus
427 2177 487 2217 ad
522 2188 755 2217 summum
789 2177 1014 2227 templum
1046 2186 1132 2215 nos
1168 2175 1385 2214 transire.
1423 2173 1698 2214 Sermonem
1737 2173 1815 2212 ha-

170 2250 268 2290 buit
297 2249 371 2289 Pr.
404 2249 596 2288 brevem
626 2259 766 2299 super
793 2259 885 2286 uno
914 2240 972 2286 ex
1004 2253 1182 2296 septem
1209 2245 1365 2285 verbis
1395 2257 1422 2285 a
1449 2245 1546 2293 Xst‘,
1580 2250 1814 2285 assertore

169 2326 346 2369 nostro,
372 2320 418 2359 in
439 2331 579 2359 cruce
605 2319 766 2369 factis,
801 2330 891 2370 quo
924 2318 987 2357 ita
1019 2316 1162 2357 corda
1193 2316 1530 2368 poenitentium
1561 2315 1815 2355 commovit

171 2398 219 2431 ut
242 2391 329 2443 ipsi
350 2390 533 2430 abunde
555 2390 669 2430 satis
690 2389 961 2440 lachrymas
983 2387 1244 2428 effuderint.
1269 2387 1372 2438 Ego
1395 2393 1438 2426 et
1460 2387 1577 2426 alius
1607 2386 1814 2426 eiusdem

172 2462 298 2502 urbis
318 2461 393 2502 Pr.
412 2461 650 2513 coepimus
667 2461 899 2512 psalmum
918 2459 1140 2499 miserere
1157 2465 1199 2499 et
1218 2459 1332 2510 psal.
1353 2458 1408 2498 de
1420 2458 1688 2509 profundis
1704 2469 1812 2509 pau-

171 2533 302 2573 latim
322 2533 536 2582 recitare,
557 2532 621 2571 ita
644 2538 693 2571 ut
714 2531 1039 2571 Conimbricae
1062 2531 1109 2570 in
1131 2530 1330 2580 collegio
1354 2541 1455 2569 mos
1477 2535 1592 2569 erat.
1618 2528 1724 2569 Oes.
1749 2529 1812 2568 in-

172 2612 301 2645 terea
322 2604 595 2650 verberare,
620 2610 665 2643 et
687 2602 957 2653 lachrymas
979 2601 1228 2642 effundere.
1264 2600 1503 2652 Optimum
1532 2600 1578 2640 id
1600 2600 1814 2640 omnibus

174 2677 327 2716 visum
348 2681 440 2722 est,
467 2679 751 2725 quapropter
774 2673 896 2713 idem
923 2673 1123 2712 facimus
1154 2671 1353 2722 singulis
1385 2671 1529 2711 sextis
1562 2670 1690 2711 feriis
1720 2682 1812 2711 ma-

173 2758 268 2798 gno
291 2757 398 2786 cum
421 2745 588 2785 ardore
620 2751 664 2784 et
695 2745 860 2795 spuali.
894 2744 1205 2784 commotione
1235 2743 1408 2795 populi.
1445 2742 1673 2793 Obstupet
1704 2742 1814 2782 civi-

173 2824 245 2858 tas
267 2817 511 2866 universa,
536 2823 580 2856 et
603 2816 718 2855 haec
742 2815 897 2855 omnia
917 2821 967 2854 ut
987 2827 1112 2855 nova
1134 2821 1177 2854 et
1195 2814 1382 2854 insolita
1404 2814 1616 2854 miratur.
1641 2812 1815 2853 Dicunt

172 2889 272 2929 fore
300 2894 350 2928 ut
385 2887 473 2939 ipsi
501 2898 584 2938 per
615 2885 803 2926 Patrem
830 2886 932 2925 veri
953 2885 1198 2925 christiani
1229 2884 1501 2935 efficiantur,
1534 2885 1704 2933 velint,
1737 2896 1812 2924 no-

173 2961 278 3011 lint3
302 2971 388 2999 nec
411 2958 524 2998 mihi
545 2957 733 3009 quidem
755 2956 944 2996 dubium
964 2957 1108 2996 ullum
1135 2962 1230 3007 est,
1255 2955 1364 3007 quin
1394 2955 1530 2995 facile
1561 2967 1640 2995 eos
1667 2955 1815 3006 possit

175 3042 272 3072 oes.
299 3029 356 3070 ad
380 3030 501 3069 hanc
524 3029 599 3069 vel
620 3028 746 3068 illam
767 3034 949 3079 partem
969 3026 1194 3066 inclinare
1215 3033 1260 3066 et
1283 3038 1372 3078 quo
1400 3027 1513 3067 velit
1539 3025 1813 3078 perducere;
