<?xml version="1.0" encoding="UTF-8"?>
<!DOCTYPE html PUBLIC "-//W3C//DTD XHTML 1.0 Transitional//EN"
    "http://www.w3.org/TR/xhtml1/DTD/xhtml1-transitional.dtd">
<html xmlns="http://www.w3.org/1999/xhtml" xml:lang="en" lang="en">
 <head>
  <title>
</title>
<meta http-equiv="Content-Type" content="text/html;charset=utf-8" />
  <meta name='ocr-system' content='tesseract 3.04.00' />
  <meta name='ocr-capabilities' content='ocr_page ocr_carea ocr_par ocr_line ocrx_word'/>
</head>
<body>
  <div class='ocr_page' id='page_1' title='image "./litteraequadrime1402lain_0171.png"; bbox 0 0 2168 3437; ppageno 0'>
   <div class='ocr_carea' id='block_1_1' title="bbox 888 231 1813 271">
    <p class='ocr_par' dir='ltr' id='par_1_1' title="bbox 888 231 1813 271">
     <span class='ocr_line' id='line_1_1' title="bbox 888 231 1813 271; baseline -0.003 -1"><span class='ocrx_word' id='word_1_1' title='bbox 888 233 971 270; x_wconf 67' lang='lat' dir='ltr'>AN.</span> <span class='ocrx_word' id='word_1_2' title='bbox 1003 233 1095 271; x_wconf 78' lang='lat'>1553</span> <span class='ocrx_word' id='word_1_3' title='bbox 1744 231 1813 268; x_wconf 85' lang='lat'>167</span> 
     </span>
    </p>
   </div>
   <div class='ocr_carea' id='block_1_2' title="bbox 154 329 1813 3085">
    <p class='ocr_par' dir='ltr' id='par_1_2' title="bbox 168 329 1813 1297">
     <span class='ocr_line' id='line_1_2' title="bbox 252 329 1808 383; baseline -0.001 -12"><span class='ocrx_word' id='word_1_4' title='bbox 252 331 336 372; x_wconf 76' lang='lat' dir='ltr'>Pisi</span> <span class='ocrx_word' id='word_1_5' title='bbox 372 331 557 371; x_wconf 88' lang='lat' dir='ltr'>difficile</span> <span class='ocrx_word' id='word_1_6' title='bbox 594 336 619 372; x_wconf 90' lang='grc'>6</span> <span class='ocrx_word' id='word_1_7' title='bbox 652 337 775 372; x_wconf 88' lang='lat' dir='ltr'>stato</span> <span class='ocrx_word' id='word_1_8' title='bbox 811 331 1073 383; x_wconf 83' lang='lat' dir='ltr'>provedere</span> <span class='ocrx_word' id='word_1_9' title='bbox 1108 331 1168 370; x_wconf 86' lang='lat' dir='ltr'>ad</span> <span class='ocrx_word' id='word_1_10' title='bbox 1204 330 1360 370; x_wconf 87' lang='lat' dir='ltr'>alcuni</span> <span class='ocrx_word' id='word_1_11' title='bbox 1394 329 1588 380; x_wconf 89' lang='lat' dir='ltr'>curiosi,</span> <span class='ocrx_word' id='word_1_12' title='bbox 1622 330 1635 369; x_wconf 91' lang='lat' dir='ltr'>i</span> <span class='ocrx_word' id='word_1_13' title='bbox 1665 329 1808 381; x_wconf 86' lang='lat' dir='ltr'>quali,</span> 
     </span>
     <span class='ocr_line' id='line_1_3' title="bbox 173 400 1809 453; baseline -0.002 -10"><span class='ocrx_word' id='word_1_14' title='bbox 173 414 304 444; x_wconf 91' lang='lat' dir='ltr'>come</span> <span class='ocrx_word' id='word_1_15' title='bbox 326 403 533 453; x_wconf 79' lang='lat' dir='ltr'>censori,</span> <span class='ocrx_word' id='word_1_16' title='bbox 557 403 789 443; x_wconf 84' lang='lat' dir='ltr'>volevano</span> <span class='ocrx_word' id='word_1_17' title='bbox 811 402 910 442; x_wconf 90' lang='lat' dir='ltr'>fare</span> <span class='ocrx_word' id='word_1_18' title='bbox 931 413 1023 442; x_wconf 91' lang='lat' dir='ltr'>non</span> <span class='ocrx_word' id='word_1_19' title='bbox 1054 413 1106 441; x_wconf 92' lang='lat' dir='ltr'>so</span> <span class='ocrx_word' id='word_1_20' title='bbox 1135 401 1220 441; x_wconf 89' lang='lat' dir='ltr'>che</span> <span class='ocrx_word' id='word_1_21' title='bbox 1248 412 1399 453; x_wconf 83' lang='lat' dir='ltr'>prova</span> <span class='ocrx_word' id='word_1_22' title='bbox 1427 400 1544 441; x_wconf 90' lang='lat' dir='ltr'>delle</span> <span class='ocrx_word' id='word_1_23' title='bbox 1572 411 1679 440; x_wconf 88' lang='lat' dir='ltr'>cose</span> <span class='ocrx_word' id='word_1_24' title='bbox 1706 411 1809 441; x_wconf 90' lang='lat' dir='ltr'>nos·</span> 
     </span>
     <span class='ocr_line' id='line_1_4' title="bbox 173 472 1810 525; baseline -0.002 -10"><span class='ocrx_word' id='word_1_25' title='bbox 173 481 265 525; x_wconf 90' lang='lat' dir='ltr'>tre,</span> <span class='ocrx_word' id='word_1_26' title='bbox 293 474 528 514; x_wconf 86' lang='lat' dir='ltr'>cercando</span> <span class='ocrx_word' id='word_1_27' title='bbox 549 479 594 514; x_wconf 91' lang='lat' dir='ltr'>et</span> <span class='ocrx_word' id='word_1_28' title='bbox 614 474 950 525; x_wconf 89' lang='lat' dir='ltr'>interrogando</span> <span class='ocrx_word' id='word_1_29' title='bbox 981 485 1073 524; x_wconf 87' lang='lat' dir='ltr'>qua</span> <span class='ocrx_word' id='word_1_30' title='bbox 1103 473 1162 512; x_wconf 83' lang='lat' dir='ltr'>da</span> <span class='ocrx_word' id='word_1_31' title='bbox 1192 473 1270 512; x_wconf 91' lang='lat' dir='ltr'>noi</span> <span class='ocrx_word' id='word_1_32' title='bbox 1297 483 1381 524; x_wconf 84' lang='lat' dir='ltr'>per</span> <span class='ocrx_word' id='word_1_33' title='bbox 1408 472 1583 512; x_wconf 84' lang='lat' dir='ltr'>trovar&#39;</span> <span class='ocrx_word' id='word_1_34' title='bbox 1612 472 1810 523; x_wconf 81' lang='lat' dir='ltr'>qualche</span> 
     </span>
     <span class='ocr_line' id='line_1_5' title="bbox 173 542 1812 596; baseline -0.002 -11"><span class='ocrx_word' id='word_1_35' title='bbox 173 556 286 586; x_wconf 87' lang='lat' dir='ltr'>cosa</span> <span class='ocrx_word' id='word_1_36' title='bbox 306 544 365 584; x_wconf 89' lang='lat' dir='ltr'>da</span> <span class='ocrx_word' id='word_1_37' title='bbox 387 545 690 585; x_wconf 78' lang='lat' dir='ltr'>calumniare.</span> <span class='ocrx_word' id='word_1_38' title='bbox 710 544 802 584; x_wconf 85' lang='lat' dir='ltr'>Pur</span> <span class='ocrx_word' id='word_1_39' title='bbox 819 556 845 584; x_wconf 93' lang='lat' dir='ltr'>a</span> <span class='ocrx_word' id='word_1_40' title='bbox 864 545 907 584; x_wconf 89' lang='grc'>13</span> <span class='ocrx_word' id='word_1_41' title='bbox 924 544 1003 596; x_wconf 81' lang='lat' dir='ltr'>piu</span> <span class='ocrx_word' id='word_1_42' title='bbox 1031 549 1163 595; x_wconf 84' lang='lat' dir='ltr'>parte</span> <span class='ocrx_word' id='word_1_43' title='bbox 1180 543 1241 583; x_wconf 88' lang='lat' dir='ltr'>ha</span> <span class='ocrx_word' id='word_1_44' title='bbox 1257 543 1470 595; x_wconf 86' lang='lat' dir='ltr'>provisto</span> <span class='ocrx_word' id='word_1_45' title='bbox 1489 543 1520 583; x_wconf 92' lang='lat' dir='ltr'>il</span> <span class='ocrx_word' id='word_1_46' title='bbox 1535 542 1623 583; x_wconf 71' lang='grc' dir='ltr'>5.ΥΕ</span> <span class='ocrx_word' id='word_1_47' title='bbox 1640 542 1746 593; x_wconf 92' lang='lat' dir='ltr'>Dio,</span> <span class='ocrx_word' id='word_1_48' title='bbox 1767 548 1812 582; x_wconf 92' lang='lat' dir='ltr'>et</span> 
     </span>
     <span class='ocr_line' id='line_1_6' title="bbox 173 613 1812 667; baseline -0.002 -11"><span class='ocrx_word' id='word_1_49' title='bbox 173 628 266 656; x_wconf 92' lang='lat' dir='ltr'>non</span> <span class='ocrx_word' id='word_1_50' title='bbox 301 615 340 656; x_wconf 86' lang='lat' dir='ltr'>si</span> <span class='ocrx_word' id='word_1_51' title='bbox 368 616 619 667; x_wconf 87' lang='lat' dir='ltr'>partivano</span> <span class='ocrx_word' id='word_1_52' title='bbox 654 615 806 667; x_wconf 86' lang='lat' dir='ltr'>prima</span> <span class='ocrx_word' id='word_1_53' title='bbox 828 615 913 655; x_wconf 90' lang='lat' dir='ltr'>che</span> <span class='ocrx_word' id='word_1_54' title='bbox 943 614 1191 655; x_wconf 78' lang='lat' dir='ltr'>vedessino</span> <span class='ocrx_word' id='word_1_55' title='bbox 1227 620 1272 654; x_wconf 92' lang='lat' dir='ltr'>et</span> <span class='ocrx_word' id='word_1_56' title='bbox 1299 616 1334 654; x_wconf 90' lang='lat' dir='ltr'>s’</span> <span class='ocrx_word' id='word_1_57' title='bbox 1370 614 1703 665; x_wconf 85' lang='lat' dir='ltr'>accorgessino</span> <span class='ocrx_word' id='word_1_58' title='bbox 1739 613 1812 654; x_wconf 89' lang='lat' dir='ltr'>del</span> 
     </span>
     <span class='ocr_line' id='line_1_7' title="bbox 173 685 1810 737; baseline -0.001 -11"><span class='ocrx_word' id='word_1_59' title='bbox 173 689 272 727; x_wconf 91' lang='lat' dir='ltr'>loro</span> <span class='ocrx_word' id='word_1_60' title='bbox 295 687 437 737; x_wconf 91' lang='lat' dir='ltr'>male,</span> <span class='ocrx_word' id='word_1_61' title='bbox 462 692 506 727; x_wconf 90' lang='lat' dir='ltr'>et</span> <span class='ocrx_word' id='word_1_62' title='bbox 526 698 619 726; x_wconf 92' lang='lat' dir='ltr'>non</span> <span class='ocrx_word' id='word_1_63' title='bbox 641 698 772 727; x_wconf 92' lang='lat' dir='ltr'>come</span> <span class='ocrx_word' id='word_1_64' title='bbox 804 686 989 726; x_wconf 75' lang='lat' dir='ltr'>censori</span> <span class='ocrx_word' id='word_1_65' title='bbox 1016 686 1072 725; x_wconf 91' lang='lat' dir='ltr'>de</span> <span class='ocrx_word' id='word_1_66' title='bbox 1098 686 1197 735; x_wconf 89' lang='lat' dir='ltr'>noi,</span> <span class='ocrx_word' id='word_1_67' title='bbox 1222 697 1298 725; x_wconf 89' lang='lat' dir='ltr'>ma</span> <span class='ocrx_word' id='word_1_68' title='bbox 1321 685 1365 725; x_wconf 91' lang='lat' dir='ltr'>di</span> <span class='ocrx_word' id='word_1_69' title='bbox 1387 697 1436 725; x_wconf 87' lang='lat' dir='ltr'>se</span> <span class='ocrx_word' id='word_1_70' title='bbox 1458 686 1593 725; x_wconf 86' lang='lat' dir='ltr'>stessi</span> <span class='ocrx_word' id='word_1_71' title='bbox 1621 697 1709 725; x_wconf 89' lang='lat' dir='ltr'>con</span> <span class='ocrx_word' id='word_1_72' title='bbox 1737 685 1810 725; x_wconf 89' lang='lat' dir='ltr'>de-</span> 
     </span>
     <span class='ocr_line' id='line_1_8' title="bbox 171 755 1808 809; baseline -0.001 -11"><span class='ocrx_word' id='word_1_73' title='bbox 171 757 342 798; x_wconf 89' lang='lat' dir='ltr'>siderio</span> <span class='ocrx_word' id='word_1_74' title='bbox 364 763 409 797; x_wconf 92' lang='lat' dir='ltr'>et</span> <span class='ocrx_word' id='word_1_75' title='bbox 435 758 654 808; x_wconf 82' lang='lat' dir='ltr'>maggior</span> <span class='ocrx_word' id='word_1_76' title='bbox 681 757 898 809; x_wconf 61' lang='grc'><strong>63036113</strong></span> <span class='ocrx_word' id='word_1_77' title='bbox 925 757 981 797; x_wconf 87' lang='grc'>(16</span> <span class='ocrx_word' id='word_1_78' title='bbox 1012 756 1351 797; x_wconf 74' lang='lat' dir='ltr'>emendatione.</span> <span class='ocrx_word' id='word_1_79' title='bbox 1375 755 1498 796; x_wconf 84' lang='lat' dir='ltr'>Altri</span> <span class='ocrx_word' id='word_1_80' title='bbox 1529 756 1678 796; x_wconf 87' lang='lat' dir='ltr'>anche</span> <span class='ocrx_word' id='word_1_81' title='bbox 1699 768 1808 796; x_wconf 76' lang='lat' dir='ltr'>ven·</span> 
     </span>
     <span class='ocr_line' id='line_1_9' title="bbox 169 827 1807 880; baseline -0.001 -12"><span class='ocrx_word' id='word_1_82' title='bbox 169 839 294 880; x_wconf 90' lang='lat' dir='ltr'>gono</span> <span class='ocrx_word' id='word_1_83' title='bbox 315 828 374 868; x_wconf 91' lang='lat' dir='ltr'>da</span> <span class='ocrx_word' id='word_1_84' title='bbox 397 828 496 878; x_wconf 92' lang='lat' dir='ltr'>noi,</span> <span class='ocrx_word' id='word_1_85' title='bbox 521 840 618 879; x_wconf 86' lang='lat' dir='ltr'>ma,</span> <span class='ocrx_word' id='word_1_86' title='bbox 641 840 699 868; x_wconf 92' lang='lat' dir='ltr'>ne</span> <span class='ocrx_word' id='word_1_87' title='bbox 723 828 780 868; x_wconf 89' lang='lat' dir='ltr'>ab</span> <span class='ocrx_word' id='word_1_88' title='bbox 801 828 1068 868; x_wconf 88' lang='lat' dir='ltr'>hominibus</span> <span class='ocrx_word' id='word_1_89' title='bbox 1089 827 1354 877; x_wconf 76' lang='lat' dir='ltr'>videantur,</span> <span class='ocrx_word' id='word_1_90' title='bbox 1389 827 1435 867; x_wconf 94' lang='lat' dir='ltr'>di</span> <span class='ocrx_word' id='word_1_91' title='bbox 1463 833 1614 877; x_wconf 90' lang='lat' dir='ltr'>notte‚</span> <span class='ocrx_word' id='word_1_92' title='bbox 1648 827 1807 867; x_wconf 88' lang='lat' dir='ltr'>nondi-</span> 
     </span>
     <span class='ocr_line' id='line_1_10' title="bbox 169 898 1812 951; baseline -0.001 -11"><span class='ocrx_word' id='word_1_93' title='bbox 169 911 305 940; x_wconf 87' lang='lat' dir='ltr'>meno</span> <span class='ocrx_word' id='word_1_94' title='bbox 335 912 423 940; x_wconf 89' lang='lat' dir='ltr'>con</span> <span class='ocrx_word' id='word_1_95' title='bbox 451 900 607 940; x_wconf 89' lang='lat' dir='ltr'>buono</span> <span class='ocrx_word' id='word_1_96' title='bbox 636 901 792 940; x_wconf 88' lang='lat' dir='ltr'>animo</span> <span class='ocrx_word' id='word_1_97' title='bbox 821 898 1054 940; x_wconf 88' lang='lat' dir='ltr'>cercando</span> <span class='ocrx_word' id='word_1_98' title='bbox 1083 899 1160 951; x_wconf 88' lang='lat' dir='ltr'>qui</span> <span class='ocrx_word' id='word_1_99' title='bbox 1186 911 1355 951; x_wconf 89' lang='lat' dir='ltr'>panem</span> <span class='ocrx_word' id='word_1_100' title='bbox 1382 899 1585 949; x_wconf 85' lang='lat' dir='ltr'>frangat.</span> <span class='ocrx_word' id='word_1_101' title='bbox 1620 899 1696 939; x_wconf 84' lang='lat' dir='ltr'>Ma</span> <span class='ocrx_word' id='word_1_102' title='bbox 1728 910 1812 950; x_wconf 87' lang='lat' dir='ltr'>per</span> 
     </span>
     <span class='ocr_line' id='line_1_11' title="bbox 168 970 1810 1022; baseline 0 -11"><span class='ocrx_word' id='word_1_103' title='bbox 168 971 280 1022; x_wconf 89' lang='lat' dir='ltr'>ogni</span> <span class='ocrx_word' id='word_1_104' title='bbox 300 971 484 1022; x_wconf 88' lang='lat' dir='ltr'>piccola</span> <span class='ocrx_word' id='word_1_105' title='bbox 506 971 761 1011; x_wconf 78' lang='lat' dir='ltr'>tentatione</span> <span class='ocrx_word' id='word_1_106' title='bbox 783 971 821 1010; x_wconf 89' lang='lat' dir='ltr'>si</span> <span class='ocrx_word' id='word_1_107' title='bbox 844 971 1130 1011; x_wconf 85' lang='lat' dir='ltr'>alontanano</span> <span class='ocrx_word' id='word_1_108' title='bbox 1152 976 1196 1010; x_wconf 92' lang='lat' dir='ltr'>et</span> <span class='ocrx_word' id='word_1_109' title='bbox 1222 970 1530 1022; x_wconf 84' lang='lat' dir='ltr'>perturbano;</span> <span class='ocrx_word' id='word_1_110' title='bbox 1564 971 1652 1010; x_wconf 88' lang='lat' dir='ltr'>alle</span> <span class='ocrx_word' id='word_1_111' title='bbox 1682 972 1810 1011; x_wconf 88' lang='lat' dir='ltr'>volte</span> 
     </span>
     <span class='ocr_line' id='line_1_12' title="bbox 170 1042 1813 1094; baseline 0.001 -13"><span class='ocrx_word' id='word_1_112' title='bbox 170 1042 332 1092; x_wconf 80' lang='lat' dir='ltr'>pentiti</span> <span class='ocrx_word' id='word_1_113' title='bbox 367 1042 636 1094; x_wconf 71' lang='lat' dir='ltr'>segustano,</span> <span class='ocrx_word' id='word_1_114' title='bbox 675 1054 702 1082; x_wconf 88' lang='lat' dir='ltr'>a</span> <span class='ocrx_word' id='word_1_115' title='bbox 736 1043 875 1093; x_wconf 86' lang='lat' dir='ltr'>longe</span> <span class='ocrx_word' id='word_1_116' title='bbox 911 1054 1013 1094; x_wconf 84' lang='lat' dir='ltr'>pur,</span> <span class='ocrx_word' id='word_1_117' title='bbox 1052 1042 1182 1082; x_wconf 86' lang='lat' dir='ltr'>accio</span> <span class='ocrx_word' id='word_1_118' title='bbox 1217 1054 1311 1081; x_wconf 89' lang='lat' dir='ltr'>non</span> <span class='ocrx_word' id='word_1_119' title='bbox 1345 1042 1385 1082; x_wconf 89' lang='lat' dir='ltr'>si</span> <span class='ocrx_word' id='word_1_120' title='bbox 1420 1042 1610 1093; x_wconf 85' lang='lat' dir='ltr'>pentino</span> <span class='ocrx_word' id='word_1_121' title='bbox 1648 1043 1813 1082; x_wconf 87' lang='lat' dir='ltr'>venire</span> 
     </span>
     <span class='ocr_line' id='line_1_13' title="bbox 170 1113 1810 1165; baseline 0 -12"><span class='ocrx_word' id='word_1_122' title='bbox 170 1123 339 1165; x_wconf 79' lang='lat' dir='ltr'>troppo</span> <span class='ocrx_word' id='word_1_123' title='bbox 364 1125 574 1165; x_wconf 88' lang='lat' dir='ltr'>apresso.</span> <span class='ocrx_word' id='word_1_124' title='bbox 597 1113 659 1154; x_wconf 91' lang='lat' dir='ltr'>Di</span> <span class='ocrx_word' id='word_1_125' title='bbox 680 1113 818 1154; x_wconf 89' lang='lat' dir='ltr'>modo</span> <span class='ocrx_word' id='word_1_126' title='bbox 842 1113 950 1164; x_wconf 86' lang='lat' dir='ltr'>che,</span> <span class='ocrx_word' id='word_1_127' title='bbox 975 1125 1064 1152; x_wconf 89' lang='lat' dir='ltr'>con</span> <span class='ocrx_word' id='word_1_128' title='bbox 1084 1113 1265 1165; x_wconf 85' lang='lat' dir='ltr'>grande</span> <span class='ocrx_word' id='word_1_129' title='bbox 1287 1113 1621 1164; x_wconf 79' lang='lat' dir='ltr'>admiratione,</span> <span class='ocrx_word' id='word_1_130' title='bbox 1647 1114 1685 1154; x_wconf 90' lang='lat' dir='ltr'>si</span> <span class='ocrx_word' id='word_1_131' title='bbox 1705 1125 1810 1165; x_wconf 90' lang='lat' dir='ltr'>pos-</span> 
     </span>
     <span class='ocr_line' id='line_1_14' title="bbox 168 1184 1811 1236; baseline -0.001 -11"><span class='ocrx_word' id='word_1_132' title='bbox 168 1195 284 1225; x_wconf 87' lang='lat' dir='ltr'>sono</span> <span class='ocrx_word' id='word_1_133' title='bbox 308 1184 608 1225; x_wconf 88' lang='lat' dir='ltr'>considerare</span> <span class='ocrx_word' id='word_1_134' title='bbox 625 1191 670 1225; x_wconf 93' lang='lat' dir='ltr'>et</span> <span class='ocrx_word' id='word_1_135' title='bbox 690 1186 733 1224; x_wconf 96' lang='grc'>13</span> <span class='ocrx_word' id='word_1_136' title='bbox 755 1185 982 1225; x_wconf 79' lang='lat' dir='ltr'>diversita</span> <span class='ocrx_word' id='word_1_137' title='bbox 1000 1185 1107 1225; x_wconf 91' lang='lat' dir='ltr'>delli</span> <span class='ocrx_word' id='word_1_138' title='bbox 1128 1184 1334 1236; x_wconf 86' lang='lat' dir='ltr'>ingegni‚</span> <span class='ocrx_word' id='word_1_139' title='bbox 1359 1190 1404 1224; x_wconf 92' lang='lat' dir='ltr'>et</span> <span class='ocrx_word' id='word_1_140' title='bbox 1421 1185 1452 1224; x_wconf 91' lang='lat' dir='ltr'>li</span> <span class='ocrx_word' id='word_1_141' title='bbox 1468 1184 1597 1225; x_wconf 89' lang='lat' dir='ltr'>molti</span> <span class='ocrx_word' id='word_1_142' title='bbox 1615 1185 1811 1236; x_wconf 86' lang='lat' dir='ltr'>inganni</span> 
     </span>
     <span class='ocr_line' id='line_1_15' title="bbox 168 1256 753 1297; baseline 0.002 -1"><span class='ocrx_word' id='word_1_143' title='bbox 168 1263 213 1296; x_wconf 87' lang='lat' dir='ltr'>et</span> <span class='ocrx_word' id='word_1_144' title='bbox 235 1257 403 1297; x_wconf 86' lang='lat' dir='ltr'>astutie</span> <span class='ocrx_word' id='word_1_145' title='bbox 425 1257 499 1297; x_wconf 91' lang='lat' dir='ltr'>del</span> <span class='ocrx_word' id='word_1_146' title='bbox 520 1256 753 1297; x_wconf 88' lang='lat' dir='ltr'>demonio.</span> 
     </span>
    </p>

    <p class='ocr_par' dir='ltr' id='par_1_3' title="bbox 154 1326 1809 3085">
     <span class='ocr_line' id='line_1_16' title="bbox 248 1326 1808 1378; baseline -0.001 -10"><span class='ocrx_word' id='word_1_147' title='bbox 248 1326 455 1368; x_wconf 86' lang='lat' dir='ltr'>Sforzasi</span> <span class='ocrx_word' id='word_1_148' title='bbox 475 1328 617 1368; x_wconf 87' lang='lat' dir='ltr'>etiam</span> <span class='ocrx_word' id='word_1_149' title='bbox 637 1328 665 1368; x_wconf 88' lang='lat' dir='ltr'>l’</span> <span class='ocrx_word' id='word_1_150' title='bbox 685 1328 876 1368; x_wconf 89' lang='lat' dir='ltr'>inimico</span> <span class='ocrx_word' id='word_1_151' title='bbox 898 1327 1019 1368; x_wconf 85' lang='lat' dir='ltr'>della</span> <span class='ocrx_word' id='word_1_152' title='bbox 1041 1328 1195 1368; x_wconf 75' lang='lat' dir='ltr'>verita</span> <span class='ocrx_word' id='word_1_153' title='bbox 1219 1328 1467 1368; x_wconf 88' lang='lat' dir='ltr'>inventare</span> <span class='ocrx_word' id='word_1_154' title='bbox 1497 1339 1607 1367; x_wconf 88' lang='lat' dir='ltr'>cose</span> <span class='ocrx_word' id='word_1_155' title='bbox 1638 1339 1808 1378; x_wconf 83' lang='lat' dir='ltr'>nuove,</span> 
     </span>
     <span class='ocr_line' id='line_1_17' title="bbox 171 1398 1807 1450; baseline 0.001 -12"><span class='ocrx_word' id='word_1_156' title='bbox 171 1410 266 1439; x_wconf 93' lang='lat' dir='ltr'>non</span> <span class='ocrx_word' id='word_1_157' title='bbox 289 1410 431 1440; x_wconf 84' lang='lat' dir='ltr'>senza</span> <span class='ocrx_word' id='word_1_158' title='bbox 451 1399 767 1450; x_wconf 89' lang='lat' dir='ltr'>grandissimo</span> <span class='ocrx_word' id='word_1_159' title='bbox 789 1398 944 1439; x_wconf 81' lang='lat' dir='ltr'>danno</span> <span class='ocrx_word' id='word_1_160' title='bbox 968 1405 1012 1439; x_wconf 87' lang='lat' dir='ltr'>et</span> <span class='ocrx_word' id='word_1_161' title='bbox 1032 1399 1241 1450; x_wconf 91' lang='lat' dir='ltr'>periculo</span> <span class='ocrx_word' id='word_1_162' title='bbox 1263 1399 1336 1438; x_wconf 89' lang='lat' dir='ltr'>del</span> <span class='ocrx_word' id='word_1_163' title='bbox 1355 1399 1471 1438; x_wconf 88' lang='lat' dir='ltr'>bene</span> <span class='ocrx_word' id='word_1_164' title='bbox 1494 1399 1611 1438; x_wconf 91' lang='lat' dir='ltr'>delle</span> <span class='ocrx_word' id='word_1_165' title='bbox 1639 1399 1807 1439; x_wconf 88' lang='lat' dir='ltr'>anime.</span> 
     </span>
     <span class='ocr_line' id='line_1_18' title="bbox 167 1469 1808 1523; baseline -0.001 -12"><span class='ocrx_word' id='word_1_166' title='bbox 167 1469 224 1510; x_wconf 89' lang='lat' dir='ltr'>Et</span> <span class='ocrx_word' id='word_1_167' title='bbox 249 1474 274 1510; x_wconf 85' lang='lat' dir='ltr'>e</span> <span class='ocrx_word' id='word_1_168' title='bbox 296 1470 382 1511; x_wconf 92' lang='lat' dir='ltr'>che</span> <span class='ocrx_word' id='word_1_169' title='bbox 403 1482 606 1523; x_wconf 89' lang='lat' dir='ltr'>procura</span> <span class='ocrx_word' id='word_1_170' title='bbox 628 1472 667 1511; x_wconf 90' lang='lat' dir='ltr'>si</span> <span class='ocrx_word' id='word_1_171' title='bbox 687 1471 887 1511; x_wconf 87' lang='lat' dir='ltr'>raunino</span> <span class='ocrx_word' id='word_1_172' title='bbox 909 1471 955 1510; x_wconf 90' lang='lat' dir='ltr'>in</span> <span class='ocrx_word' id='word_1_173' title='bbox 978 1470 1093 1511; x_wconf 90' lang='lat' dir='ltr'>certi</span> <span class='ocrx_word' id='word_1_174' title='bbox 1114 1470 1442 1517; x_wconf 87' lang='lat' dir='ltr'>conventicoli,</span> <span class='ocrx_word' id='word_1_175' title='bbox 1466 1477 1510 1509; x_wconf 86' lang='lat' dir='ltr'>et</span> <span class='ocrx_word' id='word_1_176' title='bbox 1533 1470 1667 1521; x_wconf 90' lang='lat' dir='ltr'>quasi</span> <span class='ocrx_word' id='word_1_177' title='bbox 1690 1471 1808 1510; x_wconf 85' lang='lat' dir='ltr'>sina-</span> 
     </span>
     <span class='ocr_line' id='line_1_19' title="bbox 164 1542 1809 1594; baseline 0 -13"><span class='ocrx_word' id='word_1_178' title='bbox 164 1542 344 1593; x_wconf 83' lang='lat' dir='ltr'>goghe,</span> <span class='ocrx_word' id='word_1_179' title='bbox 383 1542 414 1582; x_wconf 92' lang='lat' dir='ltr'>li</span> <span class='ocrx_word' id='word_1_180' title='bbox 448 1542 527 1594; x_wconf 82' lang='lat' dir='ltr'>piu</span> <span class='ocrx_word' id='word_1_181' title='bbox 561 1542 767 1594; x_wconf 88' lang='lat' dir='ltr'>provetti</span> <span class='ocrx_word' id='word_1_182' title='bbox 800 1543 935 1594; x_wconf 87' lang='lat' dir='ltr'>quasi</span> <span class='ocrx_word' id='word_1_183' title='bbox 965 1542 1010 1582; x_wconf 88' lang='lat' dir='ltr'>di</span> <span class='ocrx_word' id='word_1_184' title='bbox 1031 1548 1160 1588; x_wconf 75' lang='lat' dir='ltr'>,tutta</span> <span class='ocrx_word' id='word_1_185' title='bbox 1189 1543 1233 1582; x_wconf 83' lang='lat' dir='ltr'>la</span> <span class='ocrx_word' id='word_1_186' title='bbox 1262 1542 1355 1582; x_wconf 77' lang='lat' dir='ltr'>cita</span> <span class='ocrx_word' id='word_1_187' title='bbox 1381 1542 1455 1581; x_wconf 88' lang='lat' dir='ltr'>nel</span> <span class='ocrx_word' id='word_1_188' title='bbox 1490 1542 1675 1593; x_wconf 84' lang='lat' dir='ltr'>spirito,</span> <span class='ocrx_word' id='word_1_189' title='bbox 1715 1554 1809 1582; x_wconf 90' lang='lat' dir='ltr'>non</span> 
     </span>
     <span class='ocr_line' id='line_1_20' title="bbox 164 1612 1805 1665; baseline 0.001 -13"><span class='ocrx_word' id='word_1_190' title='bbox 164 1612 268 1653; x_wconf 91' lang='lat' dir='ltr'>dico</span> <span class='ocrx_word' id='word_1_191' title='bbox 289 1613 500 1653; x_wconf 90' lang='lat' dir='ltr'>huomini</span> <span class='ocrx_word' id='word_1_192' title='bbox 521 1615 795 1664; x_wconf 80' lang='lat' dir='ltr'>solamente,</span> <span class='ocrx_word' id='word_1_193' title='bbox 819 1626 895 1654; x_wconf 90' lang='lat' dir='ltr'>ma</span> <span class='ocrx_word' id='word_1_194' title='bbox 918 1614 1067 1653; x_wconf 81' lang='lat' dir='ltr'>anche</span> <span class='ocrx_word' id='word_1_195' title='bbox 1089 1613 1257 1663; x_wconf 87' lang='lat' dir='ltr'>donne,</span> <span class='ocrx_word' id='word_1_196' title='bbox 1288 1613 1334 1653; x_wconf 94' lang='lat' dir='ltr'>di</span> <span class='ocrx_word' id='word_1_197' title='bbox 1355 1619 1482 1653; x_wconf 87' lang='lat' dir='ltr'>sorte</span> <span class='ocrx_word' id='word_1_198' title='bbox 1503 1614 1588 1653; x_wconf 90' lang='lat' dir='ltr'>che</span> <span class='ocrx_word' id='word_1_199' title='bbox 1610 1615 1637 1653; x_wconf 94' lang='lat' dir='ltr'>l&#39;</span> <span class='ocrx_word' id='word_1_200' title='bbox 1668 1614 1805 1665; x_wconf 83' lang='lat' dir='ltr'>impe-</span> 
     </span>
     <span class='ocr_line' id='line_1_21' title="bbox 162 1684 1806 1737; baseline 0 -13"><span class='ocrx_word' id='word_1_201' title='bbox 162 1684 292 1724; x_wconf 90' lang='lat' dir='ltr'>disce</span> <span class='ocrx_word' id='word_1_202' title='bbox 318 1684 442 1725; x_wconf 87' lang='lat' dir='ltr'>dalla</span> <span class='ocrx_word' id='word_1_203' title='bbox 470 1696 585 1733; x_wconf 83' lang='lat' dir='ltr'>vera</span> <span class='ocrx_word' id='word_1_204' title='bbox 618 1685 918 1737; x_wconf 85' lang='lat' dir='ltr'>perfettione,</span> <span class='ocrx_word' id='word_1_205' title='bbox 956 1684 1284 1737; x_wconf 89' lang='lat' dir='ltr'>persuadendo</span> <span class='ocrx_word' id='word_1_206' title='bbox 1316 1686 1459 1724; x_wconf 88' lang='lat' dir='ltr'>esser’</span> <span class='ocrx_word' id='word_1_207' title='bbox 1490 1685 1533 1725; x_wconf 85' lang='grc'>13</span> <span class='ocrx_word' id='word_1_208' title='bbox 1562 1697 1678 1725; x_wconf 84' lang='lat' dir='ltr'>vera</span> <span class='ocrx_word' id='word_1_209' title='bbox 1705 1697 1806 1737; x_wconf 81' lang='lat' dir='ltr'>per-</span> 
     </span>
     <span class='ocr_line' id='line_1_22' title="bbox 163 1756 1803 1808; baseline 0 -12"><span class='ocrx_word' id='word_1_210' title='bbox 163 1756 356 1796; x_wconf 84' lang='lat' dir='ltr'>fettione</span> <span class='ocrx_word' id='word_1_211' title='bbox 379 1756 452 1797; x_wconf 91' lang='lat' dir='ltr'>del</span> <span class='ocrx_word' id='word_1_212' title='bbox 473 1757 638 1808; x_wconf 88' lang='lat' dir='ltr'>spirito</span> <span class='ocrx_word' id='word_1_213' title='bbox 668 1757 715 1796; x_wconf 91' lang='lat' dir='ltr'>in</span> <span class='ocrx_word' id='word_1_214' title='bbox 743 1757 996 1797; x_wconf 87' lang='lat' dir='ltr'>cerimonie</span> <span class='ocrx_word' id='word_1_215' title='bbox 1024 1767 1211 1807; x_wconf 88' lang='lat' dir='ltr'>grosse,</span> <span class='ocrx_word' id='word_1_216' title='bbox 1242 1765 1287 1796; x_wconf 90' lang='lat' dir='ltr'>et</span> <span class='ocrx_word' id='word_1_217' title='bbox 1314 1757 1419 1796; x_wconf 87' lang='lat' dir='ltr'>altri</span> <span class='ocrx_word' id='word_1_218' title='bbox 1440 1756 1803 1807; x_wconf 81' lang='lat' dir='ltr'>ragionamenti;</span> 
     </span>
     <span class='ocr_line' id='line_1_23' title="bbox 163 1827 1805 1880; baseline 0 -13"><span class='ocrx_word' id='word_1_219' title='bbox 163 1827 193 1867; x_wconf 91' lang='grc'>11</span> <span class='ocrx_word' id='word_1_220' title='bbox 213 1827 300 1867; x_wconf 91' lang='lat' dir='ltr'>che</span> <span class='ocrx_word' id='word_1_221' title='bbox 322 1827 368 1868; x_wconf 87' lang='lat' dir='ltr'>fa</span> <span class='ocrx_word' id='word_1_222' title='bbox 394 1833 514 1868; x_wconf 89' lang='lat' dir='ltr'>tutto</span> <span class='ocrx_word' id='word_1_223' title='bbox 536 1839 619 1880; x_wconf 88' lang='lat' dir='ltr'>per</span> <span class='ocrx_word' id='word_1_224' title='bbox 639 1828 900 1868; x_wconf 87' lang='lat' dir='ltr'>ministerio</span> <span class='ocrx_word' id='word_1_225' title='bbox 924 1828 979 1868; x_wconf 88' lang='lat' dir='ltr'>de</span> <span class='ocrx_word' id='word_1_226' title='bbox 1000 1828 1140 1880; x_wconf 89' lang='lat' dir='ltr'>quelli</span> <span class='ocrx_word' id='word_1_227' title='bbox 1162 1828 1246 1868; x_wconf 91' lang='lat' dir='ltr'>che</span> <span class='ocrx_word' id='word_1_228' title='bbox 1269 1827 1425 1867; x_wconf 86' lang='lat' dir='ltr'>danno</span> <span class='ocrx_word' id='word_1_229' title='bbox 1448 1828 1493 1868; x_wconf 89' lang='lat' dir='ltr'>di</span> <span class='ocrx_word' id='word_1_230' title='bbox 1516 1839 1565 1868; x_wconf 93' lang='lat' dir='ltr'>se</span> <span class='ocrx_word' id='word_1_231' title='bbox 1588 1828 1805 1880; x_wconf 89' lang='lat' dir='ltr'>opinione</span> 
     </span>
     <span class='ocr_line' id='line_1_24' title="bbox 162 1898 1804 1951; baseline 0.001 -13"><span class='ocrx_word' id='word_1_232' title='bbox 162 1898 218 1938; x_wconf 94' lang='lat' dir='ltr'>de</span> <span class='ocrx_word' id='word_1_233' title='bbox 239 1899 420 1949; x_wconf 84' lang='lat' dir='ltr'>grande</span> <span class='ocrx_word' id='word_1_234' title='bbox 443 1899 632 1940; x_wconf 76' lang='lat' dir='ltr'>santita.</span> <span class='ocrx_word' id='word_1_235' title='bbox 656 1898 882 1951; x_wconf 83' lang='lat' dir='ltr'>Speramo</span> <span class='ocrx_word' id='word_1_236' title='bbox 905 1900 980 1939; x_wconf 90' lang='lat' dir='ltr'>nel</span> <span class='ocrx_word' id='word_1_237' title='bbox 1000 1898 1088 1940; x_wconf 70' lang='grc' dir='ltr'>5.ΓΕ</span> <span class='ocrx_word' id='word_1_238' title='bbox 1110 1899 1196 1939; x_wconf 85' lang='grc'><strong>6116</strong></span> <span class='ocrx_word' id='word_1_239' title='bbox 1218 1906 1379 1950; x_wconf 82' lang='lat' dir='ltr'>queste</span> <span class='ocrx_word' id='word_1_240' title='bbox 1401 1899 1565 1939; x_wconf 89' lang='lat' dir='ltr'>insidie</span> <span class='ocrx_word' id='word_1_241' title='bbox 1587 1900 1634 1939; x_wconf 93' lang='lat' dir='ltr'>in</span> <span class='ocrx_word' id='word_1_242' title='bbox 1661 1899 1804 1940; x_wconf 89' lang='lat' dir='ltr'>breve</span> 
     </span>
     <span class='ocr_line' id='line_1_25' title="bbox 161 1970 1804 2022; baseline 0.001 -13"><span class='ocrx_word' id='word_1_243' title='bbox 161 1977 317 2021; x_wconf 89' lang='lat' dir='ltr'>tempo</span> <span class='ocrx_word' id='word_1_244' title='bbox 347 1981 397 2010; x_wconf 83' lang='lat' dir='ltr'>se</span> <span class='ocrx_word' id='word_1_245' title='bbox 427 1970 844 2021; x_wconf 87' lang='lat' dir='ltr'>manifestaranno‚</span> <span class='ocrx_word' id='word_1_246' title='bbox 879 1976 923 2010; x_wconf 92' lang='lat' dir='ltr'>et</span> <span class='ocrx_word' id='word_1_247' title='bbox 950 1983 1044 2011; x_wconf 91' lang='lat' dir='ltr'>non</span> <span class='ocrx_word' id='word_1_248' title='bbox 1071 1974 1357 2022; x_wconf 77' lang='lat' dir='ltr'>permettera</span> <span class='ocrx_word' id='word_1_249' title='bbox 1384 1971 1469 2010; x_wconf 85' lang='lat' dir='ltr'>che</span> <span class='ocrx_word' id='word_1_250' title='bbox 1496 1971 1626 2010; x_wconf 89' lang='lat' dir='ltr'>molti</span> <span class='ocrx_word' id='word_1_251' title='bbox 1660 1971 1804 2011; x_wconf 89' lang='lat' dir='ltr'>buoni</span> 
     </span>
     <span class='ocr_line' id='line_1_26' title="bbox 163 2040 1801 2092; baseline 0.001 -12"><span class='ocrx_word' id='word_1_252' title='bbox 163 2042 200 2080; x_wconf 88' lang='lat' dir='ltr'>s&#39;</span> <span class='ocrx_word' id='word_1_253' title='bbox 226 2040 500 2082; x_wconf 88' lang='lat' dir='ltr'>affatichino</span> <span class='ocrx_word' id='word_1_254' title='bbox 522 2041 737 2082; x_wconf 91' lang='lat' dir='ltr'>indarno.</span> <span class='ocrx_word' id='word_1_255' title='bbox 768 2042 942 2092; x_wconf 83' lang='lat' dir='ltr'>Questo</span> <span class='ocrx_word' id='word_1_256' title='bbox 973 2041 1033 2082; x_wconf 94' lang='lat' dir='ltr'>ho</span> <span class='ocrx_word' id='word_1_257' title='bbox 1064 2042 1226 2081; x_wconf 86' lang='lat' dir='ltr'>voluto</span> <span class='ocrx_word' id='word_1_258' title='bbox 1249 2041 1334 2081; x_wconf 89' lang='lat' dir='ltr'>dir’</span> <span class='ocrx_word' id='word_1_259' title='bbox 1359 2053 1387 2081; x_wconf 90' lang='lat' dir='ltr'>a</span> <span class='ocrx_word' id='word_1_260' title='bbox 1406 2041 1467 2081; x_wconf 88' lang='lat' dir='ltr'>V.</span> <span class='ocrx_word' id='word_1_261' title='bbox 1498 2041 1550 2082; x_wconf 88' lang='lat' dir='ltr'>R.</span> <span class='ocrx_word' id='word_1_262' title='bbox 1586 2043 1801 2082; x_wconf 83' lang='grc'><strong>36610111-</strong></span> 
     </span>
     <span class='ocr_line' id='line_1_27' title="bbox 164 2111 1803 2165; baseline 0.001 -14"><span class='ocrx_word' id='word_1_263' title='bbox 164 2111 304 2151; x_wconf 87' lang='lat' dir='ltr'>tenda</span> <span class='ocrx_word' id='word_1_264' title='bbox 338 2112 464 2164; x_wconf 90' lang='lat' dir='ltr'>quali</span> <span class='ocrx_word' id='word_1_265' title='bbox 499 2124 608 2153; x_wconf 89' lang='grc'><strong>6056</strong></span> <span class='ocrx_word' id='word_1_266' title='bbox 642 2112 961 2164; x_wconf 88' lang='lat' dir='ltr'>impediscono</span> <span class='ocrx_word' id='word_1_267' title='bbox 990 2113 1020 2152; x_wconf 90' lang='lat' dir='ltr'>il</span> <span class='ocrx_word' id='word_1_268' title='bbox 1049 2112 1192 2152; x_wconf 88' lang='lat' dir='ltr'>frutto</span> <span class='ocrx_word' id='word_1_269' title='bbox 1221 2112 1307 2152; x_wconf 92' lang='lat' dir='ltr'>che</span> <span class='ocrx_word' id='word_1_270' title='bbox 1334 2113 1374 2152; x_wconf 87' lang='grc'>51</span> <span class='ocrx_word' id='word_1_271' title='bbox 1401 2113 1554 2164; x_wconf 85' lang='lat' dir='ltr'>potria</span> <span class='ocrx_word' id='word_1_272' title='bbox 1588 2113 1690 2153; x_wconf 86' lang='lat' dir='ltr'>fare</span> <span class='ocrx_word' id='word_1_273' title='bbox 1719 2125 1803 2165; x_wconf 88' lang='lat' dir='ltr'>per</span> 
     </span>
     <span class='ocr_line' id='line_1_28' title="bbox 162 2183 1799 2236; baseline 0.001 -13"><span class='ocrx_word' id='word_1_274' title='bbox 162 2188 325 2233; x_wconf 88' lang='lat' dir='ltr'>questo</span> <span class='ocrx_word' id='word_1_275' title='bbox 354 2195 439 2223; x_wconf 91' lang='lat' dir='ltr'>suo</span> <span class='ocrx_word' id='word_1_276' title='bbox 466 2183 690 2235; x_wconf 86' lang='lat' dir='ltr'>Collegio;</span> <span class='ocrx_word' id='word_1_277' title='bbox 720 2189 765 2224; x_wconf 89' lang='lat' dir='ltr'>et</span> <span class='ocrx_word' id='word_1_278' title='bbox 792 2184 840 2224; x_wconf 89' lang='lat' dir='ltr'>in</span> <span class='ocrx_word' id='word_1_279' title='bbox 869 2195 985 2224; x_wconf 89' lang='lat' dir='ltr'>vero</span> <span class='ocrx_word' id='word_1_280' title='bbox 1014 2190 1178 2236; x_wconf 89' lang='lat' dir='ltr'>questo</span> <span class='ocrx_word' id='word_1_281' title='bbox 1206 2195 1300 2224; x_wconf 91' lang='lat' dir='ltr'>non</span> <span class='ocrx_word' id='word_1_282' title='bbox 1332 2188 1356 2224; x_wconf 83' lang='lat' dir='ltr'>e</span> <span class='ocrx_word' id='word_1_283' title='bbox 1385 2184 1441 2224; x_wconf 87' lang='grc'>(16</span> <span class='ocrx_word' id='word_1_284' title='bbox 1477 2196 1596 2236; x_wconf 88' lang='lat' dir='ltr'>poca</span> <span class='ocrx_word' id='word_1_285' title='bbox 1633 2185 1799 2236; x_wconf 89' lang='lat' dir='ltr'>impor-</span> 
     </span>
     <span class='ocr_line' id='line_1_29' title="bbox 161 2253 1802 2306; baseline 0.002 -14"><span class='ocrx_word' id='word_1_286' title='bbox 161 2259 301 2293; x_wconf 84' lang='lat' dir='ltr'>tanza</span> <span class='ocrx_word' id='word_1_287' title='bbox 322 2260 366 2293; x_wconf 92' lang='lat' dir='ltr'>et</span> <span class='ocrx_word' id='word_1_288' title='bbox 391 2254 739 2306; x_wconf 89' lang='lat' dir='ltr'>impedimento.</span> <span class='ocrx_word' id='word_1_289' title='bbox 773 2253 931 2295; x_wconf 85' lang='lat' dir='ltr'>Siamo</span> <span class='ocrx_word' id='word_1_290' title='bbox 964 2255 1181 2306; x_wconf 86' lang='lat' dir='ltr'>occupati</span> <span class='ocrx_word' id='word_1_291' title='bbox 1209 2255 1411 2295; x_wconf 86' lang='lat' dir='ltr'>tuttavia</span> <span class='ocrx_word' id='word_1_292' title='bbox 1441 2255 1488 2295; x_wconf 90' lang='lat' dir='ltr'>in</span> <span class='ocrx_word' id='word_1_293' title='bbox 1517 2255 1802 2296; x_wconf 79' lang='lat' dir='ltr'>confessioni</span> 
     </span>
     <span class='ocr_line' id='line_1_30' title="bbox 161 2324 1797 2377; baseline 0.002 -14"><span class='ocrx_word' id='word_1_294' title='bbox 161 2324 208 2364; x_wconf 89' lang='lat' dir='ltr'>in</span> <span class='ocrx_word' id='word_1_295' title='bbox 226 2325 389 2375; x_wconf 90' lang='lat' dir='ltr'>luoghi</span> <span class='ocrx_word' id='word_1_296' title='bbox 410 2327 508 2365; x_wconf 86' lang='lat' dir='ltr'>cosi</span> <span class='ocrx_word' id='word_1_297' title='bbox 528 2326 702 2377; x_wconf 82' lang='lat' dir='ltr'>privati</span> <span class='ocrx_word' id='word_1_298' title='bbox 723 2338 855 2367; x_wconf 91' lang='lat' dir='ltr'>come</span> <span class='ocrx_word' id='word_1_299' title='bbox 876 2326 1064 2377; x_wconf 85' lang='lat' dir='ltr'>publici.</span> <span class='ocrx_word' id='word_1_300' title='bbox 1089 2325 1215 2366; x_wconf 86' lang='lat' dir='ltr'>Sono</span> <span class='ocrx_word' id='word_1_301' title='bbox 1237 2326 1368 2366; x_wconf 92' lang='lat' dir='ltr'>molti</span> <span class='ocrx_word' id='word_1_302' title='bbox 1388 2326 1421 2366; x_wconf 93' lang='grc'>11</span> <span class='ocrx_word' id='word_1_303' title='bbox 1441 2327 1567 2377; x_wconf 88' lang='lat' dir='ltr'>quali</span> <span class='ocrx_word' id='word_1_304' title='bbox 1598 2338 1693 2367; x_wconf 89' lang='lat' dir='ltr'>non</span> <span class='ocrx_word' id='word_1_305' title='bbox 1720 2339 1797 2366; x_wconf 89' lang='lat' dir='ltr'>vo-</span> 
     </span>
     <span class='ocr_line' id='line_1_31' title="bbox 160 2395 1800 2448; baseline 0.001 -13"><span class='ocrx_word' id='word_1_306' title='bbox 160 2395 319 2446; x_wconf 88' lang='lat' dir='ltr'>gliano</span> <span class='ocrx_word' id='word_1_307' title='bbox 353 2395 426 2435; x_wconf 86' lang='lat' dir='ltr'>far</span> <span class='ocrx_word' id='word_1_308' title='bbox 461 2407 572 2436; x_wconf 85' lang='lat' dir='ltr'>cosa</span> <span class='ocrx_word' id='word_1_309' title='bbox 609 2397 799 2447; x_wconf 89' lang='lat' dir='ltr'>alcuna,</span> <span class='ocrx_word' id='word_1_310' title='bbox 830 2400 889 2437; x_wconf 83' lang='lat' dir='ltr'>ne</span> <span class='ocrx_word' id='word_1_311' title='bbox 918 2397 1161 2448; x_wconf 88' lang='lat' dir='ltr'>spirituale</span> <span class='ocrx_word' id='word_1_312' title='bbox 1188 2400 1247 2437; x_wconf 84' lang='lat' dir='ltr'>ne</span> <span class='ocrx_word' id='word_1_313' title='bbox 1276 2398 1555 2448; x_wconf 86' lang='lat' dir='ltr'>temporale,</span> <span class='ocrx_word' id='word_1_314' title='bbox 1593 2409 1733 2438; x_wconf 86' lang='lat' dir='ltr'>senza</span> <span class='ocrx_word' id='word_1_315' title='bbox 1769 2398 1800 2437; x_wconf 92' lang='lat' dir='ltr'>il</span> 
     </span>
     <span class='ocr_line' id='line_1_32' title="bbox 159 2467 1800 2519; baseline 0.002 -13"><span class='ocrx_word' id='word_1_316' title='bbox 159 2478 299 2518; x_wconf 89' lang='lat' dir='ltr'>parer</span> <span class='ocrx_word' id='word_1_317' title='bbox 319 2473 482 2507; x_wconf 88' lang='lat' dir='ltr'>nostro</span> <span class='ocrx_word' id='word_1_318' title='bbox 504 2473 549 2507; x_wconf 92' lang='lat' dir='ltr'>et</span> <span class='ocrx_word' id='word_1_319' title='bbox 571 2467 729 2518; x_wconf 89' lang='lat' dir='ltr'>guida.</span> <span class='ocrx_word' id='word_1_320' title='bbox 753 2467 925 2509; x_wconf 89' lang='lat' dir='ltr'>Cresce</span> <span class='ocrx_word' id='word_1_321' title='bbox 953 2468 1095 2508; x_wconf 89' lang='lat' dir='ltr'>etiam</span> <span class='ocrx_word' id='word_1_322' title='bbox 1126 2468 1237 2519; x_wconf 86' lang='lat' dir='ltr'>ogni</span> <span class='ocrx_word' id='word_1_323' title='bbox 1265 2468 1434 2519; x_wconf 86' lang='lat' dir='ltr'>giorno</span> <span class='ocrx_word' id='word_1_324' title='bbox 1461 2469 1491 2508; x_wconf 90' lang='lat' dir='ltr'>il</span> <span class='ocrx_word' id='word_1_325' title='bbox 1515 2480 1710 2508; x_wconf 88' lang='lat' dir='ltr'>numero</span> <span class='ocrx_word' id='word_1_326' title='bbox 1741 2468 1800 2509; x_wconf 91' lang='lat' dir='ltr'>de</span> 
     </span>
     <span class='ocr_line' id='line_1_33' title="bbox 160 2538 1799 2591; baseline 0.001 -14"><span class='ocrx_word' id='word_1_327' title='bbox 160 2538 319 2589; x_wconf 86' lang='lat' dir='ltr'>quelli,</span> <span class='ocrx_word' id='word_1_328' title='bbox 349 2539 381 2578; x_wconf 90' lang='lat' dir='ltr'>li</span> <span class='ocrx_word' id='word_1_329' title='bbox 409 2538 533 2590; x_wconf 89' lang='lat' dir='ltr'>quali</span> <span class='ocrx_word' id='word_1_330' title='bbox 560 2538 867 2590; x_wconf 89' lang='lat' dir='ltr'>frequentano</span> <span class='ocrx_word' id='word_1_331' title='bbox 900 2540 944 2580; x_wconf 92' lang='lat' dir='ltr'>la</span> <span class='ocrx_word' id='word_1_332' title='bbox 972 2540 1320 2590; x_wconf 84' lang='lat' dir='ltr'>communione,</span> <span class='ocrx_word' id='word_1_333' title='bbox 1350 2545 1394 2579; x_wconf 90' lang='lat' dir='ltr'>et</span> <span class='ocrx_word' id='word_1_334' title='bbox 1421 2540 1500 2591; x_wconf 81' lang='lat' dir='ltr'>piu</span> <span class='ocrx_word' id='word_1_335' title='bbox 1532 2540 1658 2580; x_wconf 88' lang='lat' dir='ltr'>assai</span> <span class='ocrx_word' id='word_1_336' title='bbox 1686 2539 1799 2580; x_wconf 87' lang='lat' dir='ltr'>han-</span> 
     </span>
     <span class='ocr_line' id='line_1_34' title="bbox 158 2609 1796 2662; baseline 0.001 -14"><span class='ocrx_word' id='word_1_337' title='bbox 158 2609 262 2649; x_wconf 88' lang='lat' dir='ltr'>nosi</span> <span class='ocrx_word' id='word_1_338' title='bbox 296 2609 631 2650; x_wconf 88' lang='lat' dir='ltr'>communicati</span> <span class='ocrx_word' id='word_1_339' title='bbox 665 2622 749 2662; x_wconf 92' lang='lat' dir='ltr'>per</span> <span class='ocrx_word' id='word_1_340' title='bbox 777 2610 808 2650; x_wconf 91' lang='grc'>11</span> <span class='ocrx_word' id='word_1_341' title='bbox 836 2610 1096 2651; x_wconf 89' lang='lat' dir='ltr'>ministerio</span> <span class='ocrx_word' id='word_1_342' title='bbox 1131 2617 1294 2651; x_wconf 90' lang='lat' dir='ltr'>nostro</span> <span class='ocrx_word' id='word_1_343' title='bbox 1328 2611 1448 2651; x_wconf 91' lang='lat' dir='ltr'>nelle</span> <span class='ocrx_word' id='word_1_344' title='bbox 1482 2610 1598 2650; x_wconf 85' lang='lat' dir='ltr'>feste</span> <span class='ocrx_word' id='word_1_345' title='bbox 1630 2610 1677 2651; x_wconf 91' lang='lat' dir='ltr'>di</span> <span class='ocrx_word' id='word_1_346' title='bbox 1707 2610 1796 2651; x_wconf 89' lang='lat' dir='ltr'>Na-</span> 
     </span>
     <span class='ocr_line' id='line_1_35' title="bbox 158 2680 1797 2739; baseline 0.002 -20"><span class='ocrx_word' id='word_1_347' title='bbox 158 2681 272 2731; x_wconf 86' lang='lat' dir='ltr'>tale,</span> <span class='ocrx_word' id='word_1_348' title='bbox 309 2680 394 2720; x_wconf 89' lang='lat' dir='ltr'>che</span> <span class='ocrx_word' id='word_1_349' title='bbox 432 2681 598 2731; x_wconf 89' lang='lat' dir='ltr'>prima.</span> <span class='ocrx_word' id='word_1_350' title='bbox 631 2681 666 2721; x_wconf 92' lang='lat' dir='ltr'>Il</span> <span class='ocrx_word' id='word_1_351' title='bbox 698 2680 785 2722; x_wconf 72' lang='lat' dir='ltr'>S›.re</span> <span class='ocrx_word' id='word_1_352' title='bbox 812 2693 900 2739; x_wconf 85' lang='lat' dir='ltr'>con</span> <span class='ocrx_word' id='word_1_353' title='bbox 928 2693 1012 2722; x_wconf 89' lang='lat' dir='ltr'>sua</span> <span class='ocrx_word' id='word_1_354' title='bbox 1043 2682 1181 2722; x_wconf 88' lang='lat' dir='ltr'>solita</span> <span class='ocrx_word' id='word_1_355' title='bbox 1208 2682 1452 2732; x_wconf 73' lang='lat' dir='ltr'>benignita</span> <span class='ocrx_word' id='word_1_356' title='bbox 1485 2682 1532 2721; x_wconf 90' lang='lat' dir='ltr'>in</span> <span class='ocrx_word' id='word_1_357' title='bbox 1563 2688 1724 2733; x_wconf 86' lang='lat' dir='ltr'>queste</span> <span class='ocrx_word' id='word_1_358' title='bbox 1751 2689 1797 2722; x_wconf 93' lang='lat' dir='ltr'>et</span> 
     </span>
     <span class='ocr_line' id='line_1_36' title="bbox 159 2751 1796 2805; baseline 0.002 -14"><span class='ocrx_word' id='word_1_359' title='bbox 159 2751 275 2791; x_wconf 83' lang='lat' dir='ltr'>altre</span> <span class='ocrx_word' id='word_1_360' title='bbox 307 2763 415 2792; x_wconf 92' lang='lat' dir='ltr'>cose</span> <span class='ocrx_word' id='word_1_361' title='bbox 450 2764 508 2792; x_wconf 92' lang='lat' dir='ltr'>ne</span> <span class='ocrx_word' id='word_1_362' title='bbox 544 2752 762 2802; x_wconf 89' lang='lat' dir='ltr'>esercita,</span> <span class='ocrx_word' id='word_1_363' title='bbox 801 2754 843 2792; x_wconf 90' lang='lat' dir='ltr'>le</span> <span class='ocrx_word' id='word_1_364' title='bbox 874 2754 1011 2805; x_wconf 89' lang='lat' dir='ltr'>quale</span> <span class='ocrx_word' id='word_1_365' title='bbox 1045 2765 1128 2805; x_wconf 89' lang='lat' dir='ltr'>per</span> <span class='ocrx_word' id='word_1_366' title='bbox 1163 2754 1348 2794; x_wconf 80' lang='lat' dir='ltr'>brevita</span> <span class='ocrx_word' id='word_1_367' title='bbox 1380 2754 1576 2793; x_wconf 83' lang='lat' dir='ltr'>lassaro.</span> <span class='ocrx_word' id='word_1_368' title='bbox 1613 2752 1737 2794; x_wconf 86' lang='lat' dir='ltr'>Poco</span> <span class='ocrx_word' id='word_1_369' title='bbox 1769 2766 1796 2794; x_wconf 88' lang='lat' dir='ltr'>a</span> 
     </span>
     <span class='ocr_line' id='line_1_37' title="bbox 156 2823 1799 2876; baseline 0.002 -15"><span class='ocrx_word' id='word_1_370' title='bbox 156 2833 276 2872; x_wconf 91' lang='lat' dir='ltr'>poco</span> <span class='ocrx_word' id='word_1_371' title='bbox 310 2823 508 2874; x_wconf 86' lang='lat' dir='ltr'>qualche</span> <span class='ocrx_word' id='word_1_372' title='bbox 537 2824 665 2863; x_wconf 89' lang='lat' dir='ltr'>volta</span> <span class='ocrx_word' id='word_1_373' title='bbox 693 2835 776 2875; x_wconf 89' lang='lat' dir='ltr'>per</span> <span class='ocrx_word' id='word_1_374' title='bbox 807 2824 853 2863; x_wconf 88' lang='lat' dir='ltr'>la</span> <span class='ocrx_word' id='word_1_375' title='bbox 880 2823 1009 2864; x_wconf 86' lang='lat' dir='ltr'>lddio</span> <span class='ocrx_word' id='word_1_376' title='bbox 1037 2824 1194 2876; x_wconf 90' lang='lat' dir='ltr'>gratia</span> <span class='ocrx_word' id='word_1_377' title='bbox 1222 2835 1438 2864; x_wconf 85' lang='lat' dir='ltr'>verremo</span> <span class='ocrx_word' id='word_1_378' title='bbox 1468 2835 1495 2864; x_wconf 90' lang='lat' dir='ltr'>a</span> <span class='ocrx_word' id='word_1_379' title='bbox 1522 2825 1799 2876; x_wconf 88' lang='lat' dir='ltr'>particulari</span> 
     </span>
     <span class='ocr_line' id='line_1_38' title="bbox 157 2892 1796 2947; baseline 0.002 -15"><span class='ocrx_word' id='word_1_380' title='bbox 157 2892 379 2944; x_wconf 81' lang='lat' dir='ltr'>esercitii,</span> <span class='ocrx_word' id='word_1_381' title='bbox 417 2905 511 2933; x_wconf 90' lang='lat' dir='ltr'>non</span> <span class='ocrx_word' id='word_1_382' title='bbox 546 2894 764 2934; x_wconf 86' lang='lat' dir='ltr'>havendo</span> <span class='ocrx_word' id='word_1_383' title='bbox 799 2895 935 2946; x_wconf 86' lang='lat' dir='ltr'>quasi</span> <span class='ocrx_word' id='word_1_384' title='bbox 968 2907 1018 2935; x_wconf 90' lang='lat' dir='ltr'>se</span> <span class='ocrx_word' id='word_1_385' title='bbox 1046 2907 1140 2935; x_wconf 89' lang='lat' dir='ltr'>non</span> <span class='ocrx_word' id='word_1_386' title='bbox 1177 2895 1224 2935; x_wconf 90' lang='lat' dir='ltr'>in</span> <span class='ocrx_word' id='word_1_387' title='bbox 1257 2896 1479 2946; x_wconf 88' lang='lat' dir='ltr'>generale</span> <span class='ocrx_word' id='word_1_388' title='bbox 1506 2895 1623 2936; x_wconf 81' lang='lat' dir='ltr'>fatto</span> <span class='ocrx_word' id='word_1_389' title='bbox 1653 2908 1737 2947; x_wconf 90' lang='lat' dir='ltr'>per</span> <span class='ocrx_word' id='word_1_390' title='bbox 1764 2896 1796 2936; x_wconf 93' lang='lat' dir='ltr'>il</span> 
     </span>
     <span class='ocr_line' id='line_1_39' title="bbox 154 2963 1797 3023; baseline 0.002 -20"><span class='ocrx_word' id='word_1_391' title='bbox 154 2969 362 3023; x_wconf 85' lang='lat' dir='ltr'>passato.</span> <span class='ocrx_word' id='word_1_392' title='bbox 399 2963 626 3016; x_wconf 87' lang='lat' dir='ltr'>Speramo</span> <span class='ocrx_word' id='word_1_393' title='bbox 663 2965 867 3016; x_wconf 88' lang='lat' dir='ltr'>magiori</span> <span class='ocrx_word' id='word_1_394' title='bbox 908 2977 1016 3006; x_wconf 87' lang='lat' dir='ltr'>cose</span> <span class='ocrx_word' id='word_1_395' title='bbox 1056 2967 1131 3006; x_wconf 89' lang='lat' dir='ltr'>nel</span> <span class='ocrx_word' id='word_1_396' title='bbox 1168 2965 1256 3006; x_wconf 71' lang='grc' dir='ltr'>5.ΓΕ</span> <span class='ocrx_word' id='word_1_397' title='bbox 1294 2966 1481 3017; x_wconf 91' lang='lat' dir='ltr'>quando</span> <span class='ocrx_word' id='word_1_398' title='bbox 1516 2967 1547 3007; x_wconf 88' lang='lat' dir='ltr'>il</span> <span class='ocrx_word' id='word_1_399' title='bbox 1580 2968 1721 3018; x_wconf 88' lang='lat' dir='ltr'>luogo</span> <span class='ocrx_word' id='word_1_400' title='bbox 1752 2967 1797 3007; x_wconf 88' lang='grc'>61</span> 
     </span>
     <span class='ocr_line' id='line_1_40' title="bbox 157 3034 390 3085; baseline 0 -11"><span class='ocrx_word' id='word_1_401' title='bbox 157 3034 390 3085; x_wconf 80' lang='lat' dir='ltr'>agiutara.</span> 
     </span>
    </p>
   </div>
  </div>
 </body>
</html>
