2168 3437
848 262 932 298 AN.
964 260 1056 299 1553
1707 262 1773 298 145

211 358 440 399 Similiter
460 362 504 399 et
525 359 588 410 hi,
611 358 691 410 qui
710 370 858 410 nuper
879 358 992 398 mihi
1013 358 1225 398 nonnihil
1246 359 1574 398 commotionis
1598 359 1771 399 excita-

128 436 299 471 verunt
319 429 443 481 apud
463 429 712 470 Rectorem
731 430 1088 479 Universitatis,
1113 430 1238 480 quod
1258 429 1383 469 alias
1402 429 1553 470 latius
1579 430 1772 482 scripsi]

129 501 308 542 maiore
328 512 470 552 quam
489 512 695 551 unquam
717 506 855 540 antea
876 500 924 540 in
944 511 1032 540 nos
1052 500 1382 541 benevolentia
1405 500 1687 541 afficiuntur.

211 571 412 623 Quidam
432 571 615 611 iuvenis
643 570 714 611 20
744 574 829 610 aut
850 570 923 610 22
943 581 1181 610 annornm
1202 583 1261 611 ex
1292 571 1502 623 Collegio
1532 572 1772 624 theologo-

132 654 236 683 rum
268 642 341 682 his
369 642 532 682 diebus
557 652 731 693 magno
759 652 865 681 cum
889 641 1044 681 fructu
1072 642 1334 693 spiritualia
1366 643 1569 684 absolvit
1597 644 1771 684 exerci-

132 714 219 763 tia,
256 725 316 753 ex
345 713 512 765 quibus
543 719 724 753 tantum
752 713 972 752 incensus
997 712 1081 752 fuit
1109 724 1224 764 erga
1253 712 1426 764 Deum,
1460 721 1510 754 ut
1540 727 1597 755 ne
1633 716 1772 755 avelli

131 784 319 836 quidem
353 784 411 824 ab
445 783 639 824 aedibus
672 783 848 824 nostris
880 783 1105 835 potuerit,
1146 795 1257 824 nam
1295 786 1439 825 semel
1478 786 1708 827 abductus
1745 799 1772 826 a

132 856 337 908 quodam
357 855 518 905 fratre,
543 855 740 895 ducente
760 854 843 894 vix
863 865 1074 905 reverSO,
1100 861 1143 895 et
1165 855 1266 906 ipse
1287 854 1414 896 fores
1430 857 1662 908 pulsabat,
1687 870 1773 898 nec

133 926 321 967 domum
360 926 490 966 exire
529 926 700 976 voluit,
737 925 886 965 donec
918 924 1058 965 Pater
1095 937 1179 977 per
1218 926 1532 967 obedientiam
1572 928 1775 980 idipsum

134 997 442 1049 praeciperet.
472 997 636 1038 Voluit
665 996 789 1037 enim
813 996 953 1036 Pater
987 1003 1035 1036 ut
1071 997 1288 1047 spiritum
1321 1009 1456 1038 suum
1483 1010 1565 1050 per
1599 1000 1774 1052 aliquot

132 1068 232 1109 dies
248 1075 293 1108 et
313 1074 447 1108 extra
469 1068 695 1108 exercitia
715 1067 951 1119 probaret,
975 1079 1032 1107 ac
1056 1073 1152 1108 tum
1173 1068 1361 1109 demum
1382 1075 1566 1109 maturo
1600 1070 1660 1110 ad
1689 1082 1776 1111 nos

135 1139 329 1180 consilio
356 1139 554 1179 veniret.
578 1138 817 1191 Optimum
846 1139 893 1178 in
921 1139 1017 1179 suis
1045 1140 1227 1191 spargit
1255 1140 1469 1190 odorem,
1500 1142 1579 1193 qui
1606 1141 1776 1182 ibidem

135 1211 323 1251 circiter
356 1209 408 1249 40
441 1216 700 1250 morantur.
737 1209 841 1250 Non
879 1209 1144 1250 dubitamus
1178 1211 1290 1262 quin
1324 1212 1482 1263 plures
1517 1223 1678 1253 secum
1718 1214 1777 1253 ad

139 1281 377 1322 Christum
395 1280 564 1321 trahet.
1684 1278 1688 1283 '

214 1353 320 1405 Ipsa
341 1352 400 1392 D.
429 1351 714 1393 Catharinae
740 1351 996 1392 festivitate
1024 1352 1165 1393 Pater
1194 1365 1308 1394 suae
1337 1355 1628 1406 captivitatis
1659 1355 1668 1374 ¹
1699 1368 1777 1396 an-

137 1436 282 1465 nuum
301 1424 423 1464 diem
453 1424 709 1464 celebravit
736 1424 803 1464 uti
830 1424 1053 1475 sequitur.
1084 1424 1360 1465 Venerabili
1386 1409 1697 1467 Sacrame‘nto
1730 1428 1778 1468 in

133 1495 271 1536 altari
305 1495 576 1535 solemniter
608 1495 837 1546 exposito,
875 1496 1019 1535 choro
1054 1494 1180 1536 haud
1215 1508 1351 1537 secus
1387 1504 1617 1538 exornato
1654 1511 1710 1539 ac
1739 1500 1778 1539 si

134 1567 368 1619 primitiae
396 1567 704 1607 celebrandae
735 1574 914 1617 essent,
944 1567 1111 1607 deinde
1138 1568 1327 1619 optimis
1359 1567 1611 1610 Societatis
1640 1582 1778 1611 orna-

133 1638 304 1679 mentis
324 1638 488 1678 eodem
508 1638 552 1678 in
575 1638 678 1678 loco
700 1644 894 1689 uterque
916 1639 1258 1679 celebravimus
1279 1651 1463 1681 summa
1485 1653 1592 1682 cum
1615 1643 1781 1694 populi

128 1709 382 1750 devotione
402 1720 489 1749 nec
509 1720 620 1749 rara
639 1708 917 1760 frequentia,
943 1710 1030 1749 etsi
1051 1710 1118 1750 rei
1140 1722 1284 1750 causa
1306 1711 1474 1751 maiori
1494 1713 1618 1764 parti
1645 1713 1774 1754 invo-

133 1782 230 1821 luta
255 1781 498 1832 penderet;
537 1781 839 1821 nihilominus
873 1788 1065 1832 peracto
1095 1781 1267 1822 Missae
1299 1783 1548 1832 sacrificio,
1584 1784 1645 1825 ad
1673 1795 1778 1825 san-

130 1852 371 1892 ctissimae
392 1851 717 1892 Eucharistiae
739 1852 1116 1892 communionem
1145 1853 1493 1904 suscipiendam
1515 1855 1646 1896 multi
1669 1856 1775 1896 ade-

135 1930 242 1963 rant
275 1923 453 1974 parati3
490 1924 636 1963 altero
671 1923 795 1963 enirn
828 1923 1118 1974 celebrante,
1162 1926 1279 1964 alter
1319 1925 1365 1964 in
1401 1926 1775 1967 confessionibus

139 1994 383 2034 audiendis
405 1994 699 2045 persistebat.
725 1994 847 2034 Ante
869 2001 913 2034 et
933 2001 1037 2045 post
1059 2001 1255 2046 uterque
1277 1994 1308 2035 ².

219 2064 405 2116 Quanta
433 2065 620 2116 quidem
653 2077 712 2106 ex
747 2065 874 2106 omni
907 2076 1080 2116 genere
1115 2066 1175 2106 ad
1211 2066 1554 2108 confessionem
1589 2070 1781 2110 confluit

136 2136 384 2177 multitudo
419 2148 478 2176 ex
513 2136 812 2188 sequentibus
842 2138 1050 2188 apertius
1085 2137 1274 2188 patebit.
1311 2137 1383 2178 Me
1413 2151 1556 2180 unum
1589 2141 1635 2181 in
1663 2141 1781 2181 festo

137 2207 343 2248 omniurn
380 2206 664 2248 Sanctorum
696 2207 1085 2259 praecedentibus
1125 2216 1170 2248 et
1205 2209 1596 2261 subsequentibus
1633 2211 1778 2261 feriis,

138 2278 324 2318 circiter
362 2279 583 2318 trecentis
617 2290 645 2318 a
679 2277 975 2319 confessione
1006 2279 1165 2330 fuisse,
1203 2291 1309 2320 cum
1344 2287 1501 2321 tamen
1532 2282 1579 2322 in
1618 2282 1781 2323 eodem

138 2350 310 2401 templo
332 2355 519 2401 praeter
539 2360 612 2389 me
635 2356 729 2390 tres
752 2361 936 2401 quoque
958 2357 1037 2390 aut
1069 2357 1270 2398 quatuor
1302 2351 1622 2393 confessiones
1655 2355 1782 2394 audi-

139 2426 258 2461 rent.
281 2419 502 2461 Similiter
524 2421 571 2460 in
591 2420 710 2460 festo
732 2421 913 2461 Natalis
934 2421 1125 2462 Domini
1153 2423 1211 2462 ab
1242 2423 1344 2474 ipso
1367 2424 1453 2472 die,
1479 2425 1558 2475 qui
1585 2424 1630 2465 S.
1665 2424 1784 2465 Tho-

141 2503 245 2532 mae
264 2503 399 2532 sacer
420 2499 514 2542 est,
538 2492 582 2531 in
605 2492 816 2543 quintam
836 2504 982 2544 usque
1004 2493 1169 2533 feriam
1190 2501 1297 2544 post
1322 2494 1517 2545 festum,
1547 2499 1646 2536 tam
1674 2501 1784 2537 ante

136 2573 283 2614 >quam
297 2562 627 2614 pomeridiano
654 2566 864 2613 tempore
891 2564 937 2603 in
970 2565 1166 2604 multum
1194 2577 1377 2616 quoque
1406 2567 1558 2606 noctis
1586 2575 1782 2620 uterque

142 2633 462 2674 confessiones
484 2634 764 2685 audivimus,
788 2634 875 2675 hoc
898 2635 1060 2675 ordine
1081 2636 1362 2685 observatos
1383 2638 1506 2688 quod
1534 2639 1590 2689 ii,
1615 2639 1693 2690 qui
1724 2640 1783 2680 ad

141 2716 329 2745 sacram
348 2705 724 2745 communionem
746 2705 970 2746 accedere
992 2706 1251 2758 intendunt,
1277 2714 1384 2748 ante
1402 2709 1652 2759 prandium
1674 2722 1780 2751 con-

141 2892 262 2914 autem
279 2888 389 2922 plura
417 2889 460 2916 ad
483 2889 651 2924 epistolae
677 2890 821 2922 calcem,
849 2893 925 2924 post
952 2891 1237 2925 subscriptionem
1260 2892 1375 2918 eodem
1399 2893 1496 2927 signo
1521 2894 1658 2929 iterato,
1687 2904 1772 2931 quas

146 2935 366 2969 postscripta
381 2937 552 2970 exaravit,
569 2941 602 2964 et
616 2944 677 2964 nos
690 2937 792 2964 simili
808 2937 863 2964 hic
879 2938 950 2965 loco
966 2938 1207 2965 describemus.

203 2981 213 3001 ¹
251 2981 340 3009 Vide
355 2982 523 3019 ΡοιΑΝεο,
541 2984 676 3017 61ινοη,,
690 2989 703 3012 t
735 2992 770 3017 11,
793 2992 870 3020 pag.
884 2985 946 3020 287,
965 2993 1042 3013 ann.
1068 2986 1147 3019 1551,
1168 2994 1199 3012 n.
1221 2986 1283 3020 245,
1306 2991 1338 3014 et
1362 2986 1490 3017 Lz'tter.
1509 2989 1710 3024 Quadrim„
1724 2996 1746 3021 t.
1764 3001 1786 3025 ι,

147 3036 226 3063 pag.
242 3029 306 3063 452,
320 3029 374 3057 502
388 3034 422 3057 et
435 3030 500 3058 507.

203 3076 217 3094 Ξ
254 3076 345 3104 Ante
360 3081 394 3104 et
405 3083 481 3112 post
498 3079 646 3106 missam
662 3079 879 3107 celebratam
894 3083 1035 3114 uterque
1047 3080 1081 3107 in
1093 3080 1359 3109 confessionibus
1373 3084 1550 3112 audiendis
1564 3087 1786 3120 persistebat.

341 3136 390 3172 T.
411 3148 452 3172 11.
1533 3156 1573 3179 10
