2168 3437
372 248 441 284 414
893 247 1120 284 LITTERAE
1148 258 1505 290 QUADRIMESTRES

373 346 441 386 vit
475 343 637 395 corda,
667 348 716 383 ut
745 343 877 383 multi
911 343 1048 394 plane
1079 355 1254 384 novum
1280 344 1370 384 visi
1396 345 1488 385 sint
1517 345 1723 386 induisse
1753 346 2003 388 hominem.

373 415 679 456 Desideratus
700 414 952 464 plurimum
972 414 1019 453 in
1039 414 1142 454 aliis
1162 415 1280 455 locis
1301 413 1399 465 ejus
1419 416 1700 467 praesentia.
1835 404 1842 412 ⁶

452 485 646 535 Insuper
680 484 735 524 de
770 483 1161 537 confessionibus,
1191 497 1359 537 parum
1386 486 1523 526 altius
1557 493 1607 526 ut
1628 488 1926 538 progrediar,
1962 489 2011 532 in

374 556 472 595 dies
506 555 659 605 magis
691 555 936 606 magisque
972 555 1294 596 confitentium
1329 562 1528 607 augetur
1562 569 1812 609 numerus,
1847 565 1896 599 ut
1929 560 2012 600 vix

372 626 493 666 diem
514 625 716 666 transire
737 626 993 677 contingat,
1013 638 1103 677 quo
1124 639 1219 666 non
1238 627 1350 667 novi
1372 627 1613 677 accedant;
1633 641 1799 669 verum
1819 630 1866 669 in
1882 629 2009 670 festi-

373 696 616 747 vitatibus,
642 708 697 736 ac
718 697 923 736 maxime
944 697 992 736 in
1011 696 1101 737 hoc
1121 709 1243 737 novo
1266 709 1492 738 concesso
1510 698 1739 750 jubilaeo,
1763 706 1920 740 tantus
1942 707 2013 741 est

373 778 650 817 concursuS,
675 773 725 807 ut
745 773 883 807 nocte
904 774 948 808 et
969 767 1041 808 die
1062 780 1145 819 per
1165 769 1336 809 multas
1367 769 1646 821 quandoque
1667 770 1809 810 horas
1832 770 2011 812 confes-

372 839 527 878 siones
548 838 711 878 audire
732 839 884 879 coacti
904 838 1143 889 fuerimus,
1168 834 1215 879 in
1236 840 1417 891 quibus,
1442 840 1602 880 divina
1625 841 1815 881 favente
1839 843 2010 894 gratia,
2062 892 2066 896 ,

372 909 503 949 multi
524 921 547 949 e
569 909 754 960 magnis
775 915 1077 961 peccatorum
1098 910 1302 950 tenebris
1323 910 1382 950 ad
1402 912 1559 951 lumen
1588 912 1940 964 resipiscentiae
1968 919 2013 954 et

371 980 585 1020 veritatis
606 981 956 1032 pertrahuntur.
981 980 1223 1032 Quaedam
1245 994 1272 1021 a
1299 982 1352 1021 25
1379 982 1514 1023 annis
1544 990 1624 1023 aut
1653 995 1707 1023 eo
1737 984 1934 1035 amplius
1965 984 2013 1024 in

372 1051 528 1091 multis
550 1051 826 1092 mortalibus
847 1052 1105 1103 permansit
1125 1053 1353 1104 peccatis3
1378 1059 1627 1104 expectata
1649 1055 1839 1094 tandem
1862 1066 1889 1094 a
1920 1054 2011 1095 Do-

373 1122 521 1173 mino,
553 1133 729 1173 magna
757 1123 1109 1174 lachrymarum
1139 1123 1442 1164 inundatione
1463 1130 1614 1164 totum
1640 1126 1810 1166 mentis
1830 1132 2015 1166 reatum

374 1192 535 1234 effudit
557 1226 565 1244 ,
606 1193 882 1246 proficitque
922 1195 1125 1246 quotidie
1164 1195 1211 1235 in
1250 1195 1430 1235 melius.
1472 1195 1715 1246 Quaedam
1749 1203 2010 1248 praeterea,

372 1265 618 1315 praeclara
639 1265 880 1305 nobilitate
901 1277 1122 1317 persona,
1147 1266 1194 1305 in
1214 1266 1495 1317 profundum
1514 1274 1819 1319 peccatorum
1840 1268 2009 1308 incide-

374 1341 448 1376 rat
476 1336 724 1387 abyssum,
760 1342 1091 1388 manseratque
1119 1348 1201 1388 per
1237 1338 1407 1378 multos
1442 1349 1607 1390 annos;
1643 1336 1777 1390 [haec
1814 1338 2014 1391 aperuit]

375 1407 679 1447 confirmasse
698 1407 789 1447 hoc
809 1414 941 1459 voto,
966 1414 1037 1458 ut,
1062 1408 1100 1448 si
1123 1408 1310 1460 quando
1334 1409 1445 1460 quid
1464 1409 1575 1449 boni
1601 1421 1651 1449 se
1678 1410 1911 1450 facturam
1942 1422 2016 1451 co-

374 1483 639 1529 gnosceret,
659 1490 709 1518 se
730 1478 881 1530 ipsam
902 1479 1169 1520 interimere
1192 1480 1364 1531 mallet3
1384 1480 1431 1520 in
1448 1492 1538 1532 quo
1559 1481 1800 1532 proposito
1823 1481 1944 1522 ultra
1969 1480 2019 1521 18

376 1555 456 1589 aut
476 1548 529 1589 20
550 1561 699 1590 annos
728 1549 882 1590 haesit
905 1550 1022 1591 adeo
1044 1551 1362 1603 pertinaciter,
1392 1558 1441 1592 ut
1469 1563 1496 1592 a
1521 1552 1647 1592 nullo
1676 1564 1882 1605 unquam
1909 1565 2017 1593 con-

374 1621 495 1661 verti
516 1621 733 1672 potuerit:
756 1621 988 1662 retinebat
1010 1623 1214 1674 capitale
1237 1623 1474 1674 quoddam
1498 1623 1655 1663 odium
1677 1629 1866 1675 propter
1888 1624 2017 1665 innu-

376 1692 625 1732 merabiles
645 1692 733 1732 sibi
752 1692 907 1732 illatas
928 1692 1143 1744 injurias,
1169 1694 1215 1733 in
1243 1705 1334 1745 quo
1357 1694 1421 1734 ita
1444 1694 1667 1746 absorpta
1687 1694 1840 1735 fuerat
1859 1700 1909 1735 ut
1929 1695 2018 1735 hoc

375 1774 535 1824 secum
557 1763 616 1803 ad
636 1763 814 1804 inferos
836 1763 1018 1804 deferre
1039 1765 1194 1804 vellet.
1219 1765 1400 1805 Verum
1421 1765 1550 1806 Deus
1571 1766 1748 1806 nullum
1774 1766 1851 1818 qui
1879 1766 2019 1818 (quod

375 1834 422 1874 in
441 1834 542 1886 ipso
561 1836 646 1883 est)
671 1835 895 1886 destituit,
915 1847 1002 1875 nec
1024 1836 1146 1876 hanc
1168 1842 1404 1877 errantem
1426 1837 1631 1878 deseruit
1653 1837 1901 1888 oviculam3
1920 1838 2015 1888 sed,

376 1911 564 1956 praeter
586 1906 792 1946 omnium
814 1907 1203 1959 expectationem,
1229 1908 1288 1948 ad
1310 1907 1653 1948 confessionem
1674 1909 1922 1960 pertraxit,
1941 1909 2020 1949 ubi

374 1976 463 2028 piis
493 1983 728 2017 commota
768 1977 1164 2019 admonitionibus
1201 1985 1246 2018 et
1280 1979 1523 2019 lachrimis
1560 1991 1757 2020 saxeum
1792 1979 1903 2020 illud
1938 1992 2020 2022 cor

375 2054 600 2099 tanquam
622 2060 731 2088 cera
751 2048 895 2089 fluere
922 2049 1089 2101 coepit,
1112 2056 1176 2101 ut,
1201 2062 1296 2090 non
1317 2051 1472 2090 solum
1506 2051 1649 2091 totius
1677 2052 1804 2092 vitae
1832 2052 2016 2094 confite-

376 2125 505 2159 retur
524 2125 742 2171 peccata,
765 2131 933 2161 verum
954 2132 1156 2172 syncero
1178 2132 1362 2173 quoque
1385 2121 1525 2162 corde
1549 2127 1593 2162 et
1615 2122 1773 2162 odium
1795 2122 2018 2174 deposue-

374 2190 435 2230 rit
456 2195 501 2230 et
521 2202 707 2231 omnem
727 2191 815 2231 sibi
836 2191 1013 2232 illatam
1035 2192 1375 2233 condonaverit
1403 2192 1637 2244 injuriam.
1669 2192 1924 2245 Cujusdam
1953 2194 2017 2234 fa-

375 2261 552 2312 miliae,
575 2261 678 2302 Deo
698 2262 867 2314 planae
887 2261 1110 2313 devotae,
1133 2264 1363 2315 parvulus
1385 2264 1576 2315 quidam
1598 2276 1714 2316 puer
1727 2296 1735 2316 ,
1765 2270 1860 2304 tres
1889 2265 2018 2306 circi-

377 2339 445 2372 ter
474 2344 623 2373 annos
650 2339 811 2385 natus,
843 2333 1079 2374 continuis
1106 2334 1386 2386 quibusdam
1418 2336 1683 2376 vexabatur
1710 2333 2017 2387 illusionibus,

377 2404 713 2455 apparentibus
734 2404 799 2444 illi
819 2404 867 2445 in
886 2404 1050 2445 formis
1070 2406 1322 2445 multarum
1343 2406 1622 2456 bestiarum,
1653 2407 1822 2458 quibus
1853 2418 2017 2458 appro-

377 2475 726 2527 pinquantibus,
744 2481 870 2516 totus
891 2475 1247 2517 concutiebatur
1269 2476 1484 2528 horrore,
1502 2477 1613 2517 fletu
1638 2483 1776 2529 atque
1798 2478 2018 2529 clamore,

378 2546 442 2586 ita
462 2552 513 2586 ut
536 2546 692 2598 capilli
722 2546 889 2598 capitis
920 2558 970 2587 se
998 2547 1179 2598 erigere
1205 2547 1482 2589 viderentur
1509 2560 1623 2600 prae
1650 2549 1794 2589 nimio
1822 2553 2016 2589 terrore:

378 2617 467 2657 hoc
500 2622 657 2657 autem
683 2622 917 2669 noctuque
945 2617 1111 2670 dieque
1140 2618 1360 2670 durabat,
1392 2619 1515 2660 unde
1541 2620 1589 2660 in
1617 2619 1774 2660 multis
1801 2626 2021 2671 parentes

377 2688 619 2728 constituti
649 2688 881 2739 angustiis
910 2689 970 2729 ad
999 2688 1187 2729 Patrem
1216 2696 1430 2730 nostrum
1460 2702 1561 2730 rem
1583 2702 1767 2731 omnem
1788 2690 2015 2731 deferunt.

377 2758 479 2809 Ipse
507 2764 664 2798 autem
690 2764 889 2800 matrem
915 2771 1009 2800 una
1039 2771 1145 2800 cum
1172 2761 1302 2812 prole
1333 2761 1393 2801 ad
1422 2762 1648 2812 templum
1676 2761 1837 2801 venire
1862 2760 2014 2813 jussit,

378 2828 530 2880 ibique
552 2829 710 2870 divino
734 2830 962 2870 interesse
983 2830 1239 2881 sacrificio,
1265 2831 1390 2883 quod
1421 2830 1520 2883 ejus
1547 2832 1780 2872 obtulerat
1805 2833 2020 2873 intentio-

378 2910 457 2950 ne3
482 2911 572 2951 quo
593 2899 746 2952 finito,
771 2901 959 2941 domum
981 2908 1294 2954 revertentes,
1320 2903 1377 2943 ab
1408 2903 1624 2943 omnibus
1651 2915 1766 2954 puer
1794 2903 2019 2944 liberatus

379 2976 448 3010 est
485 2971 918 3024 phantasmatibus,
959 2983 1046 3012 nec
1083 2973 1202 3013 ullae
1241 2985 1447 3025 unquam
1493 2974 1733 3014 redierunt
1770 2974 2015 3025 imagines.

382 3040 573 3091 Verum,
592 3053 684 3082 uno
705 3043 918 3094 liberato,
939 3043 1097 3084 statim
1119 3044 1237 3084 alius
1257 3043 1408 3095 major
1427 3051 1540 3086 natu
1562 3044 1727 3086 iisdem
1748 3045 1900 3096 coepit
1922 3056 2017 3085 mo-
