2168 3437
860 284 943 322 ΑΝ.
975 284 1066 322 1553
1711 282 1782 320 387

152 383 369 436 scipulos,
393 395 478 423 nec
499 383 630 424 multi
660 384 817 435 plures
838 383 1063 422 hactenus
1085 380 1228 422 ferme
1251 381 1599 431 connumerati,
1623 392 1780 432 quam-

151 466 293 507 quam
313 455 455 505 vulgo
478 454 690 494 audimus
712 454 850 494 etiam
873 453 1096 493 celebreis
1121 453 1246 492 viros
1267 452 1340 492 Vel
1366 451 1597 492 tantillum
1625 463 1781 492 nume-

152 537 270 570 rum.
292 525 608 574 vehementer,
640 530 737 564 tum
767 524 813 563 in
840 524 928 563 hac
958 523 1090 572 urbe,
1119 529 1219 562 tum
1239 523 1285 562 in
1306 522 1394 562 hoc
1426 522 1554 562 urbis
1576 534 1777 570 secessu,

151 596 449 636 demirantes.
470 595 623 635 Causa
639 594 758 634 forte
774 594 1038 645 paucitatiS,
1058 605 1205 644 neque
1218 592 1490 644 jamdudum
1506 593 1557 633 T.
1578 593 1626 633 P.
1650 595 1780 644 igno-

151 673 223 717 ta,
267 666 384 706 haec
418 671 512 705 est:
548 665 720 716 partim
759 670 964 704 remotus
998 664 1101 714 plus
1135 664 1249 703 satis
1284 669 1422 715 atque
1458 664 1781 704 incommodus

153 737 339 777 omnino
360 737 510 785 locus,
535 735 704 786 quippe
726 735 772 774 in
794 734 921 773 urbis
943 735 1166 784 angulum
1187 734 1434 785 quemdam
1455 736 1576 774 ultra
1606 734 1784 775 Adriae

151 809 246 848 lata
277 813 414 858 atque
440 806 621 846 undosa
653 805 883 857 quaedam
912 805 1105 844 brachia
1135 811 1367 855 retrusus,
1401 806 1572 855 partim
1600 817 1784 857 quoque

152 890 256 918 eam
277 889 378 918 esse
399 889 590 917 causam
613 876 896 916 arbitramur
917 876 1042 926 quod
1064 876 1201 923 haee,
1225 888 1337 926 prae
1365 877 1577 916 omnibus
1605 889 1695 916 una
1724 878 1782 916 ci-

153 950 351 989 vitatum
372 949 588 998 Europae
610 947 934 997 celeberrima,
959 947 1161 986 maxime
1183 947 1242 986 sit
1269 947 1601 987 contrahendis
1623 947 1786 987 merci-

154 1021 240 1060 bus
263 1018 272 1038 ¹
297 1020 493 1068 intenta;
518 1017 640 1069 quod
658 1016 754 1068 jam
776 1017 822 1056 in
843 1017 999 1056 multis
1020 1017 1205 1068 quidem
1226 1017 1386 1057 videre
1407 1017 1491 1057 fuit
1512 1030 1661 1069 neque
1689 1019 1784 1058 vul-

154 1091 284 1142 garis
302 1090 517 1130 fortunae
538 1101 624 1129 nec
646 1089 832 1139 generis
854 1088 1138 1137 hominibus,
1165 1088 1264 1139 qui,
1288 1088 1371 1128 vix
1400 1089 1681 1138 primoribus
1710 1089 1787 1129 ad-

156 1163 246 1202 huc
275 1161 418 1201 labris
445 1160 589 1200 latina
617 1160 776 1210 lingua
811 1159 1084 1210 degustata,
1115 1158 1232 1199 filios
1261 1159 1368 1198 hinc
1396 1159 1456 1199 ad
1483 1153 1702 1200 externas
1733 1173 1788 1200 ac

155 1232 430 1284 peregrinas
451 1232 668 1282 regiones
689 1231 871 1279 missos,
890 1230 966 1269 hic
989 1230 1047 1270 ad
1067 1230 1273 1269 urbanas
1295 1241 1350 1269 ac
1372 1230 1551 1270 civileis
1573 1232 1785 1280 merceis‚

157 1317 183 1344 a
205 1304 465 1344 litterarum
486 1302 651 1342 studiis
673 1308 919 1351 avocatos,
944 1301 1243 1352 addixerunt3
1274 1313 1423 1353 neque
1453 1302 1500 1341 id
1527 1308 1704 1352 tamen,
1738 1309 1787 1342 ut

157 1386 421 1427 speramus,
454 1374 552 1413 sine
583 1373 808 1413 mediocri
836 1373 976 1413 etiam
1007 1373 1303 1413 breviusculo
1331 1379 1540 1424 tempore
1567 1382 1788 1425 percepto

111 1498 114 1501 ψ
159 1454 296 1497 atque
318 1445 526 1485 imbibito
548 1445 703 1484 fructu
723 1444 982 1495 probitatis.
1005 1444 1041 1484 Ii
1061 1456 1196 1495 vero,
1221 1456 1338 1496 quos
1359 1444 1511 1484 adhuc
1541 1445 1588 1484 in
1617 1446 1790 1484 nostris

159 1517 332 1557 scholis
361 1516 611 1568 persistere
637 1516 854 1566 contigit,
886 1515 1220 1566 incredibileis‚
1250 1527 1354 1556 cum
1383 1517 1665 1566 litterarum,
1693 1523 1791 1555 tum

160 1599 354 1637 morum,
378 1587 556 1627 fructus
576 1587 790 1626 retulisse
811 1586 961 1626 videri
983 1592 1192 1637 possunt.
1218 1586 1335 1627 Cum
1357 1587 1479 1626 enim
1501 1587 1639 1626 rudes
1666 1587 1788 1637 peni-

158 1666 234 1699 tus
255 1665 392 1710 atque
412 1658 566 1709 ignari
588 1657 647 1697 ad
667 1668 753 1697 nos
772 1657 903 1698 initio
919 1658 1152 1697 ventitare
1168 1658 1422 1709 coeperint,
1442 1669 1496 1697 eo
1520 1665 1646 1697 certe
1667 1646 1799 1698 nunc

159 1730 349 1770 tandem
369 1729 686 1781 profecerunt,
710 1729 833 1769 bona
853 1741 964 1780 pars
991 1740 1237 1780 supremae
1266 1730 1430 1769 classis
1458 1730 1592 1780 (quae
1622 1730 1792 1780 viginti

159 1807 356 1852 quatuor
377 1800 474 1840 fere
496 1801 742 1840 continuos
761 1799 902 1840 habet
923 1799 1213 1851 discipulos),
1238 1806 1286 1840 ut
1308 1806 1415 1852 apte
1437 1801 1551 1840 satis
1579 1808 1622 1841 et
1650 1801 1792 1841 latine

156 1872 282 1923 loqui
312 1877 356 1912 et
391 1872 615 1921 scribere,
653 1871 794 1911 etiam
820 1871 1207 1921 declamationes,
1239 1883 1355 1923 quas
1383 1878 1427 1912 et
1458 1872 1585 1923 ipsas
1612 1873 1792 1923 pridem

157 1944 497 1995 incoeptarunt‚
523 1943 739 1993 audeant;
763 1954 878 1994 quos
898 1955 985 1983 nec
1006 1949 1221 1983 caeterae
1243 1944 1418 1984 classes
1442 1944 1649 1994 segniter
1675 1944 1792 1984 inse-

160 2020 377 2066 quuntur.

237 2084 420 2125 Morum
449 2084 634 2136 quidem
669 2090 800 2125 tanta
828 2091 897 2125 est
927 2085 1189 2125 immutatio
1223 2085 1450 2136 omnium,
1484 2092 1533 2125 ut
1561 2086 1794 2125 neminem

158 2155 322 2195 merito
343 2167 433 2195 non
458 2166 744 2206 magnopere
766 2155 1000 2195 oblectare
1021 2156 1220 2196 debeant
1242 2156 1513 2196 intuentem.
1545 2155 1678 2207 Quod
1706 2168 1793 2196 nec

159 2227 311 2278 ipsum
340 2232 409 2266 est
431 2226 694 2266 obscurum.
720 2225 1003 2266 Creberrimi
1033 2239 1233 2279 namque
1261 2228 1326 2278 (ut
1352 2229 1427 2267 vel
1458 2228 1506 2267 in
1532 2228 1810 2267 remotiori-⁴

157 2298 242 2337 bus
263 2297 359 2337 suis
378 2297 589 2348 partibus
610 2308 666 2337 ac
687 2297 920 2337 suburbiis
940 2303 1009 2337 est
1035 2297 1256 2349 frequens
1281 2298 1398 2338 haec
1426 2298 1609 2345 civitas>
1633 2299 1709 2349 qui
1732 2299 1793 2338 ad

159 2368 408 2420 gymnasia
427 2374 588 2408 nostra
608 2374 991 2419 pertranseuntes
1012 2368 1282 2420 deflectunt,
1306 2368 1528 2420 cujusque
1549 2369 1725 2419 gradus
1747 2376 1792 2409 et

160 2439 374 2479 fortunae
395 2438 622 2489 homines,
641 2439 781 2478 etiam
795 2450 1017 2490 proceres
1035 2440 1268 2480 interdum
1286 2447 1330 2480 et
1350 2440 1518 2480 summi
1540 2440 1644 2489 viri,
1665 2440 1796 2480 miris

160 2509 375 2550 laudibus
396 2509 721 2549 admirabundi
741 2509 788 2549 in
810 2510 991 2549 coelum
1012 2509 1207 2550 efferunt
1234 2510 1472 2550 docendae
1494 2516 1632 2560 atque
1653 2510 1792 2550 infor-

161 2580 359 2621 mandae
388 2579 646 2631 juventutis
679 2587 776 2620 tam
803 2580 912 2620 utile
942 2586 1129 2632 tamque
1160 2580 1451 2625 salutiferum
1488 2580 1542 2620 R.
1580 2581 1628 2620 P.
1665 2580 1795 2620 Tuae

160 2652 434 2699 institutum,
454 2651 499 2691 id
515 2651 652 2702 plane
673 2662 700 2690 a
721 2649 822 2690 Deo
845 2662 947 2691 esse
968 2651 1266 2703 affirmantes;
1285 2664 1371 2692 nec
1392 2664 1484 2692 non
1505 2652 1700 2691 subinde
1724 2663 1794 2691 re-

160 2722 312 2762 visere
333 2722 473 2762 iidem
492 2720 699 2772 gaudent
721 2727 859 2772 atque
883 2722 1189 2762 oblectantur.

240 2793 369 2832 Haec
388 2799 543 2832 autem
561 2792 731 2842 omnia,
747 2803 887 2843 quam
910 2792 966 2832 de
987 2793 1121 2833 nobis
1144 2793 1536 2833 existimationem
1560 2794 1795 2833 concitent

163 2874 304 2915 quam
337 2863 613 2903 brevissime
643 2862 810 2902 dicam.
847 2863 917 2902 Ex
952 2863 1040 2903 hoc
1075 2863 1355 2903 scholastico
1387 2864 1569 2915 quidem
1604 2876 1796 2904 munere

161 2942 300 2985 atque
332 2946 390 2973 ex
426 2933 688 2973 animarum
716 2933 814 2985 pia,
843 2945 989 2985 eaque
1017 2934 1224 2985 gratuita
1252 2934 1326 2984 (ex
1355 2946 1483 2974 more
1516 2934 1793 2985 Societatis),

218 3091 227 3111 ¹
265 3099 326 3125 pro
341 3091 592 3119 contrahendis
608 3092 784 3118 mercibus
799 3092 934 3126 scripsit
949 3091 1117 3119 Polancus
1134 3095 1368 3120 mercaturae.
