2168 3437
376 233 447 270 604
888 231 1116 269 LITTERAE
1143 241 1505 274 QUADRIMESTRES

376 336 472 369 tam
493 334 537 369 et
557 328 858 380 tranquillam
877 328 1025 369 vitam
1047 327 1238 380 degere,
1273 339 1327 368 ac
1361 327 1400 368 si
1430 328 1476 367 in
1507 327 1745 367 coenobiis
1766 338 2009 367 versaren-

377 407 472 451 tur,
497 400 764 451 videamus3
790 399 921 451 cujus
943 400 1011 439 rei
1032 399 1182 450 fama,
1205 411 1287 451 per
1307 399 1466 439 vicina
1493 399 1586 439 iam
1614 397 1783 450 oppida
1806 397 2011 438 dissemi-

376 478 510 522 nata,
535 477 584 510 ut
606 471 738 511 multi
760 483 818 511 ex
840 471 929 511 illis
950 470 1010 511 ad
1031 482 1117 511 nos
1138 476 1337 522 peccata
1359 470 1532 510 fassuri
1554 470 1748 510 veniant
1769 469 1924 509 efficit.

456 542 589 582 Multi
612 543 675 582 ita
697 543 823 582 vitae
846 548 890 583 et
912 543 1145 583 rationem
1167 548 1211 583 et
1233 542 1551 582 conditionem
1581 547 1838 592 mutarunt,
1866 546 1916 580 ut
1938 540 2016 582 alii

376 614 602 654 coenobia
623 615 846 654 nonnulla
878 614 1082 665 ingressi
1104 615 1218 666 sint,
1243 614 1321 654 alii
1343 625 1450 654 cum
1481 613 1547 664 id,
1578 613 1864 653 matrimonii
1892 612 2015 652 colli-

374 686 471 736 gati
509 686 714 737 vinculo,
751 685 910 726 facere
945 698 1039 726 non
1076 691 1283 738 possent,
1315 686 1379 725 ita
1409 691 1569 726 tamen
1603 685 1782 736 seipsos
1813 683 2015 724 ommino

374 757 577 807 egressi,
615 757 767 797 Deum
809 759 881 806 (ut
916 757 980 797 ita
1020 756 1195 807 dicam)
1237 756 1421 808 ingredi
1456 767 1739 808 carnemque
1773 766 2016 795 macerare

374 839 509 868 suam
544 834 790 879 conantur,
821 834 871 869 ut
899 828 989 869 nisi
1023 834 1211 880 patrum
1244 828 1433 868 monitis
1468 826 1832 877 refrenarentur,
1871 827 2016 866 multa

376 906 553 949 essent,
595 911 715 951 quae
756 900 1097 940 mediocritatis
1131 899 1414 940 excederent
1452 898 1658 949 modum,
1697 897 1862 938 acturi.
1899 897 2017 937 Nolo

377 983 501 1011 nunc
521 972 622 1021 (nec
641 971 764 1011 enim
780 971 827 1011 id
844 972 1070 1023 epistolae
1089 971 1204 1011 satis
1219 970 1420 1010 fortasse
1438 975 1598 1022 aptum
1615 969 1698 1019 est)
1716 969 1877 1019 multa,
1898 979 2017 1020 quae

375 1043 533 1082 multis
567 1042 697 1083 Deus
737 1043 940 1094 optimus
982 1043 1217 1083 maximus
1254 1042 1629 1083 confessionibus
1658 1046 2017 1091 nostrorumque

376 1114 682 1154 concionibus
704 1115 952 1158 concessit.
986 1114 1204 1166 quamvis
1232 1114 1325 1154 sint
1352 1113 1431 1153 illa
1459 1123 1633 1163 magna
1664 1110 1864 1163 quidem,
1895 1121 2016 1150 com-

374 1197 653 1225 memorare.
1082 1240 1086 1243 μ

455 1255 705 1308 Superiore
736 1257 1102 1308 quadragesima
1132 1256 1224 1296 duo
1252 1268 1310 1296 ex
1338 1255 1511 1296 nostris
1540 1256 1588 1295 in
1614 1254 1796 1294 duabus
1821 1253 2017 1305 Collegii

374 1327 591 1368 Abbatiis
613 1328 722 1368 hinc
743 1328 876 1368 missi
896 1339 1003 1368 cum
1031 1328 1295 1368 animarum
1316 1326 1546 1379 profectu,
1569 1326 1695 1378 apud
1715 1324 1774 1366 D.
1807 1336 2015 1377 praeser-

375 1400 459 1440 tim
482 1399 679 1440 Antonii
707 1400 763 1440 de
792 1400 1076 1451 Benespera,
1107 1400 1164 1439 ob
1194 1397 1420 1450 majorem
1452 1398 1715 1438 incolarum
1741 1395 1906 1448 judicii
1936 1396 2016 1436 ali—

374 1484 514 1523 quam
543 1472 878 1523 capacitatem,
910 1471 1179 1511 concionati
1214 1476 1336 1510 sunt.
1372 1469 1582 1521 Cumque
1617 1469 1751 1509 multi
1786 1467 2017 1519 spiritalia

374 1543 599 1584 exercitia
621 1543 779 1583 facere
800 1554 895 1582 non
917 1554 1084 1594 parum
1106 1547 1339 1594 optarent,
1363 1553 1457 1581 non
1486 1541 1566 1591 eis,
1592 1540 1806 1591 patribus
1834 1540 2019 1591 piarum

375 1616 575 1655 aliarum
596 1626 754 1655 rerum
776 1614 1168 1666 occupationibus
1191 1613 1441 1665 impeditis,
1465 1612 1740 1653 satisfacere
1760 1611 1905 1651 licuit.
1928 1611 2015 1652 No-

372 1687 451 1727 bili
474 1687 663 1727 cuidam
684 1692 881 1736 tantum,
914 1698 973 1725 ex
1002 1697 1092 1737 quo
1123 1684 1324 1736 majores
1353 1685 1399 1725 in
1427 1685 1567 1724 rebus
1595 1683 1884 1735 spiritalibus
1912 1694 2017 1734 pro-

372 1764 542 1798 ventus
565 1764 695 1798 certo
726 1757 1054 1809 sperabantur,
1079 1756 1127 1797 id
1156 1768 1435 1797 concessum
1463 1761 1546 1795 est.
1583 1755 1668 1796 Cui
1697 1760 1765 1795 tot
1791 1760 2016 1806 tantaque

373 1829 606 1869 Dominus
628 1829 855 1880 elargitus
878 1835 948 1868 est
968 1835 1017 1868 ut
1039 1840 1153 1868 suae
1174 1839 1299 1868 nunc
1331 1828 1458 1868 vitae
1488 1826 1802 1867 sanctimonia
1830 1837 1885 1866 ac
1914 1825 2015 1866 reli-

372 1901 515 1952 gione
567 1901 780 1941 omnibus
828 1899 1203 1940 aedificationem
1262 1899 1520 1940 maximam
1568 1898 1806 1950 praebeat.
1855 1897 2013 1937 Matri-

373 1972 582 2012 monium
616 1977 863 2023 praeterea
895 1971 1131 2023 quoddam
1167 1970 1462 2011 eleemosinis
1484 1970 1543 2010 ad
1570 1969 1615 2009 id
1637 1968 1925 2020 comparatis
1947 1974 2016 2008 cst

374 2043 664 2094 confectum,
707 2055 767 2083 ex
806 2054 897 2094 quo
939 2043 1105 2094 ingens
1140 2042 1242 2082 Deo
1283 2042 1442 2082 multis
1480 2040 1741 2081 rationibus
1777 2040 2015 2080 emanavit

374 2117 490 2155 laus.

457 2186 546 2226 Hic
569 2198 668 2237 sex,
694 2185 772 2238 qui
789 2185 886 2237 jam
907 2186 1151 2226 literarum
1174 2185 1340 2225 studiis
1363 2190 1674 2233 vacaverunt,
1707 2189 1869 2224 nostro
1890 2182 2013 2223 insti-

377 2265 478 2298 tuto
501 2259 617 2298 satis
641 2258 738 2310 apti
760 2257 953 2298 admissi
980 2262 1110 2308 sunt,
1136 2269 1194 2296 ex
1216 2257 1382 2308 quibus
1411 2256 1554 2307 aliqui
1582 2256 1630 2296 in
1651 2255 1885 2295 secundae
1912 2265 2013 2306 pro-

373 2330 576 2370 bationis
604 2329 763 2380 domo,
796 2330 874 2369 alii
902 2341 1015 2369 vero
1044 2329 1091 2369 in
1122 2328 1302 2380 primae
1331 2327 1662 2379 exercitiisque
1695 2327 2015 2378 spiritualibus

376 2407 641 2441 versantur.
680 2400 859 2451 Quibus
894 2401 1110 2440 omnibus
1145 2406 1190 2439 et
1224 2399 1443 2439 examina
1479 2406 1523 2439 et
1560 2399 1679 2438 aliae
1714 2398 2015 2450 probationes

375 2473 826 2524 constitutionesque
863 2482 1039 2522 magna
1076 2483 1183 2511 cum
1222 2470 1545 2510 satisfactione
1583 2470 1853 2521 propositae
1891 2474 2010 2508 sunt.

376 2544 515 2584 Faxit
543 2545 673 2585 Deus
704 2550 753 2584 ut
789 2543 913 2595 quod
949 2542 1062 2582 talia
1098 2543 1376 2594 pollicentur
1409 2541 1554 2592 initia,
1595 2541 1932 2580 incrementum
1969 2540 2015 2580 in

376 2615 579 2656 Domino
603 2616 931 2667 subsequatur.

458 2687 551 2727 Alil
568 2688 711 2727 etiam
734 2687 779 2726 in
801 2692 1015 2726 nostram
1036 2684 1319 2725 Societatem
1342 2684 1487 2735 recipi
1509 2684 1812 2723 vehementer
1835 2687 2011 2734 optant.

376 2758 587 2809 Quorum
610 2758 697 2797 etsi
718 2764 814 2797 tam
836 2769 863 2796 a
891 2763 1061 2796 natura
1091 2767 1320 2796 concessa
1348 2767 1559 2805 munera,
1589 2761 1638 2794 ut
1665 2755 1711 2794 in
1739 2755 1886 2794 literis
1912 2765 2014 2804 pro·

377 2841 584 2879 gressus,
609 2840 749 2880 quam
766 2828 988 2880 spiritalis
1009 2827 1260 2879 profectus,
1281 2826 1560 2866 confitentur
1580 2826 1702 2866 enim
1716 2824 1894 2876 jamdiu
1910 2836 2012 2876 pec-

377 2906 483 2940 cata
524 2900 713 2951 saepius
753 2905 796 2939 et
832 2898 956 2951 apud
991 2909 1077 2938 nos
1111 2898 1382 2949 frequentes
1416 2904 1545 2947 sunt,
1581 2896 1710 2936 Patri
1740 2896 2010 2948 probentur,

379 2971 533 3011 adhuc
556 2978 713 3010 tamen
734 2970 779 3010 id
802 2971 868 3010 eis
891 2970 1283 3021 denegatum-est.
1305 2968 1522 3009 Christus
1544 2968 1747 3019 optimus
1764 2967 2011 3016 maximus,

379 3042 419 3081 si
441 3041 484 3081 id
507 3042 553 3081 in
575 3054 707 3081 suam
730 3042 864 3081 cedat
887 3042 1086 3091 laudem,
1105 3046 1154 3080 ut
1172 3041 1219 3080 in
1241 3052 1374 3080 suam
1394 3040 1533 3080 etiam
1550 3038 1833 3079 Societatem
1850 3038 2012 3078 admit-
