2168 3437
865 237 949 274 AN.
978 237 1071 274 1553
1720 239 1788 277 195

887 691 1029 744 CCV

215 920 262 957 Ρ.
285 919 508 958 Oliverius
527 920 766 956 Manareus

260 984 383 1023 Patri
401 985 571 1032 Ignatio
592 984 644 1022 de
663 984 847 1032 Loyola.

305 1050 524 1096 Eugubim
544 1050 591 1087 28
608 1049 840 1087 Februarii
863 1049 955 1086 1553
975 1049 1001 1085 ¹.

206 1411 220 1429 D

221 1473 387 1514 Gratia
407 1480 451 1513 et
472 1484 566 1525 pax
587 1472 778 1513 Domini
798 1471 896 1512 Nri.
918 1472 1029 1525 Jesu
1056 1471 1130 1512 X.i
1161 1472 1365 1513 abundet
1393 1484 1576 1525 semper
1608 1474 1653 1514 in
1684 1486 1782 1515 cor-

140 1545 276 1586 dibus
298 1545 486 1585 nostris.
511 1544 678 1585 Arnen.

220 1616 347 1667 Quos
369 1615 619 1656 infecundo
648 1615 979 1667 quadrimestri
1008 1616 1168 1666 elapso
1195 1622 1357 1656 nostra
1384 1616 1458 1656 hic
1488 1616 1534 1656 in
1561 1615 1646 1656 X.0
1673 1617 1785 1670 Jesu

140 1688 359 1728 oboriens
376 1686 589 1728 Societas
604 1686 756 1727 foetus
772 1687 1023 1738 protulerit
1054 1686 1288 1737 (exigente
1317 1687 1600 1736 obedientia)
1624 1700 1784 1728 narra-

138 1768 286 1810 turus,
304 1758 358 1798 R.
374 1758 442 1809 R,
461 1758 707 1798 bimembri
727 1758 956 1798 divisione
973 1758 1177 1809 suscepti
1194 1758 1403 1798 muneris
1420 1770 1618 1810 pensum
1635 1759 1783 1800 absol-

140 1842 317 1871 vemus.
342 1830 550 1870 Primum
571 1829 821 1869 familiaria
843 1835 982 1881 atque
1005 1829 1306 1879 scholastica,
1332 1829 1499 1870 deinde
1521 1830 1783 1882 spiritualia

139 1903 322 1942 sincero
344 1913 502 1942 rerum
522 1906 764 1952 gestarum
794 1900 974 1940 ordinis
1004 1906 1194 1941 servato
1221 1912 1474 1952 progressu
1504 1912 1782 1942 commemo-

139 1973 304 2013 saturi.

219 2043 373 2084 Datus
409 2044 545 2083 nobis
572 2055 599 2083 a
619 2043 753 2083 Rmo.
785 2042 1026 2084 Cardinali
1048 2043 1105 2083 de
1126 2042 1214 2083 Sssa
1234 2042 1281 2089 »Β
1305 2054 1463 2083 comes
1485 2043 1666 2084 itineris
1687 2056 1783 2085 cre-

139 2115 234 2156 bris
263 2114 594 2166 frugiferisque
624 2113 779 2154 Patris
810 2126 865 2154 ac
895 2114 1095 2154 fratrum
1119 2120 1387 2154 nostrorum
1409 2115 1702 2155 sermonibus
1724 2115 1783 2154 ad

139 2193 445 2227 sacrosancta
473 2185 781 2226 confessionis
815 2185 1222 2237 eucharistiaeque
1253 2192 1572 2235 sacramenta,
1603 2186 1784 2237 gravis-

139 2258 367 2298 simarum
389 2265 515 2297 certe
537 2257 595 2297 ab
623 2257 714 2296 alio
742 2256 945 2308 quodam
974 2256 1021 2296 in
1051 2256 1216 2297 itinere
1243 2257 1481 2297 illatarum
1507 2256 1785 2309 injuriarum

139 2330 405 2379 immemor,
430 2328 636 2368 animum
653 2328 843 2368 tandem
865 2327 1125 2368 inclinavit.
1147 2327 1337 2379 Quanta
1359 2340 1473 2368 cura
1495 2334 1539 2368 et
1566 2328 1783 2368 sollicitu-

140 2400 246 2441 dine
267 2406 495 2449 nostrum‚
520 2399 612 2439 imo
640 2411 790 2450 suum,
823 2399 1009 2439 curavit
1035 2399 1293 2450 negotium,
1327 2405 1371 2439 et
1398 2399 1444 2439 in
1472 2400 1639 2440 itinere
1669 2405 1713 2439 et
1737 2400 1783 2439 in

139 2472 259 2512 urbe
275 2471 365 2511 hac
387 2470 665 2520 CardinaliS‚
696 2481 778 2521 per
802 2481 912 2510 suos
933 2475 1286 2521 procuratores,
1317 2470 1515 2511 reticere
1546 2482 1685 2521 quam
1706 2482 1783 2521 pa-

129 2554 242 2582 rum
265 2542 420 2582 dicere
442 2542 561 2581 duco
583 2542 744 2581 satius.
774 2540 971 2581 Duobus
993 2541 1102 2581 totis
1125 2541 1286 2581 diebus
1315 2541 1362 2582 in
1390 2541 1598 2593 eJ'usdem
1625 2541 1779 2581 Abba-

140 2614 220 2664 tia,
246 2614 303 2654 ab
337 2613 552 2664 Eugubio
587 2612 737 2652 tribus
774 2623 999 2663 passuum
1034 2612 1237 2652 millibus
1276 2612 1478 2652 distante
1515 2611 1544 2662 ²,
1582 2612 1786 2663 peractis

142 2685 380 2737 (quamdiu
399 2685 619 2735 nimirum
641 2683 911 2724 necessaria
932 2684 1208 2735 supellectili
1229 2684 1366 2724 nobis
1390 2684 1785 2724 concinnarentur

144 2756 388 2807 cubicula),
421 2755 687 2807 Eugubium
721 2755 1044 2806 pervenimuS,
1080 2761 1302 2807 rectaque
1325 2755 1384 2795 ad
1418 2755 1558 2795 aedes
1592 2754 1783 2795 Domini

142 2827 326 2867 Vicarii
347 2826 660 2877 deflectentes,
680 2837 786 2865 eum
807 2826 1132 2866 salutavimus.
1153 2825 1232 2866 Ille
1253 2837 1366 2865 vero
1384 2831 1491 2866 ante
1509 2826 1665 2866 omnia
1683 2837 1787 2866 esse

194 2961 205 2981 1
245 2960 361 2996 Epist.
380 2962 580 2995 Quadrim„
600 2961 802 2989 1553-1554.
827 2961 1092 2995 Autographum
1116 2961 1149 2988 in
1167 2960 1293 2995 duplici
1314 2960 1369 2988 fol.
1394 2962 1455 2989 sub
1480 2969 1533 2988 nn.
1559 2961 1593 2989 31
1620 2967 1653 2990 et
1676 2962 1721 2990 35.
1749 2962 1787 2989 In

140 3009 258 3036 eodem
271 3010 351 3043 vol.,
368 3010 401 3036 in
416 3010 541 3044 duplici
557 3010 612 3037 fol.
626 3010 687 3036 sub
701 3016 756 3036 nn.
770 3009 804 3035 27
819 3012 851 3035 et
870 3008 904 3035 29
919 3008 1076 3054 (sz'c)‚4est
1093 3008 1164 3043 ejus
1180 3011 1433 3043 transumptum
1449 3010 1646 3044 exemplar.

194 3056 208 3075 2
245 3056 331 3084 Vide
347 3056 516 3091 PorAxco,
532 3057 735 3088 Clzronz'con,
750 3059 772 3083 t.
789 3062 823 3089 11,
842 3063 920 3090 pag.
940 3056 998 3089 170,
1014 3064 1044 3083 n.
1063 3056 1107 3083 14.
