2168 3437
875 246 958 283 AN.
990 246 1081 283 1553
1717 246 1788 283 433

159 357 239 385 ros
261 350 311 385 ut
333 343 390 385 ad
411 345 504 384 tale
527 356 582 384 ac
610 350 792 384 tantum
819 344 1124 384 admittantur
1154 354 1284 394 opus.
1310 343 1395 383 His
1425 349 1470 383 et
1500 343 1603 383 aliis
1628 343 1786 382 multis

160 416 398 468 suppetias
418 415 691 467 serentibus,
718 416 777 455 ad
798 415 887 455 Dei
907 415 1109 466 gloriam
1130 414 1347 454 effectum
1375 421 1444 454 est
1466 420 1514 454 ut
1543 413 1687 465 ipsius
1709 414 1785 454 do-

159 498 262 527 mus
282 486 583 527 fundamenta
603 498 697 526 non
719 487 869 526 solum
890 486 1163 526 emerserint
1180 497 1345 525 verum
1365 486 1506 525 etiam
1527 486 1671 525 multo
1694 485 1788 524 iam

160 569 209 598 se
229 569 370 609 supra
393 563 567 597 terram
588 557 836 596 erexerint.

238 628 377 668 Haud
397 628 864 680 praetermittendum
885 634 1011 678 puto,
1034 627 1173 666 Pater
1195 627 1482 678 dignissime,
1506 636 1678 678 quanto
1700 627 1787 678 spi-

160 699 317 740 rituali
353 699 525 749 gaudio
559 698 737 749 perfusi
765 697 990 737 fuerimus
1026 697 1074 737 Ρ.
1111 697 1354 738 Francisci
1390 696 1400 717 ¹
1433 698 1790 737 conversatione

160 777 205 810 et
221 770 456 820 convictu,
476 769 606 809 cuius
623 769 819 820 insignis
837 769 1052 809 doctrina
1072 768 1426 820 inauditumque
1441 769 1615 809 nostris
1632 780 1788 808 saecu-

160 841 215 881 lis
236 841 516 892 exemplum,
540 846 639 880 tum
660 840 945 890 domesticis,
970 846 1066 879 tum
1089 839 1229 879 etiam
1251 840 1503 890 extraneis,
1528 839 1792 879 admirabili

160 911 347 952 utilitati
367 911 464 951 fuit.
486 910 574 951 Hic
593 911 715 951 enim
736 911 911 961 aliquot
930 909 1029 950 dies
1051 916 1383 961 commoratuS,
1409 910 1588 961 aliquas
1603 911 1727 950 domi
1748 916 1793 950 et

159 983 340 1034 publice
362 983 408 1022 in
426 982 574 1022 sacris
605 982 798 1022 aedibus
820 982 1073 1022 conciones
1090 981 1250 1020 habuit
1273 986 1402 1020 tanto
1426 981 1589 1032 spiritu
1614 993 1669 1021 ac
1691 993 1793 1021 san-

160 1054 380 1094 ctimonia
401 1053 707 1103 abundantes,
726 1059 775 1092 ut
796 1053 931 1092 huius
950 1052 1106 1104 oppidi
1128 1052 1256 1092 cives
1273 1052 1321 1091 in
1337 1063 1558 1102 magnam
1575 1059 1672 1092 tum
1689 1065 1794 1092 con-

158 1124 402 1175 fusionem,
423 1130 521 1163 tum
541 1123 682 1164 etiam
711 1123 1083 1174 admirationem,
1111 1122 1407 1172 ducerentur,
1433 1134 1549 1174 quos
1577 1123 1671 1163 suis
1693 1135 1794 1163 ver-

158 1195 228 1235 bis
250 1195 309 1235 ad
330 1206 555 1246 magnum
584 1193 672 1234 Dei
695 1194 910 1234 accendit
939 1205 1162 1245 amorem,
1199 1193 1424 1245 nobisque
1453 1194 1659 1233 animum
1685 1194 1795 1234 fecit

159 1265 219 1306 ad
238 1265 327 1306 Dei
356 1267 557 1317 gloriam
591 1266 832 1316 nostrique
867 1265 1187 1306 confusionem
1216 1264 1548 1316 quaerendam,
1585 1266 1716 1305 cuius
1745 1277 1795 1305 se

159 1337 321 1377 vivum
342 1337 594 1389 praebebat
615 1338 880 1387 exemplum
901 1335 929 1376 ².

241 1408 531 1449 Intellexisse
553 1414 612 1458 te,
636 1408 685 1448 Ρ.
711 1407 1016 1459 observande,
1044 1408 1248 1448 arbitror
1269 1408 1358 1447 illis
1380 1407 1545 1447 litteris
1573 1412 1797 1459 quantum

162 1479 342 1520 fructus
371 1478 420 1518 Ρ.
457 1479 695 1530 Baptistae
726 1478 740 1497 ⁵
771 1479 1021 1519 conciones
1052 1479 1234 1519 civibus
1266 1478 1444 1530 oppidi,
1479 1478 1601 1530 quod
1629 1478 1798 1518 dicitur

161 1550 434 1602 Methymna
456 1549 511 1589 de
533 1550 755 1601 Rioseco,
786 1550 1039 1590 attulerint.
1064 1549 1245 1590 Deinde
1271 1562 1365 1590 non
1386 1556 1493 1601 post
1509 1551 1681 1589 multos
1702 1549 1801 1590 dies

164 1621 493 1662 Vallisoletum
518 1633 567 1661 se
589 1621 797 1671 contulit,
822 1621 900 1661 ubi
926 1621 1233 1661 concionibus
1262 1621 1358 1660 suis
1385 1621 1634 1672 ignitisque
1663 1621 1800 1660 collo-

165 1693 286 1744 quiis
309 1693 572 1743 complures
594 1693 775 1732 animas
792 1692 1087 1732 dulcissimus
1104 1692 1232 1732 Iesus
1249 1703 1563 1743 compungere
1581 1692 1803 1743 dignatus

165 1769 248 1804 est.

242 1834 500 1886 Praecipue
520 1834 722 1874 nobilem
745 1833 997 1886 quamdam
1024 1833 1291 1884 foeminam,
1321 1833 1413 1873 Viri
1440 1833 1683 1873 cuiusdam
1709 1845 1801 1873 ma-

163 1906 278 1946 ximi
306 1905 354 1945 in
384 1911 639 1957 conspectu
673 1904 918 1956 Principis,
943 1916 1152 1954 uxorem,
1192 1916 1310 1956 quae
1332 1906 1509 1944 nullum
1534 1904 1732 1955 gemmis
1760 1909 1804 1944 et

166 1989 282 2017 auro
303 1977 605 2028 vestibusque
621 1976 840 2028 pretiosis
856 1977 1044 2017 modum
1062 1976 1282 2027 ponebat,
1300 1976 1647 2027 maximamque
1664 1975 1805 2015 felici-

165 2054 310 2088 tatem
330 2048 377 2088 in
406 2048 691 2088 ornamentis
721 2047 859 2088 sitam
887 2059 988 2087 esse
1018 2048 1351 2087 arbitrabatur.
1376 2048 1506 2087 Haec
1540 2059 1646 2087 cum
1672 2052 1803 2086 tanto

164 2119 318 2159 studio
340 2119 489 2159 futilia
521 2124 565 2159 et
591 2119 752 2158 inania
781 2119 897 2158 haec
926 2118 1116 2169 coleret,
1146 2119 1347 2169 totisque
1380 2118 1560 2158 viribus
1588 2117 1807 2157 frivolam

166 2201 298 2230 suam
320 2190 448 2230 illam
478 2190 678 2240 gloriam
708 2190 1083 2241 amplecteretur,
1109 2189 1267 2229 audito
1289 2190 1338 2229 P.
1369 2189 1597 2240 Baptista,
1635 2200 1807 2240 magno

166 2261 326 2301 dolore
347 2262 572 2301 Vanitatis
593 2273 706 2301 suae
727 2261 964 2301 stimulata
983 2273 1032 2301 se
1055 2261 1097 2301 ei
1117 2262 1237 2301 velle
1259 2260 1470 2301 confiteri
1486 2261 1617 2300 dixit.

242 2331 339 2372 Nec
361 2333 513 2372 solum
532 2332 592 2382 id;
617 2331 698 2372 sed
725 2331 864 2372 Patre
891 2338 1052 2372 nostro
1080 2330 1095 2349 ‘²
1124 2332 1464 2383 praecipiente,
1495 2332 1616 2372 idem
1644 2331 1692 2371 P.
1722 2331 1806 2371 Ba-

164 2403 306 2455 ptista
328 2401 517 2443 Avilam
538 2402 667 2452 adiit,
690 2403 853 2443 urbem
873 2403 1108 2453 insignem
1130 2414 1186 2442 ac
1208 2403 1520 2454 praeclaram.
1549 2402 1638 2443 Ubi
1661 2414 1686 2441 a
1708 2408 1808 2441 toto

165 2474 370 2526 capitulo
388 2479 582 2524 rogatus
598 2474 646 2513 in
662 2473 875 2513 Ecclesia
892 2473 1162 2514 Cathedrali
1178 2473 1342 2514 habuit
1360 2474 1634 2514 concionem
1651 2484 1810 2524 quam-

165 2544 274 2585 dam
294 2545 412 2584 miro
434 2544 601 2595 spiritu
623 2556 680 2584 ac
697 2544 889 2584 fervore
907 2544 1144 2584 refertam.
1164 2543 1345 2584 Deinde
1363 2544 1586 2584 Kalendis
1604 2543 1809 2595 Septem-

165 2615 284 2666 bris,
304 2627 394 2667 quo
412 2614 485 2655 die
501 2614 673 2655 festum
689 2614 771 2655 Sti.
790 2615 946 2666 Egidii
963 2615 1249 2666 celebratur,
1268 2615 1462 2655 Patroni
1485 2615 1644 2667 templi
1669 2615 1808 2664 illius,

222 2774 233 2794 ¹
274 2774 413 2809 Borgia.

220 2820 235 2840 ²
274 2821 415 2856 Signum
430 2822 599 2856 quoddam
613 2822 667 2849 hic
682 2826 733 2849 est
748 2823 780 2849 in
801 2823 1011 2857 apographo,
1031 2823 1083 2850 cui
1099 2823 1190 2849 aliud
1206 2823 1315 2850 simile
1330 2823 1512 2857 respondet
1526 2822 1660 2857 signum
1674 2822 1707 2849 in
1722 2823 1803 2850 solio

169 2868 340 2903 adjuncto,
356 2877 387 2895 n.
401 2869 468 2898 455.
482 2873 519 2896 ut
534 2869 699 2896 indicetur
715 2870 895 2897 inserenda
918 2869 952 2896 in
973 2870 1036 2896 hoc
1057 2870 1131 2896 loco
1147 2877 1235 2903 esse,
1253 2877 1338 2903 quae
1354 2870 1386 2896 in
1408 2870 1464 2897 illo
1479 2870 1558 2896 folio
1577 2870 1804 2904 reperiuntur.

170 2915 235 2943 Sed
250 2924 326 2943 cum
340 2916 424 2944 haec
440 2924 505 2944 non
520 2917 587 2944 sint
603 2918 636 2944 in
650 2917 775 2944 litteris
790 2925 872 2944 vere
887 2917 1115 2951 autographis
1131 2921 1164 2944 et
1182 2917 1214 2944 id
1230 2917 1425 2951 respiciant,
1439 2918 1526 2951 quod
1541 2918 1601 2944 sub
1614 2918 1693 2944 anni
1705 2917 1807 2944 finem

170 2962 389 2999 Methymnae
405 2968 540 2998 gestum
554 2965 627 2996 fuit.
644 2965 686 2991 ad
702 2964 801 2992 finem
816 2964 1014 2992 Decembris
1029 2964 1105 2991 visa
1120 2968 1198 2991 sunt
1213 2964 1411 2998 rejicienda.

226 3010 240 3029 5
277 3010 313 3037 Ρ.
329 3010 476 3044 Joannes
491 3011 650 3046 Baptista
666 3011 830 3039 Sanchez.

225 3058 240 3077 4
277 3057 313 3084 P.
330 3057 453 3085 Petrus
469 3058 654 3093 SeviIlano,
671 3058 922 3094 Methymnensi
935 3058 1046 3085 domui
1062 3058 1290 3092 praepositus.

364 3117 415 3153 T.
435 3129 478 3153 11.
1580 3120 1624 3156 28
