2168 3437
955 203 1038 241 AN.
1069 203 1160 241 1554
1809 203 1878 241 639

241 303 326 348 est,
349 304 464 350 puta
495 298 694 350 haeresi,
719 310 960 339 revocare.
989 299 1087 340 Nec
1115 299 1305 340 omnino
1336 311 1529 352 operam
1556 299 1873 352 perdiderunt.

237 368 299 409 Ut
320 369 443 409 enim
463 381 487 409 e
508 370 664 410 multis
685 381 830 410 unum
851 376 931 410 aut
952 371 1151 410 alterum
1171 370 1406 422 proferam
1429 371 1761 422 testimonium,
1781 372 1874 423 qui-

236 439 345 479 dam
365 440 650 492 implacabili
671 440 776 481 odio
795 440 1057 492 quemdam,
1083 441 1140 481 ob
1164 441 1365 482 amicum
1383 441 1694 493 interfectum,
1715 454 1870 493 prose-

240 521 400 561 quens,
421 522 527 551 cum
546 512 673 551 nulla
694 512 876 552 ratione
898 523 947 552 se
974 512 1260 553 exorabilem
1287 513 1547 564 praeberet,
1580 513 1769 553 tandem
1790 525 1869 553 no-

235 586 441 621 strorum
462 581 654 622 Patrum
670 582 937 623 interventu
959 588 1003 623 et
1023 582 1265 634 diligentia
1287 583 1501 624 effectum
1517 590 1587 624 est
1607 590 1657 624 ut
1677 584 1866 625 homici-

234 650 322 690 dae
357 650 436 702 illi,
468 651 562 691 iam
592 652 638 691 in
670 653 871 693 vinculis
906 642 1132 703 coniectO,
1168 665 1342 694 noxam
1377 665 1563 694 omnem
1598 655 1871 695 remitteret.

234 720 477 771 Quaedam
494 722 635 762 etiam
652 724 831 774 mulier,
853 723 1038 764 cuidam
1055 725 1254 775 hispano
1267 730 1427 776 nupta,
1447 736 1553 764 cum
1565 725 1722 765 multis
1739 726 1874 766 annis

233 791 317 831 sub
355 798 552 844 utraque
596 795 990 835 communicasset
1025 795 1204 846 specie,
1242 807 1269 835 a
1308 795 1356 835 P.
1401 795 1590 836 Canisio
1626 796 1873 848 diligenter

231 862 472 903 admonita
505 870 549 903 et
576 863 631 903 de
661 864 749 904 fide
784 871 948 905 nostra
975 865 1158 916 plenius
1189 865 1356 906 edocta
1387 866 1576 906 tandem
1601 867 1797 918 resipuit
1827 873 1872 908 et

230 939 335 984 post
369 933 540 974 festum
569 936 809 986 paschatis
838 936 893 976 de
915 947 1043 976 more
1064 936 1305 976 Ecclesiae
1327 937 1706 977 communicavit.
1738 937 1873 978 Alius

230 1015 345 1044 vero
363 1016 470 1045 cum
487 1006 625 1046 simili
641 1006 877 1047 laboraret
894 1007 1068 1057 morbo,
1086 1018 1139 1046 eo
1156 1006 1377 1047 reductus
1395 1014 1465 1047 est
1482 1008 1691 1059 operaR.
1705 1008 1756 1050 Ρ.
1777 1009 1864 1049 Go-

230 1073 342 1114 dani
362 1081 412 1115 ut
440 1087 626 1116 sacram
648 1077 1025 1117 communionem
1055 1077 1139 1117 sub
1168 1078 1317 1117 altera
1348 1084 1530 1118 tantum
1559 1079 1714 1130 specie
1740 1092 1870 1120 more

227 1146 462 1187 catholico
484 1149 750 1199 sumpserit,
775 1148 1010 1188 haeresim
1036 1148 1349 1198 lutheranam,
1385 1149 1461 1188 cui
1489 1150 1631 1189 etiam
1661 1162 1687 1190 a
1718 1162 1864 1202 puero

231 1216 577 1258 addictissimus
612 1218 779 1268 fuerat,
816 1219 954 1270 plane
989 1219 1281 1259 abiuraverit
1315 1231 1601 1271 prorsusque
1635 1221 1865 1261 reiecerit.

228 1286 449 1328 Nonnulli
476 1289 618 1328 etiam
654 1289 851 1330 studiosi
886 1289 1030 1329 libros
1064 1289 1425 1333 haereticorum.
1458 1290 1624 1341 quibus
1659 1292 1870 1342 legendis

227 1357 324 1398 fere
346 1370 521 1410 omnes,
546 1360 664 1411 proh
685 1361 857 1411 dolori,
882 1361 1075 1401 nimium
1097 1361 1169 1401 his
1187 1361 1234 1400 in
1254 1361 1465 1412 partibus
1497 1362 1639 1401 dediti
1663 1368 1785 1413 sunt,
1810 1364 1870 1404 ad
1933 1385 1944 1394 -

226 1440 315 1469 nos
336 1431 611 1481 attulerunt,
642 1443 839 1483 quorum
866 1443 986 1471 unus
1017 1431 1135 1471 miro
1165 1432 1334 1482 studiO,
1368 1444 1463 1472 non
1493 1432 1630 1473 modo
1662 1433 1867 1485 seipsum

224 1501 307 1542 sed
329 1507 373 1541 et
393 1502 510 1542 alios
530 1502 620 1542 hac
646 1508 776 1553 peste
804 1503 1003 1542 liberare
1030 1503 1211 1552 volens,
1243 1514 1351 1543 cum
1380 1503 1654 1544 observaret
1683 1504 1723 1544 si
1753 1516 1869 1556 quos

224 1572 581 1613 lutheranorum
614 1573 757 1614 libros
792 1574 1002 1625 legentes
1039 1573 1433 1624 deprehenderet,
1475 1574 1664 1614 tandem
1696 1575 1868 1616 librum

224 1644 656 1695 pestilentissimum
699 1657 725 1684 a
765 1644 1000 1685 nonnullis
1040 1644 1268 1695 oblatum,
1313 1645 1486 1685 nostris
1532 1646 1745 1696 patribus
1780 1658 1866 1687 sua

222 1720 389 1766 sponte
407 1715 629 1755 exhibuit.
660 1715 762 1755 Hac
784 1714 969 1766 quidem
997 1715 1053 1755 de
1082 1727 1227 1755 causa
1256 1727 1309 1755 eo
1338 1716 1491 1767 magis
1519 1717 1673 1766 gavisi
1704 1728 1867 1757 sumus

225 1786 351 1837 quod
373 1786 607 1826 ‘eiusmodi
643 1787 963 1838 exemplorum
999 1786 1045 1826 in
1081 1793 1213 1826 tanta
1248 1787 1565 1827 studiosorum
1602 1789 1867 1839 corruptela

222 1862 355 1896 tanta
377 1857 435 1897 sit
456 1857 530 1896 hic
553 1857 739 1897 raritas.
775 1856 1047 1897 Militiarum
1076 1857 1318 1908 praefecti,
1353 1858 1662 1909 alienigenae,
1697 1859 1866 1911 quique

221 1926 365 1978 Regis
387 1928 566 1967 curiam
587 1934 859 1979 sequuntur,
881 1928 991 1968 dum
1013 1928 1060 1968 in
1081 1928 1401 1979 aegritudines
1422 1928 1646 1979 incidunt,
1677 1929 1775 1969 fere
1800 1930 1859 1970 ad

223 2004 411 2038 nostros
450 2010 696 2039 recursum
728 1999 923 2049 habent,
962 2011 1160 2051 quorum
1194 2000 1425 2051 plurimis,
1463 2006 1561 2039 tum
1599 2006 1729 2051 peste
1765 2006 1865 2041 tum

219 2069 325 2109 aliis
348 2070 634 2121 contagiosis
656 2070 833 2110 morbis
856 2071 1099 2122 correptis,
1125 2070 1203 2110 diu
1225 2077 1459 2121 noctuque
1488 2077 1557 2110 est
1586 2071 1864 2112 inservitum

220 2146 265 2180 et
285 2140 332 2180 in
353 2140 605 2181 salutiferis
627 2141 953 2191 sacramentis,
985 2147 1081 2182 tam
1103 2141 1415 2182 confessionis
1445 2148 1489 2182 et
1518 2143 1865 2183 communionis

218 2222 361 2262 quam
387 2223 553 2252 sacrae
580 2213 813 2252 unctionis
845 2212 1268 2263 administrandae,
1304 2219 1373 2253 est
1402 2212 1711 2253 satisfactum.
1743 2212 1860 2254 Con-

218 2287 371 2322 tracta
405 2288 513 2322 sunt
546 2283 688 2323 etiam
723 2284 1023 2324 matrimonia
1058 2284 1372 2330 advenarum,
1412 2284 1489 2335 qui
1528 2284 1685 2324 multis
1725 2285 1862 2325 annis

218 2352 405 2393 foedum
426 2354 619 2393 mechae
640 2354 818 2394 crimen
842 2355 1215 2395 occultaverant.

297 2423 349 2463 In
370 2424 543 2464 scholis
570 2425 744 2465 nostris
774 2425 1092 2466 studiosorum
1120 2437 1342 2466 numerus
1374 2425 1420 2465 in
1450 2426 1548 2465 dies
1580 2432 1780 2478 augetur
1817 2433 1862 2467 et

219 2499 398 2534 tantam
425 2495 472 2534 in
507 2495 619 2546 ipsis
649 2507 833 2536 morum
859 2496 1166 2536 mutationem
1194 2496 1293 2536 fieri
1323 2496 1551 2547 videmUS,
1585 2505 1635 2537 ut
1662 2509 1857 2548 prorsus

216 2577 311 2605 non
331 2565 472 2605 iidem
492 2577 594 2606 esse
616 2566 865 2606 videantur
886 2567 964 2619 qui
984 2567 1129 2618 prius.
1157 2566 1330 2607 Omnes
1352 2567 1440 2606 hac
1473 2567 1852 2619 quadragesima,

216 2648 309 2676 non
331 2637 481 2676 solum
505 2642 692 2687 praeter
722 2649 902 2677 morem
929 2638 1012 2678 sed
1041 2638 1133 2677 alio
1162 2638 1303 2677 etiam
1327 2649 1521 2688 prorsus
1545 2638 1683 2678 modo
1717 2650 1860 2690 quam

215 2713 369 2756 antea,
408 2707 533 2746 domi
558 2714 749 2747 nostrae
784 2714 891 2748 sunt
926 2708 1131 2748 confessi
1167 2719 1447 2759 sacramque
1482 2709 1858 2750 communionem

215 2788 389 2828 magna
410 2789 469 2817 ex
489 2785 622 2829 parte
643 2785 956 2830 sumpserunt.
980 2778 1187 2830 Pergunt
1211 2779 1353 2818 etiam
1383 2779 1515 2829 pueri
1536 2779 1670 2819 nobis
1696 2780 1855 2820 haere-

214 2849 333 2888 ticos
360 2848 517 2899 libros,
548 2849 587 2889 si
620 2860 737 2900 quos
771 2850 959 2900 habent,
996 2850 1215 2889 exhibere
1254 2850 1479 2901 nobisque
1511 2851 1855 2891 comburendos

210 2919 517 2959 committere.
541 2919 591 2960 Id
611 2919 764 2960 fecere
786 2927 943 2960 autem
963 2932 1055 2960 non
1076 2920 1156 2960 filii
1185 2921 1336 2960 solum
1367 2921 1447 2960 sed
1471 2928 1515 2960 et
1543 2921 1855 2972 plurimorum

212 2996 446 3041 parentes,
473 2991 547 3042 qui
571 3003 653 3042 per
673 3002 846 3042 pueros
873 2991 1007 3031 nobis
1031 2991 1289 3042 significari
1310 2992 1469 3031 iubent
1492 3004 1541 3032 se
1571 2993 1691 3033 velle
1719 2983 1855 3044 quos-
