2168 3437
0 0 32 20 a*

916 279 1000 316 AN.
1030 279 1123 317 1553
1766 280 1833 318 421

201 374 438 426 baptisma
460 375 732 428 susciperet,
757 377 944 428 operari
967 377 1193 427 dignatus
1220 375 1368 416 Dnus.
1401 374 1410 394 ¹
1438 376 1644 415 Locutus
1672 381 1742 415 est
1771 375 1844 415 die

202 445 409 496 quadam
430 446 530 498 ipse
554 459 737 498 mauro,
762 459 866 487 cum
887 459 978 499 quo
1001 459 1093 487 non
1116 459 1268 499 parva
1302 447 1366 486 illi
1387 446 1673 486 consuetudo
1703 446 1840 486 inter-

201 522 422 556 cesserat.
446 517 570 557 Inter
593 524 779 558 caetera
802 529 931 567 vero,
969 517 1024 557 de
1053 518 1218 569 quibus
1240 524 1340 557 erat
1362 528 1529 567 sermo,
1566 529 1658 556 non
1685 529 1839 568 pauca

200 586 256 626 de
290 598 375 627 sua
409 589 744 639 conversione,
781 589 836 628 de
873 594 1036 628 nostra
1068 589 1294 639 religione
1326 600 1380 628 ac
1412 588 1518 628 fidei
1552 588 1841 628 christianae

199 657 398 697 veritate
420 657 543 698 dicta
565 665 671 698 sunt
693 671 719 698 a
742 659 948 709 Thoma3
983 665 1026 698 et
1056 665 1283 709 quantum
1315 659 1551 698 Salvatori
1581 658 1594 676 “²
1625 670 1727 699 nro.
1762 659 1839 699 ad-

199 727 393 768 haerere
429 729 677 770 conferret.
715 729 1006 770 Hortabatur
1046 740 1160 780 ergo
1197 741 1301 769 eum
1334 741 1418 780 pro
1453 729 1677 769 facultate
1711 736 1760 770 ut
1794 738 1838 770 et

198 798 316 850 ipse,
339 799 697 840 Machometana
719 800 959 852 impietate
985 801 1170 851 penitus
1191 801 1446 851 abnegata,
1477 811 1665 840 sacrum
1696 802 1836 841 vellet

198 869 430 920 baptisma
465 871 717 922 suscipere.
758 870 1020 911 Obiiciente
1057 877 1215 911 autem
1249 871 1341 921 illo,
1380 882 1499 921 quae
1534 882 1559 909 a
1596 881 1835 912 turcarum

198 940 466 980 doctoribus
494 941 543 981 in
570 942 879 982 christianam
909 941 1047 982 fidem
1074 942 1287 981 audierat
1313 941 1537 993 proferri,
1570 943 1762 992 protulit
1790 949 1835 983 et

197 1010 402 1051 Thomas
424 1023 541 1063 quae
563 1012 619 1053 de
639 1012 727 1053 fide
748 1025 843 1053 non
865 1013 1077 1053 audierat
1099 1011 1252 1063 modo,
1278 1013 1359 1052 sed
1381 1012 1428 1052 in
1449 1025 1497 1052 se
1529 1025 1715 1065 quoque
1741 1013 1833 1054 fue-

196 1088 269 1122 rat
303 1089 544 1135 expertus,
584 1085 863 1136 praesertim
898 1084 953 1124 de
989 1084 1155 1125 Crucis
1187 1084 1382 1135 Virtute,
1426 1085 1832 1136 quemadmodum,

196 1154 432 1204 Videlicet,
457 1155 627 1195 diaboli
648 1155 704 1195 ab
726 1167 782 1195 ea
804 1161 929 1195 metu
956 1155 1159 1207 perculsi
1188 1155 1348 1195 statim
1379 1162 1739 1205 evanescerent,
1777 1168 1833 1196 ac

195 1224 313 1264 irriti
335 1236 496 1265 eorum
517 1231 711 1266 conatus
732 1225 1056 1266 redderentur.
1086 1226 1142 1266 Et
1171 1226 1392 1277 quoniam
1413 1226 1597 1266 iuvenis
1627 1227 1701 1266 ille
1722 1232 1833 1266 tunc

197 1297 418 1347 temporis
439 1303 540 1336 erat
560 1296 739 1337 libidini
768 1297 907 1337 Valde
936 1297 1188 1347 obnoxius,
1222 1303 1360 1348 atque
1391 1297 1438 1337 in
1466 1298 1565 1337 heri
1593 1298 1664 1337 sui
1694 1297 1832 1338 domo

195 1374 507 1407 consueverat
540 1380 621 1420 per
655 1374 817 1408 noctes
851 1369 988 1420 plane
1023 1369 1234 1419 singulas
1268 1380 1375 1408 cum
1410 1368 1637 1420 quadam,
1678 1375 1722 1408 et
1751 1369 1830 1408 illa

196 1449 379 1489 maura,
413 1450 512 1478 rem
546 1439 741 1488 habere,
776 1445 845 1479 est
873 1440 916 1479 ei
945 1439 1154 1479 additum
1180 1445 1229 1479 ut
1257 1451 1364 1479 cum
1385 1439 1444 1479 ad
1472 1451 1576 1479 eam
1607 1440 1834 1480 accedere

195 1508 406 1549 diabolus
445 1510 773 1560 compelleret,
814 1510 891 1550 illo
931 1510 1066 1561 signo
1104 1510 1308 1550 frontem
1351 1516 1607 1562 pectusque
1652 1511 1833 1551 muniat

195 1590 344 1619 suum.
371 1579 504 1630 Quod
526 1580 564 1620 si
586 1587 714 1620 certa
735 1580 913 1620 faceret
935 1593 1040 1621 cum
1061 1580 1250 1632 fiducia,
1275 1582 1510 1633 pollicitus
1533 1588 1622 1631 est,
1648 1582 1688 1622 si
1709 1582 1833 1634 quod

194 1650 353 1690 auditu
374 1658 673 1702 perceperat,
696 1663 746 1691 re
775 1652 876 1703 ipsa
907 1664 1000 1692 non
1029 1653 1309 1703 comperiat,
1342 1664 1392 1692 se
1419 1654 1539 1692 velle
1566 1652 1833 1692 confessum

192 1721 287 1761 iarn
323 1721 514 1762 Chrum.
550 1723 696 1763 Ihum.
735 1723 994 1774 abnegare,
1026 1735 1113 1763 nec
1143 1724 1462 1775 baptismatis,
1500 1735 1640 1776 quam
1669 1735 1831 1775 prope-

193 1792 315 1833 diem
335 1793 616 1845 expectabat
636 1805 811 1845 gram.,
836 1795 1075 1847 consequi.
1102 1794 1325 1835 Promisit
1346 1795 1421 1834 ille
1442 1795 1676 1835 facturum
1703 1796 1833 1835 iuxta

191 1863 399 1904 Thomae
427 1875 705 1905 sermonem.
739 1865 926 1917 Iamque
960 1866 1112 1906 noctis
1142 1866 1401 1906 advenerat
1432 1866 1569 1917 hora,
1594 1866 1641 1905 in
1663 1878 1754 1918 qua
1776 1866 1832 1906 de

193 1945 322 1974 more
349 1934 408 1975 ad
443 1936 733 1987 peccandum
773 1944 1004 1988 surgeret.
1041 1936 1249 1989 Cumque
1283 1937 1456 1977 diaboli
1490 1937 1720 1989 nequitia,
1760 1949 1832 1978 eo-

194 2017 322 2056 rum,
359 2018 477 2058 quae
508 2007 742 2059 audierat,
777 2008 969 2059 oblitus,
1004 2008 1250 2048 accederet
1285 2008 1344 2048 ad
1379 2009 1695 2060 peccandum,
1734 2020 1830 2048 suc-

195 2077 341 2117 currit
372 2077 428 2117 de
456 2085 646 2129 repente
676 2079 723 2119 in
754 2079 856 2131 ipso
888 2080 1104 2130 articulo,
1143 2080 1267 2131 quod
1293 2079 1446 2119 fuerat
1482 2080 1523 2119 ei
1557 2080 1613 2120 de
1643 2086 1834 2120 nostrae

192 2148 354 2188 salutis
370 2149 542 2189 vexillo
572 2150 906 2201 praedicatum.
942 2150 1164 2202 Moxque,
1191 2150 1318 2191 nulla
1344 2150 1660 2190 intercedente
1683 2162 1831 2200 mora,

191 2219 379 2269 signum
408 2219 519 2259 illud
546 2221 765 2272 malignis
793 2221 1088 2261 tremendum
1123 2221 1364 2273 spiritibus
1400 2233 1505 2261 cum
1536 2221 1624 2261 fide
1660 2221 1730 2272 (ut
1765 2222 1834 2261 rei

191 2296 387 2330 eventus
404 2290 575 2340 docuit)
600 2292 684 2332 sibi
702 2293 854 2344 pingit
875 2293 922 2332 in
942 2292 1117 2344 fronte;
1141 2299 1186 2332 et
1203 2304 1312 2333 ecce
1337 2291 1391 2343 (O
1415 2304 1513 2332 rem
1534 2292 1830 2344 stupendam)

191 2360 314 2400 illico
350 2361 416 2401 ita
451 2362 660 2402 membra
690 2363 960 2414 obriguere,
998 2369 1047 2403 ut
1076 2363 1257 2404 moveri
1292 2364 1419 2403 nullo
1449 2369 1588 2414 pacto
1623 2369 1827 2414 possent.

190 2431 325 2482 Quod
345 2432 420 2472 ille
442 2432 606 2473 videns
638 2440 776 2485 atque
799 2447 825 2474 a
846 2434 1104 2475 tentatione
1126 2446 1175 2474 se
1196 2434 1443 2474 liberatum
1472 2434 1698 2484 sentiens,
1731 2445 1831 2473 rem

191 2514 375 2543 omnem
396 2503 560 2543 eadem
586 2504 702 2544 hora
730 2505 912 2545 mulieri
941 2505 1111 2556 aperit,
1146 2511 1210 2556 et,
1246 2505 1319 2545 die
1350 2505 1497 2553 facto,
1527 2516 1610 2556 per
1639 2504 1831 2545 domum

189 2574 488 2625 postmodum
517 2581 562 2614 et
587 2587 671 2626 per
700 2575 864 2615 urbem
890 2576 1081 2627 reliquis
1109 2575 1392 2626 infidelibus,
1429 2575 1555 2627 quod
1585 2581 1828 2625 evenerat,

190 2644 427 2696 patefacit.
469 2645 786 2695 Quamobrem
821 2646 879 2686 ad
914 2647 1033 2686 tanti
1072 2646 1288 2686 miraculi
1322 2645 1696 2696 magnitudinem
1732 2646 1828 2697 plu-

188 2716 294 2755 rimi
314 2727 496 2767 eorum,
520 2717 600 2768 qui
627 2717 848 2768 aderant,
882 2723 1115 2769 stupuere.
1146 2718 1268 2758 Inter
1300 2729 1416 2769 quos
1438 2728 1557 2757 unus
1579 2717 1644 2757 ita
1667 2723 1738 2757 est
1760 2729 1828 2757 re-

187 2793 326 2837 pente
347 2793 576 2838 mutatus,
599 2794 649 2828 ut
678 2788 907 2840 baptizari
928 2790 1047 2829 velle
1069 2788 1310 2829 fateretur.
1341 2788 1420 2829 Ille
1441 2800 1571 2838 vero,
1605 2788 1682 2828 cui
1716 2788 1828 2828 talia

242 2947 253 2967 1
292 2947 397 2982 Haec,
422 2955 442 2975 a
465 2949 607 2976 vocibus
631 2948 765 2976 fllirzmz
786 2949 1073 2983 stupendumque
1094 2949 1243 2976 clariora
1265 2947 1413 2976 reddidit
1436 2948 1604 2976 Polancus
1628 2948 1691 2976 hoc
1713 2948 1826 2976 modo:

188 2994 260 3022 Nec
276 2996 467 3022 tacendum
485 2998 535 3023 est
553 2996 668 3023 crucis
683 2995 738 3023 X.=·
762 2996 977 3023 admirabile
993 3000 1090 3031 opus,
1107 2997 1197 3030 quod
1206 3000 1273 3031 per
1292 2996 1473 3029 leomam‚
1486 2996 1700 3030 prinsquam
1717 2997 1829 3031 bapti-

189 3049 268 3069 sma
286 3043 496 3076 susciperet,
511 3044 837 3077 operam·dignat21s
855 3045 906 3070 est
922 3043 1106 3071 Dominus.

250 3090 263 3109 2
303 3089 688 3118 Servatorz'.P01ancuS.
