2168 3437
863 280 945 317 AN.
978 281 1068 319 1554
1627 321 1633 328 ,
1717 281 1788 317 675

149 382 195 415 ut
217 375 491 416 confirment
512 382 867 417 senatoresfnon
888 377 1169 417 suffecturos
1191 377 1384 418 totidem
1405 377 1660 427 magistros
1675 388 1785 418 ven-

148 447 264 486 turis
281 446 535 498 discipulis,
555 447 809 488 Proficiunt
830 448 998 488 mirum
1020 448 1065 488 in
1087 449 1291 499 modum,
1316 448 1446 488 cuius
1464 447 1642 488 fructus
1662 448 1786 488 bona

149 529 259 569 pars
289 516 442 557 Patris
464 517 687 569 Cypriani
717 518 726 537 ¹
756 520 1030 569 conditioni,
1063 520 1239 570 studio,
1264 520 1631 570 vigilantiaeque
1659 520 1786 560 attri-

149 589 333 628 buenda
355 594 438 628 est.
463 589 507 629 Is
526 590 894 640 gymnasiarcha
916 596 985 630 est
1008 591 1186 641 primae
1208 590 1371 630 classis
1401 590 1684 639 moderator,
1709 590 1787 630 ubi

149 671 321 711 graece
361 660 570 700 carmina
607 667 951 712 componuntur
985 668 1030 701 et
1070 661 1308 701 orationes
1346 661 1612 711 breviores,
1649 661 1696 701 in
1731 673 1787 701 ea

150 731 413 782 explicatur
439 730 692 781 Homerus;
715 732 855 771 habet
878 731 936 772 ad
966 732 1282 784 quadraginta
1310 731 1584 783 discipulos,
1614 732 1785 772 studio-

148 801 379 852 sissimos,
403 802 480 852 qui
502 803 701 842 caeteris
722 801 939 852 dimissis,
964 803 1149 853 iamque
1171 815 1229 842 ex
1252 814 1380 842 more
1401 803 1611 854 repetitis
1632 804 1785 843 lectio-

148 873 298 922 nibus,
322 873 369 912 in
389 873 540 912 classe
562 881 804 913 remanent
820 875 961 923 longo
983 874 1135 925 spatio
1157 874 1317 913 audita
1339 873 1647 914 conferentes.
1677 874 1787 914 Post

147 944 318 984 festum
335 943 709 984 Resurrectionis
732 944 1054 984 declamarunt
1075 944 1270 995 publice.
1296 944 1507 984 Interfuit
1528 945 1788 996 Episcopus

148 1015 522 1066 Portalegrensis
539 1014 567 1064 ⁸³,
588 1015 664 1066 qui
687 1026 771 1055 nos
792 1015 1043 1066 plurimum
1064 1015 1214 1065 diligit
1234 1015 1281 1054 in
1298 1015 1514 1065 Domin03
1538 1015 1787 1056 adfuerunt

147 1087 288 1126 etiam
311 1092 566 1136 senatores,
591 1086 721 1126 multi
748 1092 991 1137 praeterea
1013 1086 1191 1126 nobiles
1213 1086 1394 1137 virique
1416 1086 1597 1126 eruditi.
1622 1086 1786 1126 Decla-

149 1164 329 1197 matum
357 1163 427 1196 est
453 1157 517 1196 ita
548 1158 810 1207 eleganter,
843 1164 891 1196 ut
923 1157 1136 1196 omnibus
1166 1157 1226 1196 sit
1256 1157 1562 1197 satisfactum.
1594 1156 1786 1197 Praece—

150 1234 310 1279 ptores
330 1227 576 1267 affixerunt
605 1228 650 1267 in
673 1228 902 1267 columnis
934 1227 1039 1267 atrii
1068 1229 1289 1267 nonnulla
1313 1228 1523 1268 carmina
1549 1239 1725 1279 graeca
1745 1233 1789 1268 et

150 1300 311 1339 latina.
335 1298 530 1338 Mirifice
551 1298 768 1338 delectati
796 1304 903 1338 sunt
930 1298 1062 1349 pueri
1088 1299 1177 1337 hoc
1204 1300 1497 1349 spectaculo,
1522 1310 1666 1350 supra
1695 1311 1788 1339 mo-

152 1369 262 1410 dum
296 1370 584 1410 inflammati.
621 1369 786 1409 Patres
822 1380 1107 1420 magnopere
1143 1370 1413 1409 consolatur
1449 1369 1650 1409 filiorum
1684 1382 1789 1421 pro-

149 1452 364 1492 gressus3
388 1452 482 1480 non
509 1441 661 1480 minus
696 1440 894 1479 verbera
922 1440 1129 1480 laudant.
1154 1439 1375 1480 Nonnulli
1397 1441 1535 1480 ctiam
1558 1452 1699 1492 saepe
1719 1453 1788 1481 ro-

150 1519 266 1563 gant
288 1519 336 1552 ut
359 1512 666 1562 castigentur,
691 1511 894 1551 maxime
916 1511 1183 1560 nobiliores,
1208 1523 1353 1562 quare
1376 1518 1419 1551 et
1440 1512 1621 1562 gratias
1643 1519 1790 1562 agunt

151 1590 196 1623 et
225 1583 411 1623 interim
447 1594 640 1623 munera
676 1583 876 1633 mittunt,
913 1582 1101 1622 tametsi
1134 1595 1229 1622 non
1264 1583 1572 1634 accipiantur.
1603 1583 1789 1623 Confes-

151 1656 335 1694 sionum
365 1654 621 1705 cognitioni
656 1653 902 1705 pauciores
933 1653 1140 1701 student,
1177 1665 1376 1704 quorum
1406 1655 1548 1694 multo
1584 1655 1790 1694 maxima

154 1737 264 1777 pars
285 1725 587 1765 sacerdotum
607 1732 690 1774 est,
716 1725 890 1776 aliquot
912 1725 1054 1764 etiam
1074 1725 1195 1765 laici.
1220 1725 1505 1765 Exscribunt
1534 1731 1789 1765 accuratis-

154 1798 269 1837 sime
304 1808 423 1848 quae
458 1796 546 1836 sibi
580 1795 704 1837 dorni
738 1803 1017 1847 praeceptor
1051 1797 1288 1848 excerpit3
1326 1797 1447 1836 unde
1483 1803 1590 1836 ante
1625 1796 1791 1837 horam

151 1868 359 1908 nonnulli
380 1868 610 1908 accedunt
631 1874 680 1907 ut
706 1867 752 1907 id
775 1867 1065 1907 commodius
1085 1867 1284 1914 faciant;
1310 1874 1416 1919 post
1442 1868 1689 1908 lectionem
1712 1879 1791 1908 va-

151 1940 247 1979 rias
279 1939 580 1991 quaestiones
610 1945 785 1990 ponunt
816 1939 1060 1989 magistro,
1096 1939 1217 1979 unde
1248 1950 1447 1990 magnos
1478 1939 1658 1979 fructus
1691 1950 1791 1990 per-

152 2011 344 2062 cipiunt.
370 2009 662 2051 Confitentur
690 2010 865 2060 aliquot
891 2010 994 2061 ipsi,
1020 2022 1125 2049 cum
1155 2022 1246 2061 quo
1277 2010 1626 2050 communicant
1654 2021 1790 2061 quae-

152 2082 328 2122 stiones
354 2082 578 2122 obscuras
609 2087 653 2121 et
685 2080 914 2131 difficiles,
946 2081 1025 2120 vix
1059 2081 1264 2132 suppetit
1292 2087 1474 2132 tempus
1502 2087 1550 2120 ut
1579 2081 1793 2121 omnibus

152 2153 299 2204 possit
329 2152 616 2193 satisfacere.
652 2151 912 2192 Adhibetur
943 2152 985 2191 ei
1016 2159 1065 2191 ut
1096 2158 1209 2202 puto
1241 2152 1446 2191 maxima
1477 2151 1605 2192 fide-s.
1635 2151 1793 2192 Infans

152 2223 357 2263 Domina
377 2223 615 2263 Elisabeth
635 2221 649 2241 ⁵
670 2234 818 2274 nuper
837 2234 941 2262 eum
959 2222 1182 2262 accersiri
1204 2223 1337 2262 iussit
1358 2229 1406 2263 ut
1424 2223 1792 2263 communicaret

153 2306 252 2334 rem
272 2293 539 2346 quamdam,
564 2305 704 2346 quam
725 2294 978 2344 expedivit.
1004 2293 1299 2333 Conveniunt
1321 2294 1451 2333 multi
1468 2293 1628 2334 diebus
1650 2293 1793 2334 domi-

153 2366 271 2405 nicis
300 2371 345 2405 et
370 2365 502 2405 festis
528 2371 578 2405 ut
601 2365 658 2404 ab
687 2376 741 2404 eo
764 2365 958 2404 audiant
979 2363 1087 2404 fidei
1107 2364 1426 2415 fundamenta,
1451 2376 1569 2416 quae
1590 2365 1793 2416 perbene

155 2437 372 2488 explicat.
404 2436 456 2477 In
483 2448 679 2486 summa,
711 2435 834 2487 quod
857 2436 1024 2476 attinet
1052 2436 1111 2475 ad
1133 2436 1332 2476 virtutes
1363 2442 1406 2475 et
1436 2436 1618 2486 literas,
1652 2435 1792 2477 credo

155 2508 306 2548 Deum
327 2507 432 2559 Opt.
455 2507 580 2548 Max.
606 2507 866 2555 Collegium
887 2513 1101 2546 nostrum
1123 2506 1299 2556 fovere,
1323 2512 1373 2546 ut
1401 2507 1490 2558 ipsi
1517 2507 1681 2547 melius
1701 2519 1793 2548 ser-

155 2579 311 2619 viatur
340 2586 385 2619 et
418 2579 739 2631 proximorum
775 2578 931 2628 gratia
969 2585 1013 2617 et
1051 2577 1315 2618 aedificatio
1350 2579 1455 2629 plus
1489 2579 1684 2630 plusque
1718 2590 1793 2619 au-

161 2655 344 2700 geatur.

237 2720 371 2771 Quod
391 2731 504 2760 vero
533 2719 711 2759 attined
738 2719 799 2759 ad
825 2731 895 2768 ea,
920 2731 1038 2771 quae
1065 2720 1335 2759 necessaria
1357 2725 1464 2759 sunt
1485 2720 1544 2760 ad
1564 2721 1712 2762 vitam
1731 2728 1795 2762 to-

156 2790 398 2830 lerandam
434 2796 477 2830 et
512 2790 571 2830 ad
608 2775 877 2830 inchoatum
913 2802 1027 2842 opus
1062 2789 1076 2808 ⁴
1110 2790 1447 2841 perficiendum
1476 2791 1535 2831 ad
1570 2793 1796 2834 maiorem

213 2904 221 2922 ¹
265 2903 300 2929 P.
317 2902 483 2937 Cypriani
498 2902 637 2930 Suarez.

212 2952 225 2970 “2
262 2950 418 2984 Julianus
434 2950 473 2977 de
486 2950 588 2977 Alva.

211 2998 224 3015 -”·
263 2998 458 3032 Elisabeth,
475 2998 597 3032 eonJux
613 2998 752 3026 infantis
768 2997 929 3033 Eduardi,
945 3002 1055 3025 mater
1070 2998 1209 3033 Mariae,
1227 2999 1394 3035 Principis
1408 3001 1613 3036 Parmensis,
1628 3005 1661 3028 et
1675 3000 1800 3030 Catha-

158 3047 270 3079 rinae,
287 3045 453 3080 Principis
468 3045 702 3079 Brigantinae.
720 3044 868 3078 FRANCO,
885 3045 1055 3080 Synopsis
1071 3046 1269 3082 Annalium,
1285 3055 1361 3075 ann.
1383 3048 1461 3082 1554,
1478 3056 1508 3075 n.
1524 3049 1550 3075 S.

214 3096 227 3114 4
264 3094 465 3122 Inchoatum
481 3093 622 3128 Collegii
645 3093 918 3129 olyssiponensis
934 3094 1135 3122 aedificium.
