2168 3437
895 262 977 300 AN.
1007 262 1100 300 1553
1746 264 1816 300 435

179 365 345 411 guunt,
370 360 451 399 sed
471 359 612 399 etiam
633 359 722 409 ipsi
744 359 841 410 igni
861 359 1088 398 maiorem
1107 359 1203 399 vim
1225 359 1414 399 addunt.
1444 358 1563 399 Nam
1590 371 1679 411 quo
1711 371 1814 399 con-

182 430 447 470 cionatores
467 431 570 481 plus
586 430 797 469 nituntur
814 429 1078 469 huiusmodi
1095 429 1304 469 instituto
1323 430 1511 470 obviam
1528 430 1609 481 ire,
1629 430 1817 482 suisque

183 501 354 551 verbis,
378 501 522 541 veluti
544 501 769 541 arietibus
790 500 1082 551 quibusdam,
1106 512 1190 540 nos
1212 506 1257 540 et
1278 501 1541 542 huiusmodi
1561 502 1662 553 pios
1689 501 1816 542 Viros

183 578 448 622 concutere,
473 583 527 611 eo
550 571 703 622 magis
724 582 886 610 eorum
907 571 1135 611 accrescit
1162 583 1382 611 numerus
1411 578 1455 612 et
1482 572 1570 623 ipsi
1595 572 1814 612 fortiores

182 642 309 682 fiunt.
340 642 490 682 Huius
520 642 586 681 rei
624 641 936 681 certissimum
969 642 1339 692 experimentum
1376 643 1649 694 collegimus
1689 643 1817 683 hisce

182 713 358 763 diebus,
397 724 498 753 cum
536 712 845 763 peritissimus
881 711 1070 762 quidam
1105 712 1365 763 religiosus
1399 713 1508 753 dum
1543 715 1818 755 concionem

182 784 375 824 haberet
397 783 452 823 ad
476 783 714 834 populum,
737 782 1004 822 vehementi
1035 783 1192 822 animo
1221 795 1276 823 ac
1298 784 1498 835 suspirio
1529 786 1585 825 ab
1617 786 1709 825 imo
1740 797 1817 824 ve-

181 855 267 895 luti
286 860 477 906 pectore
498 854 678 904 educto,
705 853 970 893 adstantem
990 853 1172 904 plebem
1200 855 1418 894 monebat
1440 862 1489 895 ut
1511 863 1700 896 caveret
1721 868 1816 906 605,

181 926 262 978 qui
282 925 416 966 brevi
436 925 660 976 temporis
688 924 862 976 spatio,
893 924 1010 964 citra
1037 925 1180 964 ullam
1211 925 1512 976 asperitatem
1540 939 1595 967 ac
1617 928 1816 979 discipli-

179 1009 306 1047 nam,
331 997 631 1036 sanctitatem
651 996 999 1047 promittebant,
1023 1007 1103 1035 eos
1124 995 1336 1036 inimicos
1364 998 1516 1037 crucis
1544 998 1718 1038 Christi
1741 1010 1818 1050 ap⁷

180 1069 373 1120 pellans,
398 1067 681 1107 authoritate
703 1066 760 1106 D.
784 1065 917 1106 Pauli
938 1066 984 1105 in
1000 1066 1203 1106 medium
1221 1066 1438 1117 adducta,
1460 1079 1584 1107 necne
1600 1073 1758 1109 autem
1774 1074 1823 1109 et

170 1139 301 1190 flens
322 1139 441 1184 dico,
461 1138 675 1177 inimicos
696 1137 850 1177 crucis
878 1137 1067 1177 Christi.
1092 1136 1235 1177 Cuius
1252 1138 1395 1178 ictum
1413 1139 1662 1180 adauxisse
1680 1141 1814 1180 nobis

182 1216 389 1261 segetem
410 1210 528 1249 citra
549 1210 691 1248 ullam
711 1208 1069 1248 haesitationem
1091 1208 1337 1248 credimus.

262 1280 461 1331 Quidam
482 1286 672 1320 nostrae
695 1278 943 1319 Societatis
964 1278 1118 1330 Pater,
1143 1279 1220 1331 qui
1236 1278 1551 1320 Salmanticae
1569 1280 1710 1331 degit,
1730 1281 1820 1321 huc

185 1352 327 1401 Venit,
353 1351 431 1403 qui
451 1350 767 1399 concionibus,
792 1356 889 1389 tum
910 1350 956 1389 in
977 1350 1162 1401 templo,
1187 1356 1284 1390 tum
1305 1351 1447 1390 etiam
1473 1351 1519 1390 in
1540 1350 1664 1401 foro,
1695 1352 1820 1392 habi-

183 1423 256 1472 tis,
289 1433 461 1473 magna
501 1433 662 1462 omnes
701 1421 857 1461 affecit
898 1421 1216 1461 consolatione
1237 1454 1244 1472 ,
1291 1422 1351 1462 ad
1395 1421 1574 1474 Deique
1615 1423 1820 1463 incendit

187 1505 410 1534 amorem.

265 1563 453 1614 Clerici,
485 1564 563 1615 qui
592 1564 638 1603 in
668 1562 873 1603 finitimis
903 1563 1115 1603 habitant
1149 1564 1283 1614 vicis,
1321 1564 1421 1604 sive
1458 1565 1612 1616 pagis,
1649 1576 1822 1616 magna

185 1646 292 1676 cum
313 1634 561 1675 devotione
584 1640 745 1685 petunt
766 1640 815 1674 ut
836 1634 1192 1674 concionatores
1209 1634 1351 1686 aliqui
1368 1641 1557 1675 nostrae
1574 1635 1823 1676 Societatis

182 1706 271 1746 sibi
292 1706 549 1746 mittantur.
575 1705 799 1745 Attamen
821 1705 1023 1756 operarii
1042 1705 1196 1757 pauci.

264 1777 395 1816 Haec
417 1783 536 1826 sunt,
561 1775 833 1827 dignissime
855 1776 1009 1827 Pater,
1029 1787 1145 1827 quae
1163 1776 1305 1827 digna
1322 1776 1442 1816 scitu
1458 1777 1663 1818 iudicavi
1686 1790 1824 1830 quae-

183 1859 272 1899 que
293 1847 341 1887 P.
366 1848 417 1888 T.
442 1847 667 1887 mittenda
695 1847 870 1886 censui.
900 1846 1217 1899 Quapropter,
1246 1847 1385 1887 finem
1415 1848 1599 1889 dicendi
1625 1849 1818 1900 faciens,

182 1919 392 1960 divinam
420 1918 714 1958 Maiestatem
746 1917 972 1969 deprecor
999 1923 1047 1957 ut
1076 1918 1211 1958 nobis
1237 1918 1522 1959 Pater-nitate
1551 1925 1630 1960 tua
1665 1922 1823 1961 multis

185 1990 322 2030 annis
343 1989 607 2029 felicissime
628 1989 719 2028 frui
740 1988 982 2029 concedat.

266 2060 581 2111 Methymnae,
607 2071 730 2099 anno
752 2059 942 2100 Domini
967 2059 1068 2100 1553
1088 2072 1245 2100 arcense
1269 2060 1558 2112 Septembris
1581 2061 1604 2102 ¹.

267 2131 489 2171 Minimus
510 2142 565 2171 ac
587 2130 805 2181 indignus
822 2130 956 2180 filius,

1123 2273 1343 2314 MICHAEL
1373 2274 1443 2314 RA
1450 2286 1603 2314 MIREZ.

268 2485 642 2537 Sapen-emptio,
662 2497 806 2525 mann
829 2486 1000 2526 Patris
1021 2486 1164 2527 Petri
1181 2487 1449 2537 Sci-villano,
1469 2487 1517 2526 in
1541 2491 1714 2538 quarta
1737 2492 1827 2538 pcl-

185 2557 326 2609 gina:
346 2556 466 2610 JHs.
489 2556 757 2597 Admodum
773 2556 874 2596 R.d0
897 2557 943 2596 in
961 2557 1146 2598 Christo
1164 2558 1301 2610 patri,
1321 2558 1446 2610 patri
1463 2558 1645 2608 Ignatio
1668 2558 1723 2597 de
1742 2558 1826 2598 Lo-

184 2629 310 2680 yola,
335 2627 607 2680 Praeposito
629 2628 837 2678 generali
859 2626 1121 2669 Societatis.

268 2699 460 2739 Romae.

269 2770 381 2810 Alia
400 2781 562 2810 manu:
587 2770 701 2809 1553.
728 2769 876 2820 Quad.
900 2770 1101 2819 Medina,
1126 2770 1252 2822 Sept.

281 2840 542 2892 Vestigizmz
565 2850 696 2879 cerae
717 2844 761 2879 et
782 2840 952 2891 sigilli.

246 3000 256 3019 ¹
296 2999 390 3027 Haec
409 3001 473 3028 duo
489 3002 596 3028 verba
612 3001 730 3028 addita
747 3004 823 3028 sunt
840 3001 871 3028 in
887 3000 957 3035 ipso
977 3001 1191 3035 autographo
1207 3008 1227 3028 a
1242 3000 1400 3028 Polanco.
