2168 3437
338 221 405 257 140
851 221 1079 258 LITTERAE
1107 231 1465 262 QUADRIMESTRES

337 330 427 370 que
449 324 751 358 externorum
775 323 906 358 actus
929 318 1359 368 observationibuS,
1383 329 1551 369 parum
1571 323 1728 358 tamen
1747 319 1823 359 vel
1844 319 1979 370 quasi

338 390 451 430 nihil
491 401 540 429 se
580 389 873 441 promovisse
912 388 1100 439 videns,
1138 389 1277 428 alium
1315 388 1566 429 accersivit
1601 389 1853 440 medicum,
1895 390 1982 430 sub

340 473 430 512 quo
453 472 559 500 cum
579 461 682 512 plus
703 460 946 511 languoris
966 472 1107 512 quam
1128 459 1415 500 fortitudinis
1444 460 1491 500 in
1519 460 1741 500 membris
1761 461 1981 512 generari

340 532 557 582 sentiret,
599 531 733 582 quasi
773 531 829 571 de
868 531 1063 571 medicis
1099 531 1375 583 desperanS‚
1420 531 1634 571 omnibus
1672 531 1883 582 semotis,
1923 531 1982 572 ad

340 603 550 643 divinum
567 601 843 653 confugiens
860 602 1188 654 patrocinium,
1207 602 1298 642 iter
1320 602 1591 642 Lovczm'ztm
1611 613 1785 642 versus
1805 602 1983 653 arripit

339 679 381 714 et
399 674 567 714 mirum
592 673 719 714 dictu
741 680 918 725 quanta
940 673 1184 714 alacritate
1216 673 1275 713 ad
1304 684 1390 713 nos
1418 673 1569 713 rediit.
1599 673 1695 713 Nec
1725 674 1818 713 ullo
1840 673 1983 713 totius

337 747 464 787 vitae
485 758 598 787 suae
619 746 770 798 spatio
793 746 858 796 (ut
879 745 1062 795 asserit)
1085 745 1174 785 hac
1203 757 1314 785 usus
1342 751 1410 784 est
1438 744 1653 784 sanitatis
1684 744 1972 795 fortitudine,

339 830 431 869 qua
465 819 521 857 ab
550 819 627 858 illo
660 818 747 867 die,
781 829 887 857 cum
917 817 1210 867 chirurgum,
1244 816 1452 856 medicos
1482 827 1759 866 omnemque
1792 816 1980 856 illorum

339 901 532 940 operam
552 888 759 940 reliquit,
784 888 830 928 in
851 893 1149 939 praesentem
1178 899 1323 938 usque
1355 887 1477 927 diem
1503 886 1688 926 fruitur.
1719 886 1914 938 Insuper
1938 892 1983 927 et

340 961 589 1011 circulum,
632 971 770 1012 quem
805 959 861 999 ab
897 959 1010 1009 ipsis
1045 958 1288 998 cunabulis
1323 958 1500 998 circum
1534 958 1716 997 lumbos
1755 958 1978 1009 portavit,

340 1039 528 1084 praeter
564 1031 770 1072 omnium
806 1030 1181 1082 expectationem
1216 1030 1454 1081 deposuit,
1493 1030 1548 1070 de
1584 1041 1675 1081 quo
1710 1041 1823 1069 sane
1855 1030 1984 1069 multi

339 1109 446 1143 ante
463 1104 789 1153 desperantes,
808 1101 961 1142 Patris
983 1102 1226 1153 proposito
1244 1102 1437 1141 multum
1460 1102 1747 1151 restiterunt3
1771 1107 1818 1141 at
1841 1113 1986 1152 quan-

340 1180 437 1214 tum
472 1174 518 1214 in
553 1173 755 1214 Domino
791 1185 850 1213 ex
884 1173 1122 1213 contrario
1158 1184 1269 1213 suae
1305 1173 1510 1224 opinioni
1543 1178 1713 1212 eventu
1749 1172 1983 1212 aedificati

340 1251 446 1285 sunt
467 1256 562 1285 non
583 1245 720 1285 facile
742 1244 920 1284 dixero.

418 1317 602 1357 Interea
629 1322 786 1357 tamen
817 1316 934 1356 duos
970 1315 1056 1355 hos
1082 1327 1288 1365 menses,
1320 1315 1405 1355 etsi
1440 1315 1578 1356 domo
1610 1315 1771 1366 egredi
1798 1315 1984 1367 penitus

341 1387 602 1440 prohibitus
637 1393 782 1438 esset,
821 1399 915 1427 non
943 1394 1101 1427 tamen
1132 1386 1224 1427 otio
1254 1388 1535 1427 contrivisse
1563 1387 1636 1427 vel
1664 1387 1772 1426 hinc
1799 1386 1983 1426 abunde

340 1465 501 1511 patere
522 1465 675 1510 potest
697 1458 823 1511 quod
844 1470 977 1498 soror
999 1457 1206 1498 eiusdem
1222 1459 1392 1510 patris,
1417 1458 1560 1498 vidua
1582 1459 1657 1509 pia
1682 1465 1822 1509 atque
1844 1457 1986 1498 devo-

341 1536 409 1581 ta,
431 1530 619 1581 saepius
641 1530 700 1570 ad
728 1530 952 1570 salutaria
980 1530 1035 1569 de
1052 1529 1196 1579 fonte
1216 1523 1426 1580 pectam
1452 1529 1552 1569 eins
1580 1528 1888 1569 hauriendum
1909 1529 1986 1569 do·

343 1608 583 1651 cumenta,
608 1602 667 1642 ad
688 1601 789 1641 eius
808 1601 958 1641 latera
991 1601 1238 1651 assistens,
1269 1613 1411 1652 quum
1439 1602 1560 1640 inter
1589 1608 1777 1640 caetera
1811 1600 1986 1640 contin-

343 1679 477 1724 geret
497 1672 686 1713 Patrem
708 1671 970 1713 studiorum
992 1672 1185 1712 laudare
1206 1672 1448 1724 pietatem,
1476 1679 1777 1723 veterumque
1794 1672 1987 1712 Patrum

342 1744 634 1796 frequentem
656 1745 904 1784 lectionem
925 1747 1156 1795 qnantum
1176 1744 1394 1784 ecclesiae
1415 1743 1641 1784 utilitatis
1669 1747 1989 1794 quantumque

351 1816 536 1855 animae
555 1815 749 1866 salutis,
771 1826 949 1855 necnon
971 1819 1201 1867 quantum
1212 1815 1620 1866 pietatisfrnctus
1641 1814 1859 1855 studiosa
1881 1814 1988 1854 hinc

344 1887 571 1927 iuventus
592 1890 880 1938 exsugeret,
902 1887 949 1926 εί
965 1898 1126 1926 omnes
1147 1890 1191 1927 et
1209 1886 1422 1937 singuli,
1443 1886 1598 1926 sacris
1619 1897 1869 1926 musarum
1889 1890 1986 1926 stn-

344 1957 437 1997 dz'z's
455 1957 624 2009 clectz'tz‘,
641 1958 869 1998 universa
888 1958 1126 1998 Ecclesiae
1147 1958 1410 1998 Doctorum
1427 1963 1570 2009 opera
1586 1957 1636 1997 in
1647 1957 1749 1997 suis
1765 1957 1989 1997 cubiculis

343 2033 583 2078 lenerents
606 2029 774 2080 quibus
796 2029 977 2069 auditis
994 2029 1096 2081 ipsa
1113 2041 1238 2080 mox,
1258 2029 1518 2080 provolutis
1535 2035 1642 2068 ante
1659 2028 1846 2068 Patrem
1862 2028 1989 2079 geni-

345 2101 450 2148 bus,
476 2101 646 2140 obnixe
668 2112 804 2140 orare
827 2101 1003 2152 coepit,
1028 2100 1115 2140 sibi
1137 2101 1194 2140 ab
1217 2100 1316 2149 1110,
1348 2112 1373 2140 a
1405 2100 1537 2140 cuius
1569 2099 1761 2139 consilio
1790 2105 1888 2139 tota
1915 2100 1988 2139 de-

344 2171 537 2222 pendet,
562 2171 757 2211 concedi
783 2178 832 2211 ut
860 2172 1016 2211 omnia
1043 2171 1344 2223 antiquorum
1375 2171 1658 2222 scriptorum
1689 2177 1988 2210 monumenta

346 2243 570 2282 fratribus
590 2241 837 2283 Societatis
859 2253 1137 2293 comparare
1163 2248 1335 2294 posset.
1367 2241 1504 2281 Patre
1538 2248 1695 2281 autem
1723 2248 1987 2292 recusante,

348 2314 450 2365 ipsa
480 2313 781 2353 nihilominus
810 2313 857 2353 in
887 2313 1052 2353 eodem
1082 2312 1233 2353 haesit
1261 2313 1501 2364 proposito
1529 2325 1616 2352 nec
1644 2324 1670 2352 a
1701 2313 1779 2364 pio
1807 2318 1991 2364 poterat

348 2385 519 2425 abduci
540 2384 793 2434 desiderio,
825 2396 1064 2436 quousque
1091 2384 1218 2424 facta
1244 2384 1343 2424 voti
1373 2396 1562 2435 compos
1590 2384 1706 2424 haec
1735 2384 1891 2423 omnia
1911 2395 1989 2423 no-

345 2456 415 2495 bis
447 2461 770 2507 comparasset
806 2466 970 2506 opera,
1003 2466 1122 2506 quae
1151 2454 1276 2494 haud
1307 2455 1445 2494 dubio
1476 2455 1730 2495 liberaliter
1761 2455 1985 2505 implevit,

346 2526 720 2578 quandoquidem
758 2526 1008 2577 sexaginta
1043 2525 1327 2566 florenorum
1362 2531 1441 2566 aut
1475 2527 1596 2566 ultra
1632 2526 1691 2566 ad
1726 2538 1810 2565 nos
1844 2526 1990 2566 libros

344 2597 487 2637 misit.
507 2596 564 2637 D.
587 2596 842 2648 Augustini
860 2608 1003 2649 opera
1021 2596 1113 2637 iam
1130 2603 1200 2637 ter
1216 2596 1458 2647 habemus,
1477 2597 1761 2648 reliquorum
1780 2597 1988 2637 omnium

344 2669 437 2717 bis,
463 2680 583 2719 quae
604 2668 791 2719 quidem
829 2673 873 2707 et
912 2668 1031 2707 alius
1067 2666 1315 2708 Societatis
1349 2673 1540 2707 nostrae
1562 2667 1797 2707 studiosus
1829 2668 1983 2707 adhuc

344 2740 486 2778 semel
509 2750 663 2778 emere
695 2739 906 2779 intendit.
940 2738 1044 2779 Non
1075 2738 1304 2778 minorem
1333 2749 1518 2790 quoque
1549 2739 1736 2790 pietatis
1767 2737 1985 2778 affectum

345 2815 389 2849 ct
411 2815 560 2849 mater
581 2810 788 2850 eiusdem
809 2810 962 2850 Patris
984 2820 1097 2860 erga
1119 2808 1402 2850 Societatem
1430 2822 1480 2849 re
1507 2815 1552 2849 et
1580 2809 1744 2849 effectu
1767 2809 1984 2859 ostendit,

345 2892 478 2932 quae,
503 2886 689 2931 praeter
715 2892 900 2921 omnem
925 2880 1196 2933 patrimonii
1226 2881 1559 2931 substantiam,
1584 2892 1723 2932 quam
1746 2880 1898 2920 adhuc
1920 2881 1985 2920 vi-

345 2963 461 2991 vens
503 2952 764 3002 annuatim,
808 2952 867 2992 ad
914 2951 1272 2992 sustentandum
1311 2951 1550 2991 societatis
1589 2951 1849 3001 studentes,
1894 2950 1987 2991 filio

346 3027 608 3073 enumerat,
632 3029 964 3074 praeterquam
984 3022 1300 3074 pulcherrima
1330 3033 1416 3061 nec
1446 3022 1599 3061 minus
1627 3028 1900 3073 sumptuosa
1922 3021 1986 3061 di-
