2168 3437
871 313 951 350 AN.
983 313 1074 350 1553
1712 315 1781 351 475

148 409 289 459 plega
310 407 550 447 inchirnos
571 407 716 448 dellas
737 410 764 448 a
784 420 950 460 mayor
970 409 1121 460 gloria
1143 422 1174 461 y
1188 410 1340 449 honra
1360 410 1415 450 de
1432 421 1485 451 su
1506 409 1665 450 divina
1683 421 1775 450 ma-

148 477 331 529 gestad,
354 478 398 518 10
425 489 513 529 que
545 477 800 519 confiamos
825 490 910 530 por
932 491 985 519 su
1012 479 1212 531 bondad,
1242 491 1274 530 y
1294 481 1540 530 oraciones
1568 480 1624 520 de
1645 481 1705 521 V.
1725 480 1775 521 P.

227 547 298 588 De
319 547 571 599 Coymbra,
594 549 848 599 penultimo
870 549 926 589 de
945 548 1227 591 Noviembre
1249 550 1304 591 (16
1330 550 1445 590 1553.

227 618 316 659 Por
337 619 638 659 commission
659 619 732 659 del
752 631 796 670 p.
821 619 927 660 Don
947 620 1090 672 Leon,

228 690 361 729 inutil
382 690 538 729 siervo
558 702 589 740 y
609 689 817 740 yndigno
839 689 932 741 hijo
955 691 1010 731 de
1033 692 1091 732 V.
1116 692 1191 732 P.d

1113 832 1361 874 MELCHIOR
1390 832 1562 874 COTTA.

227 1042 594 1094 Superscm'ptz'o.
617 1041 648 1094 †
665 1043 729 1083 22
748 1043 840 1094 via,
866 1043 939 1084 del
959 1056 1056 1084 mes
1078 1044 1134 1085 de
1154 1045 1434 1087 Nouiembre
1457 1047 1512 1086 de
1532 1046 1625 1087 553.

225 1113 313 1154 Del
333 1113 540 1164 Collegio
562 1113 618 1154 de
637 1113 873 1165 Coymbra
893 1115 962 1165 pfl
982 1114 1144 1156 Roma.

225 1183 337 1224 Alia
376 1196 536 1225 manu,
576 1183 689 1224 1553.
730 1184 902 1225 Coim.a
935 1185 984 1226 Ρ.
1023 1185 1250 1227 Melchior
1286 1188 1444 1238 Cotta,
1482 1187 1680 1239 penult.⁰
1720 1187 1776 1227 (16

143 1254 284 1295 Nou.e

870 1682 1069 1738 GOLX

214 1766 261 1805 Ρ.
282 1766 541 1805 Leonardus
560 1767 719 1805 Kessel

260 1831 382 1869 Patri
401 1832 570 1879 Ignatio
590 1832 643 1870 de
661 1832 845 1881 Loyola.

306 1897 508 1943 Colonia,
529 1897 552 1934 9
571 1898 828 1937 Decembris
849 1899 940 1938 1553
959 1900 983 1937 ¹.

915 2127 1030 2215 Jflus

220 2386 321 2427 Pax
342 2386 424 2428 X.¹'

218 2457 279 2498 Ut
299 2464 491 2498 sanctae
513 2462 838 2502 consuetudini
859 2474 1038 2504 morem
1054 2476 1291 2515 geramus,
1312 2466 1475 2517 paucis
1494 2467 1776 2517 perstringe-

138 2540 242 2568 mus
262 2540 379 2580 quae
402 2531 649 2571 scribenda
670 2532 965 2574 videbuntur.
989 2534 1034 2575 A
1049 2536 1222 2576 nostris
1239 2536 1462 2577 Coloniae
1481 2537 1775 2589 incipientes,

137 2611 257 2650 quae
278 2600 449 2641 afflicta
470 2607 513 2641 et
536 2614 562 2641 a
584 2602 785 2643 Domino
806 2616 1031 2655 percussa
1051 2606 1138 2646 sub
1158 2607 1335 2658 potenti
1357 2619 1499 2648 manu
1520 2607 1610 2648 Dei
1630 2608 1777 2649 humi-

137 2670 250 2710 liata
277 2671 417 2722 iacet,
455 2672 658 2724 undique
683 2685 770 2714 nos
802 2675 1106 2717 circumdedit
1138 2677 1260 2728 ignis
1288 2678 1363 2718 ille
1389 2678 1660 2730 pestiferus,
1695 2680 1777 2720 sed

138 2740 369 2782 Dominus
390 2754 475 2782 nos
497 2744 798 2785 conservavit
818 2745 1035 2798 deditque
1061 2748 1287 2799 gratiam,
1318 2761 1412 2789 non
1444 2750 1597 2790 solum
1624 2756 1673 2790 ut
1700 2762 1776 2802 pe-

139 2817 258 2852 stem
270 2824 363 2853 non
381 2814 665 2865 timeremus,
686 2816 768 2856 sed
784 2822 834 2856 ut
850 2817 909 2857 ad
925 2823 1055 2869 peste
1071 2819 1340 2859 laborantes
1357 2820 1515 2860 Vocati
1532 2821 1777 2862 accedere-

138 2894 241 2923 mus
263 2883 323 2923 ad
343 2896 505 2925 eorum
526 2885 844 2927 confessiones
866 2887 1069 2939 (praeter
1085 2901 1181 2939 eas,
1201 2902 1318 2942 quas
1336 2891 1382 2930 in
1403 2891 1555 2932 Divae
1577 2893 1777 2933 Ursulae

139 2953 369 3005 audimus,
393 2961 438 2995 et
458 2956 733 3008 concioneS‚
757 2970 874 3009 quas
903 2971 1032 3000 more
1060 2961 1197 3001 solito
1229 2963 1353 3013 apud
1375 2961 1526 3003 Divae
1555 2962 1776 3014 Agathae

195 3113 205 3133 ¹
247 3114 504 3151 apographum,
521 3117 599 3145 folio
616 3119 725 3152 unico,
741 3127 772 3146 n.
790 3119 834 3145 30.
