2168 3437
335 189 406 227 672
843 187 1070 223 LITTERAE
1097 196 1458 229 QUADRIMESTRES

333 285 503 324 renhas
534 282 560 334 ¹,
596 283 673 334 qui
702 293 788 322 nos
820 282 1050 333 singulari
1084 282 1411 322 benevolentia
1443 282 1771 333 complectitur
1803 294 1859 323 ac
1889 282 1977 323 sra-

332 362 462 395 terne
484 354 650 405 diligit.
674 353 797 394 R.<1¹ls
818 354 890 394 P.r
911 354 1087 404 Miron,
1121 354 1259 393 simul
1280 365 1336 394 ac
1357 353 1509 404 venit,
1538 353 1728 405 negotia
1750 354 1978 406 transegit

330 433 377 466 ut
398 426 549 477 potuit
570 425 947 476 diligentissime,
973 425 1139 477 quibus
1157 424 1460 476 expediendis
1478 436 1621 475 supra
1639 424 1829 465 modum
1848 425 1976 465 labo-

330 497 476 537 ravit:
502 509 557 537 ea
578 508 781 548 namque
800 502 947 537 noctu
969 496 1153 548 aliaque
1181 507 1288 536 cum
1309 496 1451 536 certis
1471 496 1796 536 sacerdotibus
1820 496 1833 515 ²
1856 508 1980 537 com-

328 568 619 608 municabat:
644 568 742 608 dies
763 580 878 608 vero
899 574 1022 608 totos
1051 567 1354 608 consumebat
1381 566 1512 618 Rege
1538 568 1855 620 fratribusque
1875 568 1974 608 eius

330 652 384 679 ac
412 639 649 680 nonnullis
686 639 790 680 aliis
825 639 1176 680 conveniendis,
1215 638 1368 679 Tanta
1403 645 1472 679 est
1507 639 1677 679 horum
1710 640 1975 691 principum

328 722 443 762 erga
464 710 750 752 Societatem
771 711 1099 751 benevolentia
1121 722 1177 751 ac
1199 710 1405 751 studium
1425 717 1475 751 ut
1496 711 1660 751 merito
1682 717 1727 751 et
1748 710 1849 751 Deo
1870 723 1976 763 gra-

327 783 416 822 tias
436 782 668 822 maximas
690 793 834 833 agere
856 788 900 822 et
922 782 1012 822 illis
1035 794 1220 834 semper
1242 782 1417 822 habere
1434 782 1704 823 debeamus.
1727 781 1849 823 Nam
1873 795 1979 824 cum

328 853 478 905 regia,
510 860 694 894 mortuo
723 853 941 905 Principe
963 853 990 905 ⁵,
1016 854 1064 894 in
1092 855 1220 894 luctu
1241 860 1287 893 et
1317 855 1536 905 squalore
1557 854 1754 905 iaceret,
1786 860 1977 907 totaque

328 925 441 965 urbe
482 925 815 965 acerbissimus
854 925 1008 966 luctus
1041 931 1337 976 versaretur,
1384 937 1439 965 ac
1480 932 1729 977 propterea
1772 926 1976 977 optimus

327 996 447 1047 Rex,
472 1003 520 1037 ut
549 1009 633 1048 par
655 1003 776 1048 erat,
810 997 1205 1048 postulationibus
1233 997 1424 1037 minime
1446 1003 1664 1047 vacaret,
1689 1009 1783 1037 non
1804 997 1976 1038 oblitus

328 1074 484 1108 tamen
505 1069 695 1120 pietatis
720 1069 990 1121 amorisque
1012 1068 1268 1120 singularis
1289 1079 1404 1120 erga
1422 1068 1604 1119 divina,
1629 1068 1873 1120 fratribus,
1898 1070 1980 1120 qui

327 1140 451 1191 apud
473 1140 608 1180 indos
637 1141 932 1192 brasilosque
967 1140 1156 1181 Christo
1187 1139 1394 1181 Domino
1425 1141 1646 1192 militant,
1671 1142 1816 1181 multa
1837 1141 1978 1192 largi-

327 1218 400 1252 tus
439 1220 525 1252 est.
550 1212 619 1261 Id,
665 1211 787 1264 quod
836 1212 1064 1263 intelliget
1110 1219 1190 1252 tua
1236 1212 1496 1263 paternitas
1535 1212 1685 1253 fusius
1727 1224 1786 1253 ex
1831 1213 1978 1253 literis

337 1283 423 1323 Rfli
446 1283 600 1324 Patris
622 1283 836 1325 Mironis.

409 1355 498 1406 Qui
518 1355 609 1395 hoc
631 1355 772 1395 etiam
794 1362 1007 1407 tempore
1034 1368 1128 1396 non
1155 1357 1336 1397 minore
1364 1357 1517 1397 studio
1540 1358 1797 1408 evigilabat
1819 1364 1867 1397 ut
1889 1358 1978 1397 col-

328 1426 502 1477 legium
542 1427 747 1467 inductis
788 1427 967 1478 regulis
1008 1434 1135 1468 recte
1175 1435 1313 1480 atque
1351 1429 1513 1469 ordine
1549 1428 1974 1469 administraretur.

326 1498 663 1549 Congregabat
685 1510 826 1550 saepe
848 1505 992 1540 noctu
1013 1500 1292 1550 magistros,
1318 1500 1622 1552 recitatisque
1643 1500 1824 1551 legibus
1843 1500 1974 1540 scho-

326 1570 523 1619 lasticiS,
561 1571 773 1621 singulas
810 1571 1202 1622 persequebatur,
1248 1583 1340 1622 qua
1378 1572 1626 1623 vigilantia
1669 1578 1973 1612 servarentur

325 1642 621 1693 exquirebat,
646 1648 695 1681 ut
717 1653 792 1682 res
815 1642 861 1682 in
891 1642 990 1682 dies
1019 1643 1171 1694 magis
1200 1643 1246 1683 in
1278 1643 1365 1683 Dei
1393 1642 1500 1694 Opt.
1524 1643 1648 1683 Max.
1674 1644 1877 1694 gloriam
1898 1643 1974 1683 flo-

329 1719 467 1753 reret.

404 1784 489 1824 His
512 1785 736 1836 peractis,
762 1792 929 1826 nactus
951 1786 1125 1837 locum,
1150 1786 1197 1826 in
1218 1786 1330 1827 Divi
1350 1786 1531 1827 Rocchi
1553 1799 1602 1827 se
1624 1787 1840 1837 contulit,
1866 1799 1975 1827 nam

326 1855 446 1896 R.du³
474 1855 545 1895 P.r
573 1856 745 1897 Torres
779 1855 807 1907 ⁴,
846 1857 924 1909 qui
952 1857 1014 1897 ibi
1043 1864 1165 1908 erat,
1205 1857 1474 1899 Cordubam
1511 1864 1581 1899 est
1614 1858 1877 1910 profectus:
1916 1858 1975 1898 ad

324 1927 441 1967 haec
464 1933 512 1967 ut
543 1927 824 1979 Collegium,
851 1928 1151 1980 gravioribus
1172 1929 1375 1980 negotiis
1399 1941 1622 1980 vacuum,
1658 1941 1743 1969 sua
1773 1940 1974 1969 commo-

327 2000 430 2039 dius
452 2005 656 2039 curaret.
1898 2040 1901 2046 .

404 2070 491 2110 Per
514 2071 599 2110 hos
621 2071 720 2110 dies
741 2070 930 2111 fuerunt
952 2072 1103 2112 nostri
1130 2072 1404 2112 sacerdotes
1430 2072 1734 2113 vehementer
1757 2072 1974 2124 occupati

325 2142 698 2183 confessionibus
740 2143 973 2183 externis:
1017 2154 1126 2183 nam
1160 2149 1348 2195 praeter
1387 2144 1613 2195 plurimas
1655 2144 1969 2196 quotidianas,

326 2214 505 2254 duobus
535 2213 698 2254 diebus
736 2214 1004 2266 dominicis,
1044 2226 1272 2256 concesso
1299 2214 1503 2266 jubilaeo
1534 2228 1560 2256 a
1592 2214 1784 2256 Summo
1819 2215 1971 2256 Ponti-

325 2286 409 2326 fice
431 2284 458 2335 ⁵,
483 2293 770 2337 exceperunt
791 2286 839 2326 in
858 2292 1020 2326 nostro
1047 2288 1221 2339 templo
1255 2294 1612 2328 sacrosanctum
1642 2288 1970 2328 Eucharistiae

326 2364 673 2397 sacramentum
697 2357 957 2408 octingenti
977 2358 1080 2409 plus
1102 2358 1279 2409 minus,
1315 2370 1423 2399 cum
1453 2365 1610 2399 tamen
1638 2359 1756 2399 alias
1777 2371 1872 2399 non
1893 2360 1972 2399 mi-

326 2428 479 2468 nimus
518 2439 779 2468 concursus
815 2428 910 2469 fiat.
950 2427 1231 2470 Benedictus
1270 2429 1420 2481 Deus,
1459 2431 1538 2481 qui
1575 2431 1717 2470 talem
1750 2431 1973 2482 pietatem

325 2499 438 2550 ipsis
458 2500 681 2551 largitur,
705 2500 841 2540 nobis
864 2511 978 2540 vero
1000 2500 1247 2541 laborandi
1268 2502 1586 2542 occasionem.
1609 2501 1727 2542 Sunt
1747 2501 1845 2542 fere
1868 2501 1970 2542 olis-

328 2570 600 2622 siponenses
622 2571 686 2622 pii
708 2571 994 2623 virtutisque
1013 2578 1266 2613 amatores.

405 2641 646 2693 Princeps,
672 2654 779 2682 cum
799 2654 823 2682 e
844 2643 943 2682 vita
966 2643 1203 2694 discessit,
1227 2644 1413 2695 reliquit
1436 2656 1631 2684 uxorem
1652 2644 1904 2696 gravidam
1927 2650 1971 2684 et

385 2779 395 2799 ¹
435 2778 523 2806 Vide
539 2786 653 2813 supra,
670 2787 747 2813 pag.
764 2779 828 2806 444.

379 2828 391 2847 2
430 2826 588 2861 Intellige
603 2827 766 2861 quosdam
784 2826 966 2855 societatis
983 2827 1104 2855 Patres
1120 2828 1152 2855 in
1168 2827 1429 2864 Ulyssiponensi
1446 2828 1597 2863 Collegio
1614 2829 1788 2863 degentes.

381 2874 394 2893 5
431 2874 520 2901 Vide
536 2881 651 2908 supra,
669 2881 747 2908 pag.
764 2874 826 2902 538.

380 2922 395 2942 4
432 2921 468 2948 Ρ.
484 2921 629 2948 Michael
644 2922 683 2948 de
702 2922 837 2949 Torres.

380 2968 393 2989 5
429 2968 575 3002 Jubilaei
588 2969 818 3004 indulgentia,
835 2971 930 3005 cujus
942 2971 1014 3005 jam
1029 2971 1164 3005 saepius
1181 2972 1304 2999 mentio
1320 2972 1414 2999 facta
1430 2978 1499 3005 est,
1518 2980 1536 2999 a
1553 2973 1641 3005 Julio
1658 2972 1704 2999 111
1726 2979 1887 3000 concessa
1908 2978 1970 3005 pro

327 3017 505 3050 anglorum
521 3020 554 3043 et
569 3024 808 3050 germanorum
825 3018 867 3045 ad
884 3017 981 3044 fidem
997 3018 1204 3046 catholicam
1221 3019 1428 3047 reductione.
