2168 3437
1858 0 2158 33 ”ffiwwoeff

351 288 421 325 436
858 285 1084 322 LITTERAE
1114 295 1472 328 QUADRIMESTRES

1069 737 1265 792 OOLV

423 966 470 1004 Ρ.
492 966 686 1013 Jacobus
706 966 851 1004 Miron

469 1032 591 1070 Patri
609 1032 778 1080 Ignatio
797 1032 850 1069 de
869 1032 1054 1079 Loyola.

516 1097 864 1146 Ulyssipone„10
881 1096 1084 1135 Octobris
1105 1096 1199 1132 1553
1218 1097 1242 1132 ¹.

430 1521 545 1573 Muy
571 1520 673 1560 R.d0
693 1520 861 1560 Padre.

431 1592 500 1632 La
526 1603 629 1644 gra.
660 1603 692 1643 y
718 1602 806 1643 paz
833 1590 889 1630 de
915 1589 1038 1641 Xpo.
1069 1601 1170 1630 nro.
1200 1589 1348 1630 Senor
1375 1601 1454 1630 sea
1485 1590 1685 1642 siempre
1716 1601 1773 1630 en
1800 1595 1997 1630 nuestro

353 1664 574 1704 continuo
594 1663 732 1703 fauor
752 1675 783 1713 y
805 1661 974 1713 ayuda⁴
999 1660 1168 1701 Amen.

431 1734 520 1775 Sea
541 1733 730 1774 bendito
751 1732 867 1772 Dios
893 1732 1045 1772 Padre
1066 1732 1122 1772 de
1144 1731 1266 1783 Xpo.
1297 1744 1398 1772 nro.
1428 1731 1577 1773 Sefior
1600 1731 1751 1772 Padre
1780 1732 1836 1772 de
1858 1732 1992 1772 mise-

351 1805 555 1846 ricordia
578 1818 607 1857 y
628 1805 745 1845 Dios
768 1804 823 1844 de
844 1803 956 1844 toda
977 1803 1271 1844 consolation
1291 1817 1323 1855 y
1344 1803 1400 1844 de
1420 1804 1532 1844 toda
1552 1803 1711 1844 virtud
1739 1816 1770 1855 y
1795 1815 1992 1844 renoua-

350 1878 444 1918 tion
468 1890 499 1929 y
521 1882 774 1927 augmento
796 1875 1053 1927 espiritual.

430 1949 502 1990 En
523 1954 647 1988 estos
668 1953 836 1998 quatro
857 1957 1025 1996 meses,
1048 1945 1199 1986 Padre
1220 1951 1426 1997 nuestro,
1450 1946 1675 1986 hauemos
1703 1958 1760 1987 en
1781 1947 1822 1986 el
1843 1945 1993 1986 Sefior

350 2032 450 2060 nro.
475 2030 587 2070 muy
609 2019 896 2058 clai-amente
917 2016 1301 2068 experimentado
1323 2018 1368 2057 lo
1397 2029 1485 2068 que
1506 2017 1708 2069 siempre
1730 2028 1942 2057 creemos
1961 2030 1993 2069 y

352 2091 576 2131 sentimos
612 2092 737 2141 quan
773 2088 954 2140 grande
982 2101 1014 2139 y
1042 2088 1217 2139 special
1247 2099 1350 2139 gra.
1379 2101 1410 2140 y
1436 2088 1724 2139 benignidad
1753 2100 1844 2140 aya
1875 2100 1993 2129 mos-

355 2163 489 2203 trado
508 2173 608 2201 nra.
633 2160 742 2211 guia
760 2173 791 2211 y
813 2165 1018 2200 maestro
1038 2159 1149 2211 Jesu
1170 2158 1291 2211 Xpo.
1317 2171 1374 2200 en
1395 2166 1495 2200 esta
1517 2171 1679 2200 menor
1699 2167 1833 2211 parte
1855 2160 1911 2200 de
1937 2171 1992 2200 su

352 2234 543 2275 minima
560 2233 776 2284 copania.
796 2231 958 2272 Gloria
976 2244 1007 2283 y
1024 2231 1254 2281 alabanca
1272 2234 1300 2271 3
1317 2243 1371 2271 su
1388 2231 1547 2271 diuina
1562 2232 1751 2272 bondad
1770 2245 1799 2283 y
1817 2231 1993 2272 miseri-

353 2305 528 2346 cordia.
544 2303 783 2348 Sabemos,
800 2301 951 2342 Padre
963 2308 1169 2353 nuestro,
1184 2302 1254 2342 135
1268 2302 1593 2343 tribulationes
1609 2314 1696 2354 que
1715 2314 1799 2353 por
1818 2302 1993 2354 special

351 2389 453 2429 gra.
475 2374 563 2428 [de]
583 2387 637 2415 su
653 2375 812 2415 diuina
828 2373 1123 2425 prouidentia
1140 2374 1360 2425 padescio
1378 2374 1438 2414 V.
1457 2374 1506 2414 P.
1526 2387 1557 2426 y
1575 2377 1707 2414 antes
1726 2386 1814 2426 que
1831 2380 1992 2425 cogre-

352 2459 491 2499 gasse
512 2449 556 2487 la
577 2447 793 2498 copania3
816 2458 847 2497 y
868 2445 1092 2485 sentimos
1112 2445 1156 2484 lo
1178 2456 1267 2496 que
1289 2457 1347 2485 en
1365 2446 1479 2485 01135
1499 2446 1610 2498 Jesu
1628 2445 1749 2497 Xpo.
1779 2457 1992 2485 accomo-

353 2520 475 2560 daua
491 2531 522 2570 y
538 2529 804 2570 preparaua
820 2517 861 2556 01
876 2516 1051 2567 primer
1066 2516 1369 2556 fundamento
1382 2516 1437 2556 (10
1452 2528 1506 2557 su
1524 2519 1737 2568 copafiia.
1753 2517 1994 2557 Hauemos

352 2590 501 2630 vistas
528 2591 597 2629 135
624 2587 948 2628 tribulationes
977 2590 1002 2627 ό
1031 2587 1430 2628 contradictiones
1462 2587 1517 2628 de
1544 2589 1589 2628 13
1620 2590 1819 2640 copania
1850 2587 1990 2628 desde

353 2662 393 2701 el
426 2660 657 2712 principio
691 2658 747 2698 de
781 2670 836 2699 su
865 2658 1225 2709 congregation,
1261 2671 1292 2710 y
1325 2670 1410 2710 por
1446 2659 1560 2698 01135
1596 2659 1637 2699 01
1674 2664 1915 2710 augmeto,
1950 2658 1992 2698 el

406 2821 416 2840 ¹
456 2820 569 2847 Tema
581 2824 658 2847 sunt
675 2819 775 2853 hujus
790 2818 956 2853 epistolae
973 2818 1140 2852 exempla.
1157 2818 1317 2852 Primum,
1332 2819 1596 2853 autographum,
1615 2819 1758 2853 hispano
1773 2826 1939 2852 sermone,
1956 2822 1990 2845 et

353 2867 486 2901 quidem
510 2871 620 2894 totum
641 2874 743 2893 manu
764 2866 869 2900 ipsius
891 2865 1006 2893 Patris
1020 2865 1146 2899 Mil-on,
1171 2865 1205 2892 in
1226 2866 1315 2893 foliis
1331 2866 1475 2900 quinque
1491 2873 1510 2893 3
1525 2874 1556 2893 n.
1577 2867 1628 2893 571
1644 2866 1687 2893 ad
1703 2866 1765 2893 575.
1788 2865 1989 2898 Secundum,

352 2915 599 2949 apographum,
616 2915 731 2946 latine,
748 2914 781 2941 in
797 2913 876 2940 folio
889 2912 1023 2947 duplici,
1040 2921 1069 2940 n.
1086 2914 1138 2940 569
1153 2918 1187 2941 et
1201 2913 1263 2940 570.
1280 2913 1443 2947 Tertium,
1461 2914 1542 2940 item
1558 2914 1806 2948 apographum,
1824 2917 1856 2940 et
1873 2914 1991 2947 latine,

351 2961 384 2987 in
399 2961 478 2987 folio
494 2961 629 2995 duplici,
645 2969 698 2987 nn.
712 2960 764 2987 623
778 2964 811 2987 et
826 2960 888 2994 024,
905 2960 963 2987 sed
977 2960 1114 2987 brevius
1126 2961 1232 2987 multo
1249 2968 1349 2995 quam
1364 2961 1427 2988 duo
1442 2961 1569 2995 priora;
1586 2961 1738 2988 continet
1754 2961 1842 2988 enim
1858 2965 1990 2988 tantum

353 3010 518 3042 excerpta
535 3009 709 3042 quaedam
728 3015 771 3034 ex
783 3008 929 3040 litteris,
944 3015 983 3035 ea
998 3008 1140 3042 scilicet,
1158 3016 1242 3042 quac
1259 3007 1531 3041 universaliora,
1546 3013 1582 3036 ut
1599 3009 1788 3042 dicebatur,
1804 3014 1881 3036 sunt
1897 3012 1929 3035 et
1943 3008 1991 3035 di-

351 3055 472 3088 gniora
488 3063 572 3089 quae
589 3056 631 3082 ad
646 3055 793 3082 omnium
814 3055 981 3082 sociorum
1002 3054 1160 3083 notitiam
1183 3055 1413 3089 pervenirent.
1431 3056 1534 3090 Atqui
1556 3056 1623 3083 tria
1645 3056 1730 3083 haec
1757 3057 1914 3090 exempla
1928 3063 1993 3083 suo

353 3101 406 3127 hic
424 3101 539 3128 ordine
563 3101 790 3135 subjiciemus.
