2168 3437
892 275 975 312 AN.
1006 275 1099 313 1554
1746 280 1814 317 531

260 370 441 411 Domus
466 371 545 411 illa
576 371 873 424 receptandis
905 373 1232 423 meretriculis,
1267 385 1387 425 quae
1418 375 1695 426 resipiscere
1722 377 1814 416 vel-

180 442 295 492 lent,
320 449 614 493 comparata,
639 443 696 482 de
716 454 808 495 qua
830 443 945 482 alias
968 443 1262 494 scripsimus,
1287 445 1458 485 mirum
1484 445 1532 485 in
1553 446 1744 487 modum
1770 453 1816 488 et

179 512 466 563 spiritalibus
485 512 575 553 Dei
595 512 730 553 donis
751 519 795 553 et
819 518 911 565 opu
933 513 1074 553 etiam
1104 520 1399 555 terrenarum
1426 516 1646 556 subsidiis
1676 523 1815 558 aucta

177 589 265 623 est.
288 583 477 624 Donata
498 589 568 624 est
590 584 679 624 illis
696 584 863 624 domus
881 584 1127 624 commoda
1145 597 1171 625 a
1188 585 1392 636 quodam
1410 586 1485 637 pio
1502 586 1702 639 Abbate,
1721 600 1816 629 una

180 665 287 694 cum
308 654 502 706 templo;
533 660 835 695 accesserunt
867 654 924 694 ab
955 654 1058 695 aliis
1088 655 1297 696 redditus
1327 657 1489 707 annui,
1524 670 1550 697 a
1581 659 1817 711 plerisque

179 725 492 765 eleemosinae
526 725 842 777 largissimae,
872 731 1059 777 praeter
1086 726 1297 766 virorum
1322 739 1634 779 permagnum
1659 741 1816 770 nume-

180 807 304 846 rum,
327 796 601 853 quialiquid
622 797 669 836 in
690 797 899 848 singulos
920 807 1104 836 menses
1126 797 1437 848 elargiuntur,
1464 811 1717 852 earumque
1741 813 1815 841 cu-

179 878 282 906 ram
309 873 503 918 gerunt3
533 874 577 908 et
605 873 848 908 ma'tronae
875 867 1107 919 quaedam
1134 867 1392 908 ditissimae
1425 875 1470 909 et
1499 871 1816 913 nobilissimae

178 938 319 978 totius
341 938 468 978 urbis
489 938 561 978 his
583 940 903 991 maximopere
925 944 970 978 et
991 950 1040 979 re
1062 945 1107 979 et
1127 939 1285 979 verbis
1312 939 1495 981 fauent:
1528 953 1578 982 re
1609 943 1811 994 quidem,

179 1020 286 1048 cum
303 1007 359 1048 de
381 1021 465 1048 suo
488 1010 762 1061 porrigunt,
786 1010 943 1050 verbis
963 1016 1141 1060 autem,
1166 1009 1276 1049 dum
1295 1010 1408 1050 urbe
1431 1018 1528 1051 tota
1548 1045 1555 1062 ‚
1580 1014 1704 1064 quod
1725 1014 1815 1055 illis

178 1080 463 1131 largiantur,
489 1081 769 1132 quaeritant.
794 1080 910 1122 Sunt
931 1081 1048 1121 haec
1069 1081 1161 1121 duo
1184 1093 1342 1132 opera,
1366 1093 1565 1132 quarum
1587 1084 1816 1125 hactenus

175 1151 352 1191 ‘mentio
374 1151 501 1191 facta
522 1158 615 1202 est,
640 1152 819 1192 ciuitati
841 1158 1118 1193 ornamento
1136 1184 1143 1199 ,
1168 1164 1317 1204 neque
1339 1165 1506 1204 parum
1528 1155 1674 1195 utilia.

260 1221 397 1273 Quod
419 1235 533 1263 vero
555 1234 678 1263 nunc
699 1223 946 1263 subiiciam
963 1236 1016 1264 eo
1045 1230 1114 1264 est
1149 1224 1430 1264 laudabilius
1465 1225 1589 1276 quod
1617 1238 1710 1266 non
1739 1227 1816 1267 uni

180 1299 365 1333 tantum
399 1294 601 1345 civitati,
639 1295 719 1334 sed
749 1295 835 1334 toti
855 1306 1001 1346 regno
1022 1301 1082 1335 no
1104 1295 1403 1335 mediocriter
1424 1296 1483 1336 sit
1503 1297 1814 1348 profuturum.

180 1363 510 1415 Pragmatieas
533 1365 656 1405 enim
677 1366 907 1417 quasdam
929 1366 1012 1416 (sic
1042 1373 1197 1406 autem
1224 1366 1412 1406 decreta
1443 1366 1715 1419 Principum
1741 1369 1816 1408 hic

180 1435 433 1486 appellant)
464 1447 643 1487 paucos
674 1442 781 1477 ante
811 1437 929 1487 dies,
960 1437 1177 1477 hortante
1208 1438 1412 1478 maxime
1444 1437 1546 1478 R.d0
1573 1438 1676 1479 Pre.
1711 1451 1814 1480 nro.

177 1505 279 1545 Pre.
303 1506 617 1558 Hieronymo,
641 1506 820 1548 Prorex
845 1514 944 1548 toto
972 1507 1136 1559 Regno
1165 1508 1284 1548 edici
1310 1509 1571 1561 praecepit,
1604 1522 1746 1562 quae,
1776 1512 1817 1552 si

181 1577 286 1627 pari
307 1577 570 1628 diligentia,
596 1590 687 1629 qua
709 1590 832 1619 nunc
855 1585 1073 1630 coeptum
1094 1586 1184 1626 est,
1208 1580 1404 1630 posthac
1422 1580 1815 1632 observabuntur,

182 1659 334 1699 neque
355 1649 512 1689 iurare
535 1650 744 1700 omnino,
770 1662 919 1701 neque
936 1649 1116 1697 ludere,
1136 1650 1319 1701 publice
1338 1652 1524 1699 saltem,
1543 1663 1693 1703 neque
1711 1664 1817 1693 cau-

132 1761 135 1762 ?
178 1719 366 1769 ponari,
389 1731 539 1770 neque
561 1720 848 1760 concubinas
870 1721 995 1760 alere
1018 1721 1215 1772 perditis
1235 1721 1404 1761 licebit.
1429 1721 1516 1762 His
1542 1723 1666 1762 enim
1693 1723 1816 1764 bona

179 1790 402 1841 pleraque
424 1790 798 1843 praecipiuntur,
821 1798 865 1831 et
887 1798 1073 1840 praeter
1104 1792 1219 1831 haec
1249 1793 1372 1832 mala
1400 1795 1630 1844 permulta
1664 1795 1815 1846 prohi-

177 1860 368 1911 bentur,
400 1872 520 1912 quae
547 1861 724 1902 referre
754 1863 961 1913 singula,
993 1863 1163 1914 quonia
1191 1863 1328 1903 nimis
1358 1864 1638 1905 immensum
1660 1871 1704 1905 et
1720 1866 1815 1905 infi-

176 1931 276 1971 nitu
310 1932 572 1983 videretur,
611 1945 665 1973 ea
699 1934 824 1985 typis
860 1934 1104 1984 mandata,
1147 1942 1195 1974 ut
1236 1935 1310 1974 hic
1351 1935 1475 1976 edita
1504 1943 1631 1981 sunt.
1673 1937 1733 1977 ad
1771 1943 1815 1977 te

179 2003 310 2042 mitto
333 2001 362 2040 ¹.

257 2072 502 2114 Addamus
524 2081 569 2115 et
590 2076 685 2126 his,
710 2088 829 2128 quae
862 2077 1047 2128 publica
1078 2084 1205 2126 sunt,
1239 2078 1382 2117 etiarn
1412 2078 1524 2118 hoc:
1557 2091 1664 2119 cum
1692 2080 1816 2120 enim

176 2145 347 2185 multos
369 2152 477 2185 ante
499 2157 649 2187 annos
670 2148 795 2188 sacri
816 2148 1084 2188 chrismatis
1106 2149 1260 2188 nullus
1281 2149 1357 2189 hic
1378 2148 1543 2190 fuisset
1561 2162 1688 2201 usus,
1708 2150 1814 2191 effe-

177 2215 239 2255 cit
259 2215 381 2256 idem
403 2227 544 2269 saepe
566 2225 853 2259 memoratus
873 2218 1011 2259 Pater
1040 2219 1163 2270 apud
1190 2219 1504 2270 Rhegiensem
1530 2222 1815 2273 Episcopum

175 2293 225 2326 ut
248 2286 429 2327 duobus
450 2287 613 2328 diebus
642 2289 936 2330 innumeram
957 2291 1236 2341 populorum
1264 2291 1400 2331 turba
1432 2292 1521 2332 hoc
1549 2300 1816 2335 sacrameto

180 2357 442 2409 insigniret.

255 2427 317 2467 Ut
354 2440 469 2468 vero
509 2429 566 2469 de
604 2430 740 2470 nobis
780 2431 956 2482 aliquid
985 2432 1224 2476 dicamus.
1258 2433 1528 2474 scholarum
1559 2436 1705 2483 ratio,
1737 2436 1812 2476 do-

178 2499 371 2538 mestica
411 2499 646 2550 instituta,
689 2501 1029 2553 confessiones,
1060 2504 1334 2554 conciones,
1365 2505 1681 2556 lectionesque
1702 2507 1816 2547 novi

175 2569 290 2609 nihil
311 2569 506 2621 habent,
531 2571 655 2622 quod
676 2577 720 2612 et
741 2584 800 2612 ex
821 2574 1141 2624 superioribus
1172 2575 1284 2614 nris.
1321 2575 1467 2615 literis
1495 2576 1691 2628 intelligi
1720 2590 1816 2618 non

176 2640 337 2690 possit.
371 2640 698 2692 Quadraginta
726 2643 951 2683 horarum
979 2645 1129 2684 oratio
1206 2646 1276 2685 bis
1312 2657 1413 2686 nro.
1451 2646 1497 2686 in
1534 2648 1707 2699 templo
1742 2649 1816 2689 his

175 2717 379 2762 quatuor
399 2712 638 2752 mensibus
658 2712 785 2753 facta
806 2720 897 2763 est,
922 2715 982 2754 ad
1004 2727 1145 2766 quam
1167 2716 1333 2767 ingens
1360 2716 1522 2757 virori]
1553 2718 1815 2760 mulierum-

176 2794 266 2833 que
286 2782 533 2822 multitudo
555 2783 793 2824 confluxit.
816 2783 1052 2836 Jubilaeu,
1077 2792 1136 2825 no
1160 2787 1329 2826 multos
1352 2787 1450 2827 dies
1472 2794 1580 2828 ante
1601 2789 1719 2830 festa
1737 2802 1815 2831 na-

174 2853 348 2903 talitia,
373 2852 465 2893 huc
486 2854 679 2894 allatum
700 2859 789 2905 est;
814 2866 929 2906 quos
951 2868 1064 2896 vero
1086 2862 1196 2896 tunc
1218 2857 1411 2908 aliisque
1439 2860 1727 2910 temporibus
1757 2873 1816 2902 ex

232 3035 242 3055 ¹
282 3034 370 3063 Vide
386 3035 702 3070 Pragmaticarum
720 3036 835 3071 Regni
852 3038 997 3065 Siciliae
1013 3038 1216 3067 Novissima
1234 3040 1406 3074 Collectio,
1427 3042 1566 3076 passim.

230 3082 246 3101 ἒ
281 3082 370 3110 Vide
386 3083 554 3119 Pommco,
573 3084 707 3117 Chron„
722 3088 746 3112 t.
762 3091 816 3117 111.
834 3093 913 3120 pag.
929 3086 988 3113 198.
