2168 3437
341 279 411 316 374
853 277 1080 313 LITTERAE
1107 287 1466 319 QUADRIMESTRES

334 375 459 426 pium
490 373 823 422 vendicabunt,
857 383 976 423 quae
996 378 1101 423 post
1134 372 1295 412 ultimo
1326 372 1387 412 ad
1414 384 1501 412 vos
1537 372 1738 423 scriptas
1761 372 1981 423 proxime-

335 444 588 494 contigere.
612 443 772 494 Itaque
792 455 886 482 non
908 443 1218 494 incongruum
1248 443 1505 492 videbitur,
1537 443 1574 483 si
1602 443 1658 482 ab
1687 443 1817 482 initio
1844 443 1973 483 scho-

333 517 404 555 lae
427 520 614 554 nostrae
636 513 880 554 exordium
900 520 1053 554 sumat
1073 514 1190 554 haec
1211 514 1436 554 narratio.
1470 513 1559 554 Ubi
1588 514 1634 553 in
1663 513 1825 565 primis
1846 514 1975 553 intel-

334 587 447 637 ligat
486 584 540 624 R.
576 584 634 625 V.
675 584 724 624 Ρ.
762 585 1015 636 plurimum
1052 585 1183 636 prius
1218 584 1497 625 desudatum
1537 590 1674 636 atque
1710 585 1976 624 laboratum

334 668 435 696 esse
466 667 605 706 quam
628 656 685 695 ab
707 655 778 706 iis,
804 666 947 707 penes
968 667 1085 707 quos
1106 661 1207 695 erat
1228 655 1485 707 praecipua
1506 655 1789 706 authoritas,
1814 661 1975 707 potue-

334 728 479 767 rimus
500 727 693 766 liberam
723 726 931 766 obtinere
959 726 1232 766 facultatem
1263 726 1503 778 aperiendi
1524 726 1733 774 scholaS,
1766 732 1810 766 et
1841 737 1974 777 quos-

336 799 407 837 vis
441 797 676 837 studiosos
712 797 1006 838 admittendi:
1044 803 1143 837 tum
1179 797 1287 848 quia
1320 797 1473 836 nullos
1507 796 1603 837 fere
1635 808 1779 837 causa
1814 803 1978 836 nostra

340 869 534 908 haberet
554 876 779 920 patronos
809 874 908 908 tum
937 868 1046 920 quia
1075 868 1374 908 adversarios
1402 880 1495 907 non
1525 879 1700 919 paucos
1731 868 1810 919 qui
1838 868 1978 919 impe-

335 940 433 979 dire
455 950 741 990 magnopere
764 939 1106 979 contendebant
1134 937 1256 990 quod
1284 938 1371 978 nri.
1407 938 1621 978 effectum
1648 938 1705 978 iri
1736 944 1976 990 cuperent.

335 1009 427 1050 Sed
454 1010 612 1049 divina
643 1021 730 1061 ope
762 1009 951 1050 tandem
983 1010 1081 1049 voti
1109 1014 1349 1060 compotes
1375 1009 1488 1049 facti
1515 1020 1678 1048 sumus
1706 1008 1976 1049 cedentibus

336 1093 391 1122 ac
422 1081 713 1121 cessantibus
743 1080 834 1131 his,
865 1081 944 1133 qui
964 1080 1259 1132 potissimum
1289 1086 1486 1120 conatus
1508 1086 1694 1120 nostros
1715 1080 1900 1119 irritare
1925 1091 1985 1119 ac

341 1152 596 1203 infringere
616 1152 898 1191 nitebantur.
928 1151 1063 1192 Prius
1097 1163 1237 1203 quam
1263 1151 1385 1191 hanc
1406 1150 1679 1191 facultatem
1705 1151 1976 1192 obtinuisse-

339 1235 460 1274 mus,
494 1223 627 1263 multi
662 1223 848 1275 quidem
880 1222 1167 1263 accedebant
1201 1222 1418 1272 studiosi,
1449 1234 1566 1274 quos
1596 1227 1816 1273 parentes
1847 1222 1987 1261 nobis.

337 1295 648 1335 obtrudebant
688 1293 988 1345 erudiendos,
1031 1294 1198 1345 quibus
1237 1305 1343 1333 cum
1382 1293 1772 1345 responderemus
1808 1291 1853 1332 id
1886 1304 1982 1332 non

336 1366 463 1418 prius
483 1366 625 1406 licere
644 1366 780 1405 nobis
803 1377 944 1417 quam
973 1365 1319 1416 accepissemus
1343 1365 1616 1405 facultatem
1637 1375 1786 1415 neque
1815 1364 1882 1404 sic
1914 1375 1979 1403 re-

335 1438 472 1489 primi
503 1443 721 1489 poterant
748 1437 860 1488 quin
888 1437 936 1476 in
962 1436 1060 1476 dies
1090 1448 1311 1476 numerus
1340 1441 1573 1476 cresceret
1601 1436 1667 1475 sic
1697 1435 1975 1475 oblatorum.

413 1508 667 1559 Postquam
701 1508 859 1559 itaque
885 1507 1086 1547 innotuit
1116 1507 1252 1547 nobis
1279 1507 1454 1547 factam
1481 1518 1583 1547 esse
1610 1511 1891 1558 potestatem
1919 1506 1977 1546 le-

335 1579 496 1631 gendi,
534 1590 707 1630 magna
743 1590 857 1619 sane
891 1590 1145 1630 puerorum
1179 1578 1337 1628 turba,
1375 1577 1508 1618 brevi
1547 1577 1770 1629 temporis
1805 1577 1980 1628 spatiO,

336 1650 523 1691 scholas
557 1656 745 1697 nostras
778 1650 1078 1701 frequentare
1113 1649 1286 1700 coepit,
1318 1649 1365 1689 in
1395 1648 1580 1700 quibus,
1620 1660 1726 1688 cum
1760 1660 1854 1688 non
1886 1648 1979 1688 sint

333 1722 422 1773 ipsi
452 1721 613 1773 pravis
644 1720 808 1760 imbuti
841 1720 1158 1772 opinionibus,
1196 1720 1304 1760 licet
1333 1718 1471 1760 facile
1498 1725 1686 1771 praeter
1714 1719 1979 1759 litterarum

335 1793 619 1843 doctrinam,
657 1804 712 1832 ea
746 1803 865 1843 quae
902 1791 961 1832 ad
994 1791 1215 1843 pietatem
1251 1796 1465 1842 spectant
1498 1790 1803 1831 fundamenta
1839 1791 1978 1830 collo<

335 1875 459 1904 care.
482 1863 607 1904 Inter
628 1862 713 1903 hos
735 1868 842 1903 sunt
868 1863 1002 1902 liberi
1032 1874 1126 1902 non
1152 1873 1432 1914 paucorum,
1464 1862 1541 1913 qui
1572 1867 1668 1901 tum
1697 1861 1744 1901 in
1773 1861 1878 1901 aula
1911 1873 1979 1901 re-

335 1935 414 1985 gia
434 1942 532 1974 tum
553 1935 600 1974 in
621 1934 712 1973 hac
732 1934 946 1984 civitate,
969 1933 1194 1985 primaria
1216 1933 1500 1973 authoritate
1521 1932 1702 1983 fulgent
1731 1939 1775 1972 et
1803 1932 1978 1984 praeci-

340 2017 432 2057 pua
461 2010 630 2056 gerunt
665 2004 829 2044 officia.
868 2003 1081 2056 Plerique
1116 2004 1257 2044 etiam
1284 2005 1457 2044 vellent
1486 2015 1595 2043 suos
1626 2003 1868 2060 nobiscum
1895 2003 1982 2043 sub

336 2075 500 2116 eodem
521 2081 645 2116 tecto
668 2076 838 2127 iugiter
860 2086 1182 2126 commanere,
1213 2087 1411 2127 quorum
1439 2074 1527 2126 piis
1558 2074 1801 2115 desideriis
1822 2086 1979 2126 spera-

336 2159 439 2187 mus
461 2147 732 2198 propediem
754 2158 841 2186 nos
871 2146 1218 2197 satisfacturos,
1242 2146 1321 2186 ubi
1350 2146 1569 2186 nimirum
1598 2144 1747 2197 major
1779 2157 1980 2186 commo-

336 2219 456 2258 ditas
491 2217 811 2258 aedificiorum
846 2229 949 2258 sese
984 2218 1224 2268 obtulerit,
1263 2217 1363 2257 sive
1394 2217 1441 2257 in
1468 2218 1557 2257 hoc
1584 2217 1769 2268 eodem,
1808 2217 1855 2257 in
1886 2229 1980 2268 quo

337 2290 570 2340 degimus,
600 2289 903 2339 monasterio,
941 2289 1041 2329 sive
1077 2289 1205 2339 alibi,
1244 2289 1291 2328 in
1325 2289 1482 2328 vicino
1511 2288 1666 2340 aliquo
1699 2289 1805 2328 loco
1842 2288 1985 2329 aedes

340 2362 429 2402 illis
450 2361 649 2401 conduci
672 2373 727 2401 ac
748 2361 909 2412 parari
929 2366 1161 2411 poterunt.
1195 2360 1281 2400 His
1303 2359 1485 2400 accedit
1506 2360 1655 2411 quod,
1687 2371 1793 2399 cum
1821 2371 1987 2399 omnes

338 2432 410 2472 die
440 2444 623 2484 quoque
650 2431 839 2472 veneris
864 2431 1109 2471 nobiscum
1135 2431 1331 2482 pulchro
1364 2430 1525 2471 ordine
1554 2442 1609 2470 ac
1639 2430 1983 2471 modestissime

339 2503 596 2554 procedant
616 2503 664 2542 in
685 2502 883 2542 solemni
903 2502 1204 2554 processione
1235 2501 1310 2541 vel
1337 2501 1686 2553 supplicatione
1716 2501 1861 2553 (quae
1886 2501 1980 2541 sin—

337 2573 473 2623 gulis
495 2573 903 2625 ltebdomadc‘sfit)
928 2572 937 2592 ¹
959 2573 1007 2613 in
1028 2574 1200 2624 templo
1222 2584 1404 2613 summo
1438 2573 1509 2623 (ut
1533 2572 1748 2623 vocant),
1783 2573 1988 2624 populus

339 2646 445 2685 hinc
472 2657 565 2684 non
596 2644 892 2685 mediocriter
920 2644 1211 2684 aedificatur.
1250 2643 1425 2684 Omnes
1451 2656 1545 2684 non
1573 2644 1620 2684 in
1649 2645 1806 2696 plures
1842 2655 1983 2694 quam

339 2717 383 2755 in
414 2722 509 2756 tres
537 2717 712 2756 classes
739 2727 821 2755 seu
849 2716 979 2755 locos
1006 2721 1113 2755 sunt
1141 2715 1367 2765 distincti,
1406 2727 1690 2767 quamquam
1722 2715 1770 2754 in
1804 2714 1987 2754 duabus

339 2786 567 2826 classibus
584 2786 882 2827 inferioribus
899 2786 1075 2826 diversi
1091 2792 1198 2826 sunt
1211 2786 1413 2837 ordines,
1434 2797 1539 2826 cum
1556 2786 1645 2838 ipsi
1662 2798 1755 2826 non
1773 2784 1982 2836 ejusdem

353 2858 444 2898 sint
471 2861 643 2909 captus
669 2857 682 2876 ²
711 2863 790 2897 aut
824 2857 1119 2897 conditionis.
1158 2856 1435 2897 Doctrinam
1455 2857 1763 2897 christianam
1784 2856 1983 2897 audiunt
2045 2862 2048 2866 '

396 3043 403 3061 ¹
445 3042 578 3069 Italicis
593 3042 769 3076 descripta
786 3041 983 3070 interseruit
1000 3041 1178 3069 Polancus.

396 3090 409 3109 ²
449 3090 666 3124 Capacz'tatzs
681 3090 869 3125 scripserat
883 3090 1046 3117 Erardus.
