2168 3437
902 235 983 271 AN.
1016 234 1107 271 1553
1753 231 1822 268 217

936 686 1083 740 CCX

251 918 301 955 P.
325 918 577 966 Cyprianus
596 918 766 955 Suarez

300 983 423 1021 Patri
441 984 610 1031 Ignatio
631 983 682 1020 de
705 983 890 1030 Loyola.

349 1049 629 1096 Ulyssipona,
651 1048 697 1086 25
714 1048 882 1096 Aprilis
902 1048 995 1085 1553
1014 1049 1038 1085 ¹.

947 1293 1046 1371 stis

259 1544 359 1585 Pax
391 1543 583 1585 Domini
610 1545 760 1586 nostri
789 1544 1027 1587 Iesucristi
1058 1544 1117 1586 sit
1149 1557 1334 1597 semper
1361 1545 1408 1586 in
1437 1544 1606 1586 animis
1632 1543 1820 1585 nostris.

179 1615 351 1656 Amen.

261 1687 318 1727 Et
338 1687 391 1728 R.
417 1686 465 1727 P.
485 1687 680 1728 Mironis
702 1694 746 1728 et
766 1694 862 1738 tua,
885 1688 1025 1729 Pater
1046 1689 1204 1729 animo
1224 1700 1329 1729 meo
1352 1688 1641 1737 charissime,
1662 1687 1824 1727 volun-

181 1763 255 1798 tas
289 1758 401 1799 mihi
437 1760 626 1810 cognita
661 1759 842 1810 flagitat
876 1766 925 1800 ut
960 1760 1016 1800 de
1053 1760 1292 1809 omnibus,
1332 1771 1451 1811 quae
1487 1765 1699 1799 nostrum
1733 1758 1825 1797 hoc

178 1841 355 1870 novum
375 1831 676 1882 gymnasium
694 1837 927 1883 spectant,
952 1831 1199 1882 diligenter
1223 1831 1441 1871 scribam.
1469 1830 1622 1882 Atque
1644 1830 1825 1870 utinam

236 2016 246 2035 ¹
287 2016 398 2043 Terna
414 2015 508 2043 nobis
524 2023 605 2049 prae
622 2015 776 2042 manibus
792 2018 869 2042 sunt
886 2015 1009 2042 harum
1027 2015 1223 2042 litterarum
1247 2015 1414 2048 exempla.
1431 2014 1598 2046 Primum,
1623 2013 1655 2040 in
1674 2013 1753 2040 folio
1769 2012 1826 2039 du-

176 2064 272 2097 plici,
287 2072 341 2091 nn.
355 2063 408 2091 616
423 2067 457 2090 et
472 2063 534 2095 617.
552 2063 639 2097 quod
654 2063 793 2090 videtur
808 2063 1056 2097 autograhum,
1073 2063 1132 2090 sed
1148 2063 1401 2096 imperfectum3
1425 2062 1640 2089 desideratur
1655 2061 1743 2088 enim
1759 2064 1826 2088 ter—

182 2113 266 2139 tium
281 2112 409 2144 folium,
426 2112 458 2138 in
474 2119 537 2145 quo
554 2114 655 2138 erant
671 2114 826 2138 extrema
842 2110 1010 2145 epistolae
1028 2111 1155 2143 verba,
1179 2110 1384 2144 subscriptio
1402 2113 1435 2137 et
1450 2109 1709 2143 superscriptio.
1729 2109 1825 2135 Alte-

179 2167 264 2193 rum,
282 2164 377 2187 certo
393 2159 642 2194 apographum,
661 2159 694 2185 in
709 2158 789 2186 folio
804 2159 886 2186 item
900 2158 1038 2192 duplici,
1054 2166 1108 2186 nn.
1124 2158 1177 2186 594
1194 2162 1226 2186 et
1238 2158 1301 2192 595,
1323 2158 1377 2185 cui
1395 2158 1428 2185 in
1450 2160 1575 2192 quarta
1592 2157 1719 2191 pagina
1739 2157 1825 2184 haec

176 2206 415 2241 *superscripta*
430 2209 524 2233 sunt:
541 2206 639 2233 1553.
653 2205 766 2239 Quam.
781 2205 859 2233 sine
871 2205 1224 2233 loco.-—Conz'mbrice.
1239 2205 1402 2235 Tertium.
1417 2204 1564 2232 secundo
1577 2204 1696 2235 simile,
1707 2211 1762 2231 nn.
1773 2203 1826 2230 615

184 2256 218 2280 et
232 2253 295 2285 618.
311 2254 364 2280 cui
381 2253 486 2280 etiam
508 2253 577 2280 alia
598 2260 699 2280 manu
713 2252 982 2286 superscriptum
999 2257 1070 2280 est:
1093 2252 1206 2286 taad.
1225 2252 1392 2286 Conz‘mb„
1416 2252 1515 2280 1553.
1540 2253 1576 2279 In
1596 2253 1687 2280 nullo
1709 2259 1825 2279 eorum

179 2301 352 2335 reperitur
368 2308 489 2328 nomen
504 2301 578 2334 loci,
594 2301 626 2327 in
642 2308 704 2334 quo
720 2300 822 2327 datae
838 2299 977 2327 litterae
997 2300 1109 2335 fuere,
1125 2308 1186 2327 nec
1202 2308 1323 2327 nomen
1338 2300 1491 2328 auctoris
1507 2300 1823 2334 subsc1·iptum,nec

182 2348 323 2382 denique
336 2348 590 2382 superscriptio.

234 2396 364 2423 Verum
380 2396 423 2423 1.ο
439 2395 693 2430 autographum
705 2396 851 2430 primum
865 2404 939 2424 esse
955 2396 1029 2424 ideo
1046 2396 1256 2424 arbitramur
1271 2396 1358 2431 quod
1380 2397 1412 2424 in
1432 2404 1471 2424 eo
1494 2396 1528 2423 id
1553 2399 1715 2423 cernatur
1731 2395 1819 2430 quod

179 2448 314 2471 tantum
337 2444 369 2471 in
390 2444 443 2471 his
464 2444 590 2470 nostris
609 2444 835 2478 autographis
857 2448 908 2471 est
929 2444 1092 2478 reperire.
1118 2445 1311 2471 cancellata
1331 2444 1478 2477 scilicet,
1499 2451 1540 2471 ne
1566 2444 1817 2474 exscribantur.

179 2492 348 2526 quaedam
360 2492 479 2523 verba,
495 2491 595 2518 immo
611 2495 644 2518 et
660 2492 814 2526 integras
825 2492 992 2526 periodos,
1009 2499 1095 2526 quae
1111 2491 1349 2519 desiderantur
1360 2492 1500 2526 proinde
1516 2492 1548 2518 in
1561 2495 1655 2518 certo
1671 2497 1803 2525 apogra
1814 2505 1822 2510 -

176 2539 253 2573 phis
276 2539 421 2566 secundo
443 2543 476 2566 et
498 2538 693 2565 tertio—2⁰
708 2539 864 2573 quamvis
885 2539 1089 2574 apographa
1112 2539 1198 2566 haec
1220 2539 1284 2567 duo
1308 2547 1428 2566 nomen
1445 2539 1686 2566 Conimbricae
1701 2545 1820 2572 super-

180 2587 346 2621 scriptum
369 2587 531 2620 habeant,
562 2590 695 2613 certum
724 2586 862 2613 videtur
888 2587 1026 2614 litteras
1051 2594 1115 2614 non
1141 2586 1376 2614 Conimbricae
1402 2586 1459 2614 sed
1488 2586 1692 2621 Ulyssipone
1720 2585 1823 2612 datas

180 2633 294 2668 fuisse;
316 2637 423 2668 agunt
438 2635 526 2661 enim
542 2633 777 2661 tantummodo
794 2633 832 2660 de
852 2635 955 2661 rebus
977 2634 1342 2670 Ulyssipponensibus,
1360 2638 1392 2661 et
1408 2634 1448 2661 de
1464 2633 1500 2660 P.
1518 2633 1656 2661 Urbano
1671 2632 1822 2660 Fernan-

180 2680 240 2708 dez
256 2681 352 2709 aiunt
367 2681 465 2709 “huic
485 2680 744 2716 Ulyssiponensi
767 2680 918 2715 Collegio
941 2681 1216 2716 praee1·at„.—3.⁰
1238 2682 1413 2709 indubium
1433 2684 1485 2708 est
1507 2688 1625 2708 earum
1646 2684 1824 2707 auctorem

178 2736 254 2755 esse
274 2728 483 2764 Cyprianum
499 2728 636 2761 Suarez;
653 2728 782 2755 habent
797 2728 885 2755 enim
904 2728 1042 2756 litterae
1058 2729 1153 2756 haec:
1174 2729 1230 2756 “R.
1248 2729 1284 2756 P.
1299 2728 1499 2756 Emmanuel
1516 2729 1667 2755 Alvarez
1684 2735 1821 2755 mecum

182 2775 377 2803 Conimbria
392 2776 569 2811 profectus
585 2780 636 2803 est
659 2779 783 2803 octavo
805 2776 967 2804 calendas
990 2776 1189 2809 Februarii,
1212 2777 1266 2811 qui
1290 2777 1362 2803 dies
1377 2775 1417 2803 D.
1440 2775 1537 2803 Pauli
1542 2795 1591 2809 .....
1603 2797 1609 2809 ,
1631 2776 1752 2810 quibus
1773 2782 1823 2802 re-

181 2824 345 2857 spondent
360 2824 445 2851 haec
461 2824 599 2852 Polanci
613 2833 618 2851 ;
637 2823 706 2850 “Ad
725 2823 946 2857 aperiendam
961 2824 1115 2852 scholam
1130 2825 1356 2860 Ulyssiponae
1374 2823 1510 2850 evocati
1535 2823 1671 2850 fuerunt
1692 2822 1823 2850 Conim-

180 2871 256 2898 bria
270 2871 307 2898 P.
323 2871 523 2906 Cyprianus
539 2871 675 2898 Suarez
692 2874 726 2898 et
742 2871 777 2898 P.
795 2871 997 2899 Emmanuel
1013 2872 1179 2906 Aluarez,
1197 2872 1252 2906 qui
1267 2872 1436 2906 vigesima
1452 2872 1569 2906 quinta
1585 2871 1637 2898 die
1653 2871 1807 2904 Januarii

181 2917 220 2944 D.
231 2917 328 2945 Pauli
344 2919 557 2946 conversioni
570 2926 743 2952 sacra.....,‚
760 2918 894 2953 Clzron.,
909 2923 931 2947 t.
947 2926 997 2954 111,
1011 2927 1089 2954 pag.
1105 2919 1168 2953 394,
1181 2927 1212 2947 n.
1225 2919 1373 2946 863.—-1.0
1390 2919 1529 2946 tandem
1543 2926 1610 2946 vox
1625 2919 1684 2946 illa
1699 2918 1823 2946 Pater—

181 2965 280 2992 m‘tas
294 2969 497 3000 argumento
510 2970 562 2994 est
577 2967 715 2994 litteras
730 2966 773 2993 ad
785 2966 818 2993 S.
833 2966 1006 3000 Ignatium
1018 2974 1090 2994 esse
1106 2967 1216 2994 datas.

235 3011 344 3045 Quae.
363 3013 395 3040 in
410 3013 625 3048 autographo
641 3014 849 3048 cancellata,
866 3014 899 3041 in
914 3014 1122 3048 apographis
1137 3014 1387 3048 desiderantur,
1409 3013 1551 3048 italicis,
1568 3017 1603 3041 ut
1619 3017 1735 3041 noster
1749 3021 1822 3040 mos

178 3062 242 3089 est,
257 3058 312 3087 hic
329 3060 569 3088 describemus.
