2168 3437
403 218 470 255 lOO
911 217 1139 255 LITTERAE
1165 228 1526 261 QUADRIMESTRES

397 315 566 366 crevit,
598 321 668 367 ut,
701 326 987 367 quamquam
1015 314 1311 355 Christianae
1338 315 1588 366 probitatis
1615 328 1671 356 ac
1693 316 1967 368 modestiae,
1995 317 2043 356 in

397 387 510 438 ipsis
530 386 738 427 moribus
757 386 1031 436 relucentis,
1056 384 1178 426 iusta
1209 398 1265 426 ac
1296 398 1412 426 vera
1444 387 1661 438 opinione
1690 387 1825 427 nobis
1854 399 2038 439 semper

397 458 620 509 probatus
654 458 880 507 extiterit,
917 457 1153 497 hominem
1183 463 1341 497 tamen
1372 458 1571 498 alterum
1600 463 1680 498 aut
1711 465 1942 509 renatum,
1983 459 2045 499 ob

397 530 579 581 insigne
601 529 900 580 perfectionis
922 529 1228 580 evangelicae
1250 529 1454 569 studium
1476 541 1531 569 ac
1551 529 1772 581 frequens
1795 530 1851 570 de
1879 531 2041 570 mundi

398 607 666 651 contemptu
688 612 743 640 ac
765 600 1021 651 Religionis
1042 601 1246 652 puritate
1268 601 1569 652 colloquium,
1599 608 1725 641 recte
1749 613 1943 641 censeas
1962 613 1969 651 ;
1993 608 2042 641 ut

396 671 532 712 facile
553 673 726 723 liqueat
748 672 954 712 animam
976 672 1134 723 ipsius,
1160 672 1307 712 divini
1328 672 1518 723 spiritus
1537 672 1673 712 suavi
1691 672 1870 722 afflatu,
1889 672 2041 723 Regni

397 743 695 795 mysterium,
733 743 1009 794 prudentiae
1050 743 1209 783 mundi
1251 744 1539 790 abstrusum,
1583 743 1779 783 feliciter
1826 743 2042 783 edoctum

397 826 515 854 esse.
538 814 627 854 Hic
659 825 944 865 quamquam
971 814 1017 854 in
1045 815 1159 866 ipsis
1188 815 1521 854 exercitiorum
1545 815 1766 866 auspiciis
1793 814 2047 854 Societatis

395 886 658 926 institutum
675 886 862 925 minime
884 885 971 925 sibi
992 886 1306 937 persuasisset
1327 918 1334 937 ‚
1358 892 1489 925 tanta
1511 886 1812 925 nihilominus
1836 886 2043 926 animum

395 957 541 1009 ipsius
579 964 770 996 nostrae
805 956 1157 997 consuetudinis
1191 957 1361 1009 cupido
1396 963 1501 1008 post
1536 957 1708 997 iustam
1744 957 2017 998 deliberatio

394 1040 501 1068 nem
527 1028 719 1068 incessit
747 1034 818 1078 ut,
848 1027 937 1067 nisi
964 1029 1263 1079 negotiorum
1294 1029 1538 1068 obstacula
1568 1028 1789 1068 desiderii
1819 1029 2043 1080 impetum

394 1106 634 1140 remorata
657 1099 874 1150 fuissent,
899 1099 993 1139 iam
1014 1105 1175 1139 nostro
1207 1099 1459 1140 adiunctus
1489 1111 1684 1140 numero
1718 1106 1881 1151 optata
1909 1101 2040 1151 spiri-

396 1176 471 1210 tus
491 1182 608 1222 pace
630 1171 676 1210 in
697 1170 900 1210 Domino
921 1170 1169 1221 frueretur;
1191 1170 1333 1222 atqui,
1352 1171 1497 1210 libera
1519 1171 1780 1211 communis
1797 1171 2043 1211 nobiscum

397 1242 523 1282 vitae
545 1241 767 1281 facultate
798 1241 856 1280 ad
884 1247 1068 1292 tempus
1095 1241 1137 1281 ei
1164 1247 1353 1292 negata,
1377 1253 1464 1281 nos
1484 1232 1772 1293 frequentat,
1807 1248 1906 1282 tum
1936 1254 2040 1282 con-

395 1313 633 1360 fessionis,
659 1319 757 1352 tum
786 1312 1030 1352 familiaris
1065 1324 1120 1352 ac
1150 1312 1374 1363 spiritalis
1403 1313 1623 1364 colloquii
1656 1313 1839 1364 gratia,
1874 1313 2041 1363 donec„

396 1396 421 1424 a
458 1384 660 1435 negotiis
697 1384 965 1435 expeditus,
1005 1383 1176 1423 mundo
1204 1390 1376 1435 spreto,
1415 1396 1591 1424 novam
1623 1384 1797 1424 Christi
1827 1385 2044 1425 militiam

393 1456 557 1507 palam
580 1455 871 1505 profiteatur.

475 1526 695 1567 Proximo
717 1527 818 1566 loco
840 1526 1063 1566 succedat
1096 1527 1213 1566 alter
1242 1525 1396 1585 Patris
1428 1527 1667 1578 alumnus,
1698 1527 1868 1577 prioris
1902 1528 2043 1568 colla-

397 1605 605 1648 ctaneus,
638 1598 736 1649 qui,
769 1609 1013 1637 sacrorum
1041 1597 1374 1637 exercitiorum
1395 1597 1685 1638 institutione
1717 1598 1862 1649 probe
1896 1599 2043 1639 imbu—

396 1675 491 1720 tus,
517 1669 712 1721 praevia
735 1669 1077 1709 consultatione
1104 1669 1335 1719 legitima,
1370 1668 1619 1709 Societatis
1647 1675 1836 1709 nostrae
1863 1670 2038 1710 institu-

397 1747 515 1791 tum,
547 1741 735 1780 divinae
772 1740 1036 1779 vocationis
1070 1745 1198 1779 certo
1233 1739 1457 1791 impulsu,
1496 1741 1713 1791 amplecti
1749 1752 1932 1792 quoque
1964 1741 2041 1781 de—

398 1813 565 1852 crevit.
600 1811 690 1852 Vir
725 1822 899 1851 annum
927 1811 1211 1862 vigesimum
1243 1816 1427 1851 sextum
1463 1822 1632 1862 agens,
1671 1811 1770 1851 acri
1801 1811 2040 1863 praeditus

396 1883 585 1934 ingenio
607 1889 651 1922 et
673 1894 855 1922 summa
871 1881 1107 1931 facundia,
1132 1887 1430 1922 sacramenta
1449 1882 1756 1922 confessionis
1772 1889 1815 1922 et
1837 1894 2039 1922 commu-

396 1955 549 1995 nionis
570 1966 712 2005 supra
736 1965 909 1993 annum
930 1953 1163 2004 integrum
1190 1953 1435 1993 nobiscum
1462 1953 1784 2005 frequentans,
1809 1960 1876 1993 tot
1897 1954 2042 1994 animi

398 2031 442 2066 et
477 2025 690 2076 corporis
731 2025 915 2064 dotibus
945 2030 1166 2075 ornatus,
1205 2031 1254 2064 ut
1289 2023 1338 2063 P.
1369 2023 1582 2075 Baptista
1613 2024 1622 2042 ¹
1654 2035 1815 2064 coram
1849 2037 1922 2064 me
1960 2025 2041 2065 ali-

398 2097 586 2150 quando
627 2103 822 2137 testatus
858 2096 916 2136 sit
952 2108 1001 2135 se
1037 2095 1152 2136 adeo
1188 2096 1360 2136 alacris
1396 2096 1571 2147 ingenii
1607 2104 1651 2136 et
1686 2097 1859 2137 excelsi
1895 2097 2039 2137 animi

396 2169 552 2210 virum
567 2169 650 2208 vix
665 2179 872 2219 unquam
889 2167 1207 2218 conspexisse.
1222 2167 1389 2207 Praxis
1406 2167 1557 2207 civilis
1573 2168 1815 2218 exercitio,
1836 2168 1910 2208 cui
1925 2169 2037 2208 mul-

398 2241 456 2281 tis
479 2240 612 2280 annis
635 2239 810 2290 ingenii
831 2239 957 2278 vires
979 2238 1198 2289 intendit,
1222 2239 1367 2290 probe
1388 2238 1664 2288 instructus,
1695 2239 1827 2279 cuius
1854 2241 2035 2291 procul-

397 2311 535 2352 dubio
557 2312 698 2361 longa
721 2310 1071 2360 observatione,
1095 2315 1293 2349 naturae
1314 2309 1361 2349 in
1379 2310 1479 2360 ipso
1503 2310 1633 2349 dotes
1652 2322 1707 2350 ac
1723 2310 1811 2350 Dei
1827 2311 2036 2362 gratuita

396 2383 620 2424 beneficia
650 2381 904 2422 illustriora
940 2392 994 2420 ac
1030 2380 1312 2432 perfectiora
1348 2388 1623 2431 evaserunt,
1654 2387 1751 2421 tum
1779 2382 1838 2421 ad
1867 2382 2035 2422 vineae

397 2455 672 2495 Dominicae
694 2452 980 2493 excolendae
1007 2452 1285 2492 industriam
1316 2452 1470 2503 aptior
1500 2453 1645 2492 multo
1676 2464 1730 2492 ac
1761 2453 2034 2504 prudentior

395 2526 603 2566 redditus
621 2531 705 2565 est.
724 2524 806 2564 Est
823 2523 959 2573 enim,
980 2522 1241 2562 communis
1259 2522 1417 2562 iudicii
1433 2523 1582 2563 nostri
1594 2524 1803 2574 arbitrio,
1826 2524 1884 2564 ad
1900 2535 2032 2575 prae-

396 2598 524 2638 clara
546 2596 843 2637 Christianae
873 2594 1066 2634 militiae
1096 2599 1437 2644 stratagemata
1462 2601 1506 2634 et
1536 2594 1684 2634 ardua
1711 2595 2032 2646 Evangelicae

395 2667 698 2721 professionis
729 2666 880 2707 officia
909 2665 1280 2705 administranda
1314 2671 1452 2705 natus
1483 2672 1525 2705 et
1557 2665 1768 2706 idoneus.
1802 2666 1889 2705 Hic
1922 2678 2032 2706 non-

394 2740 503 2780 dum
525 2739 649 2789 apud
676 2750 763 2778 nos
793 2737 992 2787 habitat,
1026 2736 1257 2775 bonorum
1285 2747 1476 2776 suorum
1504 2737 1725 2788 negotiis,
1760 2737 2030 2777 dilationem

393 2810 756 2862 postulantibus,
780 2808 1057 2860 prohibitus.
1082 2807 1163 2846 Est
1186 2807 1309 2847 enim
1330 2807 1540 2847 honestis
1572 2814 1708 2848 natus
1738 2808 2026 2859 parentibus,

447 2994 458 3014 ¹
498 2993 534 3020 P.
550 2992 697 3026 Joannes
712 2992 871 3026 Baptista
885 2990 997 3024 Viola,
1014 2989 1080 3025 qui,
1096 2994 1175 3017 ante
1191 2989 1304 3017 Patris
1321 2989 1496 3017 Paschasii
1512 2991 1708 3025 adventum,
1724 2991 1850 3018 nostris
1860 2995 2023 3025 praeerat

391 3041 651 3077 parisiensibus.
