2168 3437
918 230 1001 267 AN.
1034 229 1124 268 1553
1776 228 1842 264 1237

205 328 291 368 His
323 327 504 369 accedit
534 328 656 380 quod
683 328 877 368 infirmis
916 327 975 377 12,
1002 327 1079 378 qui
1108 332 1295 378 praeter
1332 330 1605 375 extremam,
1644 335 1735 375 qua
1757 324 1840 364 cir-

205 399 443 439 cumventi
490 403 643 446 erant,
694 398 1042 444 necessitatem,
1099 403 1308 436 extrema
1356 394 1624 435 valetudine
1657 394 1837 435 labora-

206 471 332 521 bant,
352 469 555 522 quotidie
577 469 879 509 succurritur.
913 469 969 509 Et
991 469 1083 508 iam
1105 468 1264 508 divino
1288 466 1461 507 auxilio
1482 465 1836 515 convalescunt,

207 552 314 581 cum
333 541 476 592 prius,
497 540 623 580 omni
642 539 845 579 humano
873 539 1080 579 destituti
1101 538 1351 590 praesidio,
1383 537 1590 577 maxime
1612 536 1841 588 periclita-

207 617 381 652 rentur.

289 683 483 733 Insuper
511 688 560 722 ut
590 683 709 723 duae
736 682 1053 734 orphanorum
1079 680 1264 730 domus,
1296 691 1492 731 quarum
1521 678 1839 729 fundamenta,

207 753 346 793 unius
367 753 551 804 quidem
579 753 823 802 Cataniae‚
853 752 1045 792 alterius
1075 762 1188 791 vero
1220 748 1579 800 Calatagironii‚
1612 749 1843 801 superiori

207 836 330 864 anno
365 823 578 864 iacienda
613 830 886 873 curaverat,
923 822 1147 862 reditibus
1184 821 1350 861 annuis
1379 820 1651 860 dotarentur
1672 820 1838 871 invigi-

208 895 336 935 lavit.

287 964 428 1006 Dedit
449 972 693 1017 praeterea
716 977 906 1017 operam
934 970 983 1004 ut
1011 963 1286 1004 coenobium
1317 962 1688 1012 Conversarum,
1721 961 1845 1013 quod

211 1036 310 1076 eius
332 1036 532 1088 impulsu
552 1036 638 1076 fuit
660 1048 783 1076 anno
805 1035 1035 1086 superiori
1055 1034 1264 1086 Drepani
1291 1033 1618 1083 constitutum,
1651 1038 1723 1072 sat
1748 1032 1845 1084 pin-

208 1107 288 1157 gui
307 1113 540 1158 proventu
561 1107 818 1158 dotaretur3
841 1118 1023 1147 necnon
1043 1111 1093 1146 ut
1113 1104 1284 1145 ibidem
1305 1104 1464 1144 nescio
1488 1109 1601 1155 quot
1623 1103 1844 1155 Capucci-

209 1190 376 1218 norum
400 1178 624 1218 coenobia
646 1178 952 1229 erigerentur.

290 1249 456 1289 Effecit
479 1249 618 1289 etiam
639 1255 688 1289 ut
715 1249 895 1289 Prorex
924 1260 1007 1288 suo
1036 1248 1268 1299 totiusque
1300 1246 1435 1298 regni
1463 1245 1671 1295 nomine,
1702 1245 1846 1285 literis

212 1320 271 1360 ad
291 1320 626 1371 Imperatorem
644 1320 820 1371 missis,
844 1320 1096 1371 impetrare
1119 1324 1371 1358 conaretur
1402 1323 1451 1357 ut
1479 1316 1665 1356 abbatia
1692 1316 1845 1366 aliqua

209 1390 500 1431 Messanensi
528 1391 758 1442 Collegio,
797 1391 916 1431 sicut
949 1389 1318 1430 Panhormitano
1353 1388 1572 1439 contigit,
1610 1386 1846 1438 iungenda

209 1462 509 1502 concedatur.
715 1464 719 1468 “

287 1532 472 1573 Studuit
493 1540 731 1585 postremo
752 1540 802 1574 ut
824 1534 1073 1584 collegium
1094 1532 1332 1584 quoddam
1353 1529 1666 1570 saecularium
1686 1539 1838 1568 sacer-

209 1604 370 1644 dotum
396 1605 673 1656 domusque,
698 1615 979 1655 magnorum
1006 1604 1120 1644 satis
1148 1603 1406 1650 redituum,
1431 1600 1750 1652 orphanorum
1771 1598 1846 1638 do-

209 1675 304 1715 mui
328 1675 614 1727 iungeretur,
648 1682 692 1716 et
719 1682 916 1716 conatur
937 1676 983 1716 in
1018 1675 1116 1715 dies
1146 1674 1331 1714 illorum
1357 1677 1616 1724 proventus
1648 1670 1847 1721 adauge—

207 1758 286 1797 re;
310 1759 429 1798 quae
450 1747 559 1787 unio
581 1747 728 1798 cedet,
752 1753 801 1787 ut
830 1758 1095 1799 speramus,
1125 1745 1171 1786 in
1199 1746 1457 1785 maximum
1486 1743 1574 1783 Dei
1601 1742 1775 1782 cultum
1804 1748 1849 1780 et

211 1818 453 1869 spirituale
475 1818 794 1870 orphanorum
815 1818 1056 1858 auxilium.

290 1888 425 1929 Nunc
442 1889 646 1929 intentus
667 1895 736 1929 est
752 1889 1068 1929 fundamentis
1089 1887 1314 1928 iaciendis
1333 1885 1590 1926 Panhormi
1607 1883 1850 1924 cuiusdam

211 1961 483 2000 monasterii
503 1961 841 2001 monacharum
865 1960 992 2000 vitae
1015 1958 1333 2009 correctioris,
1352 1963 1401 1997 ut
1423 1957 1470 1996 in
1492 1968 1545 1996 eo
1564 1955 1850 1995 collocentur

213 2031 392 2071 nobiles
414 2031 645 2082 quaedam
665 2032 882 2072 mulieres
904 2037 948 2070 et
968 2030 1204 2082 principes
1224 2028 1460 2078 civitatis,
1483 2027 1616 2067 cuius
1642 2025 1711 2066 rei
1737 2036 1850 2065 cura

213 2101 572 2142 demandabitur
593 2103 827 2153 religiosis
848 2101 1125 2154 quibusdam
1146 2100 1262 2140 Viris
1288 2106 1333 2139 et
1354 2098 1584 2150 probatis,
1609 2097 1687 2148 qui
1708 2096 1851 2146 vulgo

211 2172 267 2211 de
286 2171 804 2224 lz'scalzivocitantur3
828 2173 952 2225 quod
972 2178 1016 2212 et
1047 2172 1136 2212 Dei
1164 2171 1335 2211 honori
1365 2176 1409 2210 et
1436 2168 1638 2220 proximi
1667 2166 1850 2207 satisfa-

212 2243 356 2283 ctioni
375 2243 474 2283 fore
495 2243 770 2284 confidimus
791 2255 973 2284 necnon
995 2243 1299 2283 incitamento
1322 2240 1523 2281 caeteris
1552 2237 1849 2278 monasteriis

215 2314 275 2353 ad
296 2314 422 2353 vitae
444 2315 649 2354 melioris
670 2321 713 2354 et
735 2314 1069 2354 emendatioris
1090 2313 1450 2353 institutionem.

293 2383 693 2437 Archiepiscopus
714 2385 1098 2435 Panormitanus‚
1122 2384 1260 2424 simul
1283 2394 1389 2423 cum
1410 2381 1557 2421 tribus
1585 2380 1688 2420 aliis
1715 2377 1852 2429 hujus

214 2455 349 2506 regni
383 2455 648 2507 Episcopis,
680 2456 781 2496 iniit
816 2456 1082 2506 consilium,
1121 2454 1377 2495 accedente
1418 2451 1638 2501 Proregis
1670 2449 1850 2499 favore,

214 2527 498 2566 monasteria
520 2527 567 2566 in
588 2527 752 2567 melius
774 2527 899 2567 vitae
920 2538 1070 2578 genus
1091 2525 1346 2566 reducendi
1376 2530 1419 2563 et
1450 2521 1764 2562 sanctioribus
1794 2521 1853 2559 le-

214 2597 350 2647 gibus
378 2603 421 2637 et
449 2597 671 2637 institutis
697 2598 1002 2649 temperandi.
1038 2597 1142 2648 Qua
1169 2597 1217 2636 in
1248 2607 1297 2635 re
1326 2594 1505 2634 Prorex
1535 2591 1774 2632 constituit
1803 2597 1854 2630 ut

215 2667 265 2708 P.
294 2667 474 2708 Natalis
500 2668 571 2707 his
602 2667 866 2718 accederet,
901 2668 978 2720 qui
1005 2666 1462 2719 praestantissimum
1491 2674 1630 2714 opus,
1662 2673 1754 2714 qua
1784 2673 1854 2701 ra-

214 2739 341 2779 tione
361 2739 661 2790 perficeretur
683 2746 727 2779 et
749 2739 807 2779 ad
828 2740 1005 2780 exitum
1026 2738 1318 2779 commodius
1335 2735 1643 2776 deduceretur
1661 2733 1852 2784 diligen-

213 2816 285 2849 ter
301 2809 622 2850 observarent.
643 2809 761 2850 Miro
779 2809 1002 2862 Princeps
1019 2809 1256 2861 piissimus
1275 2806 1409 2847 ardet
1426 2804 1657 2845 desiderio
1671 2803 1855 2844 univer-

214 2892 319 2920 sum
338 2879 523 2921 Siciliae
543 2891 742 2931 regnum
762 2881 971 2932 consilio,
996 2880 1210 2921 doctrina
1233 2885 1371 2929 atque
1392 2887 1534 2927 opera
1556 2880 1745 2915 nostrae
1776 2873 1853 2914 So-

215 2951 400 2991 cietatis
443 2952 491 2991 in
535 2951 777 2991 meliorem
814 2951 1006 2992 vivendi
1049 2951 1280 2991 rationem
1326 2946 1567 2988 asserendi
1612 2946 1672 2986 ob
1720 2945 1856 2996 1dque

216 3021 317 3062 R.d0
337 3021 386 3062 P.
410 3022 471 3062 M.
495 3022 782 3073 Hieronymo
805 3021 1097 3094 Qomenech,
1123 3033 1226 3061 cum
1248 3021 1356 3060 hinc
1377 3017 1766 3069 proficisceretur,
1791 3016 1854 3055 in-
