2168 3437
332 253 403 290 628
851 253 1074 288 LITTERAE
1101 262 1462 294 QUADRIMEsTREs

328 351 501 390 tionem
536 348 824 388 habebamus
859 353 1177 399 quantumque
1205 359 1281 388 res
1315 348 1417 399 ipsa
1455 349 1723 400 opinionem
1756 355 1973 391 nostram

328 420 505 460 vicerit.
531 418 622 459 Sed
643 424 801 458 tamen
822 430 881 458 ex
902 419 1236 468 admiratione,
1260 419 1462 470 laetitia,
1486 431 1576 470 qua
1597 420 1727 460 illum
1753 420 1969 473 Complu-

325 492 470 532 tensis
496 491 613 531 haec
641 489 902 530 Academia
933 490 1138 542 excepit,
1179 491 1316 542 quale
1346 490 1572 541 gaudium
1600 491 1799 532 fratrum
1829 491 1969 532 fuerit

327 562 598 603 existimare
628 568 776 612 potes.
808 561 1003 601 Postero
1035 561 1158 601 enim
1187 561 1282 612 die,
1317 567 1482 612 postea
1511 573 1652 613 quam
1679 562 1868 602 Patrem
1896 575 1972 603 ve-

323 634 448 673 nisse
470 633 744 673 nunciatum
765 638 850 677 est,
875 632 1003 672 venit
1024 631 1223 672 domum.
1236 637 1450 672 nostram
1472 631 1644 672 Rector
1665 632 1803 684 hujus
1835 633 1966 674 scho-

324 705 397 744 lae
432 715 538 744 cum
571 703 815 755 frequente
853 703 1079 742 nobilium
1116 702 1341 742 comitatu
1378 702 1527 754 (quod
1561 703 1652 743 nisi
1684 704 1730 743 in
1767 703 1973 744 adventu

323 786 604 826 magnorum
634 774 899 826 principum
925 785 1165 825 nunquam
1193 774 1311 813 solet
1337 773 1538 824 facere),
1576 774 1625 814 P.
1656 774 1694 814 F
1698 775 1967 815 ranciscum

325 846 528 886 visurus.
552 846 703 886 Tanta
725 845 891 885 deinde
913 845 1201 896 subsequuta
1222 850 1291 884 est
1312 844 1590 895 Doctorum,
1614 845 1860 896 nobilium,
1886 844 1970 886 Pa-

321 923 441 957 trem
461 917 714 957 visentium
735 915 982 956 multitudo
1003 923 1052 956 ut
1082 916 1310 967 pauculos
1342 916 1444 955 illos
1473 916 1571 956 dies
1608 916 1813 968 (septem
1843 917 1967 957 enim

320 987 487 1039 fuere),
513 999 629 1039 quos
650 987 896 1027 nobiscum
916 987 1092 1027 morari
1113 987 1274 1027 datum
1295 993 1385 1037 est,
1411 998 1651 1039 nunquam
1673 988 1853 1028 licuerit
1874 988 1967 1028 fra-

321 1060 485 1110 tribus,
511 1058 637 1110 quod
657 1065 902 1109 tantopere
924 1058 1226 1109 exoptabant,
1251 1057 1299 1098 P.
1324 1057 1581 1098 Francisco
1603 1057 1714 1109 frui,
1740 1059 1805 1099 illi
1827 1059 1968 1099 collo-

323 1131 424 1182 qui,
463 1131 593 1170 illum
627 1129 808 1179 videre,
839 1129 967 1169 illum
998 1129 1161 1169 audire
1198 1129 1253 1169 de
1288 1128 1390 1169 Deo
1427 1128 1691 1180 divinisque
1727 1136 1961 1181 agentem,

324 1202 469 1254 quod,
504 1202 625 1242 sicut
652 1202 936 1253 frequenter,
967 1202 1034 1241 sic
1063 1201 1204 1241 etiam
1230 1212 1404 1252 magno
1434 1212 1541 1241 cum
1562 1201 1852 1242 audientium
1879 1202 1969 1242 fru-

324 1279 401 1313 ctu
430 1273 588 1313 facere
618 1273 750 1313 solet.
780 1273 895 1313 Erat
924 1273 1042 1312 haec
1062 1278 1225 1312 nostra
1247 1272 1412 1312 domus
1433 1272 1571 1323 plena
1599 1272 1784 1312 illorum
1814 1284 1969 1313 nume-

326 1357 392 1396 ro,
430 1345 508 1396 qui
540 1343 729 1384 Patrem
757 1343 905 1384 visuri
939 1344 1213 1394 veniebant,
1251 1355 1337 1383 nec
1366 1343 1560 1383 deerant
1589 1344 1668 1395 qui
1698 1344 1888 1384 foelices
1919 1356 1969 1385 se

325 1417 650 1457 existimarent
671 1416 710 1455 si
730 1415 852 1455 illius
882 1415 1064 1455 vultum
1095 1414 1267 1454 diutius
1297 1415 1607 1466 contemplari
1638 1415 1844 1455 daretur.
1875 1415 1968 1468 Ap-

325 1493 459 1540 paret
497 1487 621 1527 enim
658 1487 705 1526 in
739 1487 841 1538 ipso
876 1486 1075 1537 simplex
1114 1485 1346 1538 quaedam
1381 1498 1436 1525 ac
1472 1486 1678 1536 genuina
1713 1486 1966 1536 humilitas,

326 1570 445 1611 quae
467 1558 675 1598 omnium
696 1558 878 1597 animos
900 1557 959 1597 ad
988 1569 1037 1597 se
1068 1558 1253 1597 occulta
1282 1557 1487 1609 quadam
1517 1557 1564 1596 vi
1590 1557 1779 1597 allicere
1807 1563 1851 1597 et
1878 1564 1968 1598 tra-

326 1630 437 1670 here
458 1629 660 1669 videtur.

406 1700 492 1740 His
514 1700 676 1740 diebus
698 1712 804 1740 cum
827 1699 965 1740 Patre
986 1706 1144 1740 actum
1165 1706 1235 1740 est
1256 1706 1305 1740 ut
1328 1700 1561 1740 dominica
1584 1699 1824 1751 proxima,
1849 1711 1969 1751 quae

328 1778 429 1812 erat
449 1771 497 1811 in
518 1771 756 1822 Passione,
781 1771 905 1822 quod
926 1771 1097 1811 festum
1119 1771 1310 1822 antiqua
1333 1771 1561 1821 religione
1584 1782 1640 1810 ac
1663 1771 1790 1810 cultu
1811 1782 1836 1810 a
1869 1770 1967 1811 Col-

327 1843 445 1894 legis
480 1842 538 1882 D.
573 1842 823 1894 Illephonsi
858 1842 1145 1892 celebratur,
1184 1841 1461 1882 concionem
1497 1842 1690 1881 haberet
1728 1847 1772 1881 et
1811 1853 1968 1893 quarn-

328 1926 468 1966 quam
488 1914 536 1953 in
558 1914 630 1953 his
652 1914 860 1953 laborem
883 1920 961 1953 aut
985 1913 1236 1953 adversam
1258 1912 1576 1953 valetudinem
1607 1924 1836 1953 excusare
1856 1925 1967 1953 nun-

328 1997 468 2038 quam
490 1984 630 2025 Pater
657 1985 826 2035 soleat,
852 1984 956 2034 sed,
981 1984 1105 2035 quod
1132 1984 1207 2023 hic
1237 1984 1414 2024 tamdiu
1437 1984 1613 2024 morari
1647 1984 1839 2034 negotia
1874 1996 1969 2024 non

328 2056 671 2108 permitterent,
695 2055 783 2095 hoc
805 2056 862 2095 ab
884 2055 962 2095 illo
985 2061 1232 2095 exoratum
1252 2067 1345 2094 non
1368 2062 1451 2094 est.
1477 2054 1780 2094 Lectionibus
1810 2060 1969 2095 tamen

328 2128 554 2168 interesse
574 2127 759 2179 publice
779 2127 942 2166 voluit.
968 2126 1124 2177 Quare
1147 2137 1283 2166 mane
1305 2126 1428 2166 illius
1455 2125 1560 2176 diei,
1585 2137 1673 2177 quo
1697 2126 1969 2166 dicessurus

328 2205 442 2250 erat,
467 2199 606 2239 Pater
626 2198 867 2249 ingressus
889 2204 959 2237 est
980 2197 1231 2249 gymnasia
1260 2196 1479 2248 deditque
1508 2208 1700 2248 operam
1727 2203 1798 2245 ut,
1829 2208 1971 2248 quam

328 2277 499 2322 posset,
524 2270 655 2310 fieret
678 2269 1015 2319 occultissime;
1042 2268 1123 2308 sed
1144 2269 1289 2308 multo
1312 2268 1446 2308 aliter
1470 2280 1543 2308 res
1566 2268 1735 2308 evenit.
1761 2268 1821 2308 Ut
1843 2268 1968 2308 enim

330 2341 602 2382 nunciatum
622 2347 691 2381 est
717 2339 765 2380 P.
799 2340 1107 2380 Franciscum
1128 2339 1314 2389 adesse,
1339 2339 1467 2379 venit
1496 2338 1667 2379 Rector
1697 2339 1745 2379 in
1772 2350 1966 2390 gymna-

330 2413 449 2452 sium
491 2418 781 2464 sequutaque
816 2417 885 2451 est
920 2411 1049 2450 illum
1083 2411 1270 2451 insolita
1307 2410 1697 2450 scholasticorum
1734 2410 1871 2450 turba
1904 2409 1968 2449 in-

328 2484 456 2535 genti
478 2495 583 2523 cum
598 2482 771 2533 gaudio
788 2488 832 2522 et
853 2481 1045 2521 laetitia.
1066 2480 1270 2521 Subinde
1288 2487 1388 2521 erat
1405 2481 1451 2520 in
1469 2481 1676 2521 omnium
1698 2492 1778 2521 ore
1801 2480 1966 2520 crebra

326 2556 403 2595 illa
429 2566 546 2595 vox:
571 2554 661 2593 Hc'c
682 2557 754 2593 est
782 2553 876 2593 ille.
916 2552 1046 2603 Quae
1076 2565 1190 2592 vero
1219 2558 1460 2592 transacta
1492 2558 1599 2592 sunt
1630 2553 1751 2592 inter
1781 2551 1966 2591 Patrem

328 2632 372 2666 et
406 2625 678 2674 Rectorem,
718 2624 828 2664 dum
863 2623 918 2664 de
957 2623 1214 2663 honorifico
1249 2624 1352 2663 loco
1382 2629 1563 2663 certant
1594 2623 1719 2662 illinc
1747 2623 1966 2673 civilitas,

328 2698 434 2737 hinc
455 2696 708 2746 humilitas,
732 2695 905 2736 Rector
926 2701 975 2735 ut
997 2701 1104 2734 ante
1133 2706 1182 2734 se
1209 2695 1370 2734 sedeat
1399 2695 1590 2743 invitat,
1616 2700 1741 2743 orat,
1766 2694 1966 2733 obtesta-

328 2776 416 2819 tur,
449 2768 596 2818 cogit,
627 2773 677 2807 ut
706 2773 863 2806 tamen
890 2778 976 2806 nec
1008 2765 1135 2805 vinci
1164 2766 1367 2817 potuerit
1395 2766 1652 2815 humilitas,
1683 2776 1967 2816 quamquam

328 2840 513 2880 insolita
552 2844 659 2879 sunt
700 2838 823 2890 apud
861 2849 968 2887 nos,
1013 2848 1132 2888 quae
1171 2848 1321 2887 neque
1358 2848 1463 2876 cum
1491 2836 1789 2887 magnatibus
1817 2847 1967 2887 neque

328 2922 433 2950 cum
460 2909 707 2961 Episcopis
735 2907 834 2948 fieri
861 2909 1043 2947 soleant
1075 2906 1101 2951 ¹,
1126 2907 1385 2946 omittenda
1414 2913 1571 2947 tamen
1598 2918 1782 2946 censeo.
1823 2906 1966 2957 Coep-

384 3022 391 3041 ¹
433 3021 548 3055 Neque
574 3021 794 3054 magnat1bus
819 3026 926 3053 neque
950 3018 1131 3053 Episcopis
1156 3019 1270 3046 sedem
1294 3025 1389 3046 suam
1414 3018 1542 3046 Rector
1566 3018 1815 3046 Universitatis
1840 3018 1965 3045 offerre

328 3071 450 3097 soleat.
