2168 3437
888 246 971 283 AN.
1003 246 1098 283 1553
1740 247 1804 284 181

168 341 339 392 Itaque
359 341 491 380 locus
511 340 591 381 ille
613 353 708 382 non
727 345 797 381 est
818 341 946 381 alins
966 353 1107 392 quam
1130 341 1394 382 Soet'etcztl's.
1420 343 1483 382 Et
1503 342 1552 381 in
1574 342 1622 381 id
1638 342 1805 383 damus

169 424 361 463 operam
376 418 425 452 ut
442 412 489 452 in
507 412 799 453 xenodochio
818 414 960 452 semel
976 413 1022 452 in
1040 413 1349 463 hebdomada,
1369 413 1680 465 praecedente
1698 426 1804 454 con-

167 483 383 535 fessione,
414 484 676 535 percipiant
697 483 1046 524 Eucharistiam
1068 496 1160 523 non
1182 484 1320 524 modo
1343 485 1527 536 aegroti
1554 485 1635 524 sed
1664 485 1804 525 etiarn

168 554 222 603 ii,
247 554 324 605 qui
345 553 478 594 firmo
506 560 613 595 sunt
644 566 861 606 corpore,
893 555 984 594 hoc
1016 562 1085 594 est
1112 554 1289 595 familia
1318 555 1514 606 hospitis
1545 567 1807 608 pauperum

168 630 213 665 et
233 625 332 676 ipse
358 625 543 678 hospes.
574 626 751 667 Diebus
778 626 1023 666 dominicis
1044 627 1253 666 nonnulli
1274 638 1332 666 ex
1353 626 1577 667 fratribus
1599 628 1806 668 invisunt

167 702 391 747 aegrotos
422 703 466 737 et
493 697 666 737 habent
696 697 970 737 concionem
999 697 1045 737 in
1073 709 1235 737 eorum
1267 699 1637 739 consolationem
1668 705 1712 739 et
1743 700 1805 738 in-

167 768 485 808 structionem.
510 767 676 808 Patres
697 780 880 820 quoque
898 780 978 808 eos
997 768 1169 808 adeunt
1186 775 1229 808 et
1247 780 1410 808 eorum
1428 770 1567 809 saluti
1583 770 1632 808 in
1649 771 1806 809 dando

167 839 362 878 consilio
383 845 428 878 et
450 839 694 879 audiendis
716 839 1091 879 confessionibus
1113 839 1388 880 inserviunt.
1421 840 1470 879 In
1502 841 1574 880 his
1602 849 1709 881 sunt
1742 842 1806 880 in-

166 910 296 949 venti
316 910 486 950 milites
508 910 844 951 consuetudine
866 910 1093 962 peccandi
1115 911 1380 960 inveterati,
1406 912 1483 962 qui
1511 912 1667 951 multis
1699 919 1807 952 ante

167 981 302 1020 annis
322 993 472 1033 neque
494 982 697 1022 confessi
718 994 804 1021 nec
827 982 882 1021 de
910 988 1212 1033 peccatorum
1236 982 1362 1022 luctu
1384 989 1428 1022 et
1451 983 1635 1022 animae
1657 985 1806 1023 salute

165 1063 372 1103 unquam
393 1053 676 1103 cogitarunt.
700 1053 760 1092 Hi
782 1064 912 1103 erg0‚
933 1052 1108 1092 Christi
1125 1052 1227 1092 Iesu
1245 1053 1477 1104 auspicio,
1503 1052 1696 1093 Patrum
1713 1066 1806 1094 ma-

166 1122 301 1162 nibus
322 1123 506 1174 traditi,
530 1124 590 1164 ad
618 1136 783 1164 sanam
813 1131 1016 1164 mentem
1045 1130 1089 1164 et
1108 1124 1341 1175 'pietatem
1367 1124 1675 1175 reducuntur;
1698 1138 1807 1165 nam

166 1193 383 1234 effectum
403 1195 593 1235 tandem
614 1202 684 1235 est
706 1201 754 1234 ut
775 1208 833 1235 ex
864 1195 1032 1235 animis
1058 1202 1239 1246 pestem
1269 1202 1573 1246 peccatorum
1600 1197 1805 1236 maximo

165 1264 327 1305 dolore
348 1266 473 1306 vitae
494 1273 765 1306 transactae
787 1266 1024 1317 eiicerent,
1049 1278 1222 1318 eosque
1245 1267 1541 1307 confessione
1564 1268 1808 1308 abluentes

166 1336 480 1377 deliberarent
515 1338 688 1378 rectius
724 1338 946 1390 deinceps
982 1339 1129 1378 vitam
1164 1339 1420 1379 instituere.
1458 1339 1646 1379 Horam
1681 1352 1806 1379 uuus

166 1409 343 1449 mansit
364 1413 464 1449 tres
492 1411 731 1457 a121205,2'n
764 1410 932 1461 qulbus
960 1422 1203 1462 nunqnam
1228 1415 1531 1462 peccatorum
1553 1413 1808 1463 poenituit,

166 1491 246 1519 nec
265 1493 319 1520 ea
340 1481 594 1531 confessus
614 1486 703 1522 est:
723 1481 850 1521 alsus
871 1482 981 1521 stem
1003 1494 1188 1522 novem:
1209 1483 1256 1522 al
1261 1483 1337 1522 sus
1353 1484 1614 1533 duodecim,
1630 1488 1675 1524 et
1690 1486 1805 1524 adeo

165 1555 304 1592 erant
325 1564 353 1592 a
374 1553 549 1592 mando
571 1554 814 1593 arcaecats
838 1557 890 1593 πί
917 1553 1100 1593 nullam
1127 1559 1339 1605 prorsus
1369 1554 1546 1594 salutis
1575 1556 1807 1596 falconem

165 1623 403 1664 haberent.
428 1623 571 1663 Alius
591 1624 750 1673 etiam,
769 1626 909 1676 gravi
932 1626 1126 1665 vulnere
1148 1626 1357 1675 affectus,
1383 1626 1573 1666 monitis
1590 1633 1635 1667 et
1656 1629 1805 1667 consi-

164 1695 238 1735 liis
258 1694 411 1735 Patris
432 1695 570 1736 rediit
598 1696 644 1736 in
672 1708 776 1736 eam
804 1702 1007 1736 mentem
1035 1704 1080 1736 et
1108 1697 1177 1736 sui
1209 1697 1355 1748 ipsius
1384 1699 1720 1748 cognitionem,
1756 1708 1804 1739 ut

161 1778 254 1806 non
276 1767 428 1806 solum
449 1767 759 1807 confessionls
780 1767 1037 1807 remedium
1060 1768 1380 1819 inquisiverit,
1411 1769 1493 1809 sed
1515 1776 1559 1809 et
1582 1769 1803 1809 adversa-

163 1838 243 1877 riis
265 1838 462 1878 libenter
482 1823 842 1887 condonaverit,
863 1852 889 1879 a
912 1839 1077 1890 quibus
1094 1839 1281 1879 artibus
1297 1844 1341 1879 et
1357 1840 1482 1879 dolls
1498 1842 1704 1891 quadam
1722 1854 1798 1881 120-

162 1912 230 1948 cte
251 1908 336 1949 fuit
358 1911 649 1960 vulneratus;
674 1911 798 1961 quod
818 1910 1127 1950 libentissimo
1151 1910 1308 1950 animo
1331 1911 1543 1962 qfflcl'ens
1571 1913 1801 1952 remansis

159 1980 365 2020 maxima
388 1981 556 2021 mentis
578 1981 916 2032 tranquillitate
938 1988 982 2021 et
1001 1982 1176 2032 gaudio
1198 1982 1444 2032 asfeclusj
1471 1986 1514 2022 et
1544 1983 1663 2023 alius
1700 1988 1804 2023 erac

161 2051 362 2092 infectus
383 2052 622 2103 perversis
644 2052 940 2104 opinionibus
960 2056 1004 2092 et
1024 2053 1286 2103 erroribus,
1309 2053 1392 2103 (Jm'
1416 2053 1464 2092 sn
1492 2054 1704 2094 animum
1732 2054 1798 2094 ίιι-

158 2123 325 2162 (lncere
348 2134 442 2163 non
457 2127 650 2174 poterat
670 2124 878 2163 existere
893 2124 1263 2175 purgatorium,
1280 2136 1386 2164 cum
1407 2132 1564 2165 tamen
1581 2131 1704 2166 esset
1723 2126 1800 2166 do-

161 2200 265 2233 ctus
293 2198 337 2234 et
364 2194 687 2234 arbitraretur
713 2207 763 2234 se
791 2195 953 2245 magis
981 2200 1149 2246 sapere
1166 2228 1178 2245 ,
1207 2206 1348 2246 quam
1379 2207 1547 2235 revera
1575 2197 1799 2248 sapiebat.

174 2264 339 2304 Verum
360 2265 407 2305 in
427 2265 580 2306 Patris
602 2278 769 2306 manus
791 2267 967 2315 incidit,
992 2273 1037 2306 et
1065 2279 1120 2306 ea
1148 2267 1331 2306 ratione
1359 2274 1613 2308 revocatus
1640 2275 1709 2308 est
1743 2270 1801 2308 ab

159 2335 396 2375 erroribus
417 2342 466 2376 ut
486 2337 719 2388 posterius
740 2337 1053 2378 adduceretur
1082 2338 1129 2377 in
1156 2348 1381 2388 magnam
1408 2349 1521 2378 suae
1557 2339 1801 2379 caecitatis

160 2406 519 2447 admirationem
539 2440 546 2458 ,
591 2420 647 2448 ac
681 2409 979 2460 praedicaret
1015 2416 1435 2449 commemoratum
1472 2409 1661 2450 Patrem
1700 2422 1799 2450 rem

159 2479 455 2528 praeclaram
476 2479 695 2529 gessisse,
719 2480 889 2531 quippe
911 2480 989 2531 qui
1011 2480 1257 2531 eripuisset
1279 2480 1377 2520 eius
1406 2481 1612 2520 animam
1642 2493 1701 2521 ex
1720 2481 1799 2521 ho-

159 2548 242 2588 stis
269 2549 503 2600 manibus,
535 2556 579 2589 et
600 2550 790 2590 tandem
817 2557 1120 2601 peccatorum
1147 2552 1276 2591 luctu
1305 2558 1350 2591 et
1378 2552 1672 2592 confessione
1699 2552 1797 2592 illu-

159 2625 334 2660 stratus
369 2621 569 2661 removit
605 2633 632 2660 a
665 2633 715 2661 se
749 2632 944 2672 prorsus
978 2622 1260 2674 opinionem,
1300 2634 1355 2662 ac
1390 2623 1573 2674 quoties
1609 2622 1798 2664 Patrem

158 2691 371 2732 cumdem
393 2693 628 2741 convenit,
652 2692 718 2732 illi
739 2693 920 2744 gratias
942 2693 1040 2744 agit
1067 2693 1297 2744 singulari
1327 2694 1453 2744 grati
1484 2694 1626 2734 animi
1655 2694 1797 2745 signi-

158 2760 392 2803 ficatione.

238 2833 510 2874 Invisuntur
531 2840 575 2874 et
595 2835 656 2883 hi,
682 2835 761 2886 qui
777 2835 825 2874 in
842 2835 1052 2875 custodia
1070 2841 1300 2885 tenentur,
1320 2847 1384 2874 ex
1400 2835 1566 2886 qulbus
1582 2847 1797 2887 umgmcs

158 2902 385 2944 hauritur
396 2905 618 2954 fructch,
639 2906 808 2957 quippe
830 2917 936 2946 cum
957 2918 1041 2946 sua
1061 2906 1321 2946 humilitate
1343 2912 1387 2946 et
1408 2907 1718 2947 submissione
1736 2908 1796 2948 ad

160 2975 488 3026 excipiendum
503 2981 678 3026 panem
705 2976 998 3028 spiritualem
1023 2977 1137 3017 satis
1165 2977 1378 3027 dispositi
1404 2977 1509 3017 sint.
1543 2977 1683 3029 Apud
1707 2979 1794 3018 hos

159 3055 273 3095 ergo
294 3052 455 3085 noster
476 3045 614 3086 Pater
635 3047 780 3087 verba
803 3046 915 3087 facit
937 3058 991 3086 ac
1011 3048 1225 3088 hortatur
1246 3047 1306 3087 ad
1326 3055 1630 3099 peccatorum
1649 3049 1794 3088 susci-
