2168 3437
290 224 360 262 loO
805 224 1031 261 LirrssRAE
1058 235 1416 268 QUADRIMESTRES

282 321 384 361 ¹sius
404 320 568 371 faciat,
598 321 710 371 tuis,
740 320 840 361 Rde
870 321 917 360 in
947 320 1134 361 Christo
1161 319 1315 371 Pater,
1347 321 1471 372 apud
1498 333 1603 362 eum
1629 322 1849 373 precibus
1882 329 1927 363 et
2156 371 2163 378 .

280 391 576 432 orationibus
599 391 903 431 obnixissime
925 391 1322 432 commendamus.
2148 393 2166 414 ⁸

366 462 588 503 Panormi
609 462 675 503 VI
697 463 783 502 cai.
808 461 919 502 Feb.
948 461 1062 503 1553.
2147 452 2159 527 ἐ

367 533 496 573 Tuae
513 533 635 573 R.C¹ae
657 533 964 574 Paternitatis
981 533 1335 586 indignissimus
1353 546 1520 574 servus
1536 535 1584 575 in
1599 534 1787 576 Christo
1804 536 1923 587 Iesu,

1169 675 1358 717 PAULUs
1388 676 1689 718 ACHILLEIUS.

365 888 719 941 superscriptio
741 889 791 929 in
813 893 988 941 quarta
1003 889 1218 941 pagina:
1241 889 1300 930 Al
1323 889 1466 930 Molto
1489 888 1590 930 R.d0
1610 891 1658 931 in
1679 875 1818 932 Chro.
1841 891 1924 933 Pa-

282 961 387 1010 dre,
411 960 442 1000 il
463 960 512 1000 P.
537 972 595 1001 m.
621 961 804 1012 Ignatio
822 961 878 1001 de
899 962 1101 1013 Loyola,
1127 960 1371 1012 Preposito
1394 960 1626 1002 Generale
1649 962 1769 1003 della
1792 962 1924 1005 Com-

284 1032 459 1083 pagnia
481 1032 527 1072 di
549 1032 707 1073 Giesu.
732 1032 775 1072 A
796 1032 961 1073 Roma.

363 1102 475 1144 Alia
496 1115 668 1143 manu:
690 1103 743 1143 R.
768 1103 840 1143 EX
861 1103 1109 1144 Panormo.

363 1174 427 1214 Et
448 1173 569 1214 alia:
594 1174 708 1225 1553,
733 1173 799 1213 6.⁰
819 1173 892 1214 Kl.
916 1174 1005 1214 feb.
1028 1175 1263 1216 Panormi.

375 1245 638 1296 Vestigium
658 1256 791 1285 cerae
812 1249 855 1285 ei
877 1245 1050 1296 sigilli.

350 1884 398 1921 P.
420 1884 614 1931 Joannes
634 1885 786 1925 Nufiez

399 1949 619 1999 Episcopo
641 1951 846 1990 Cellensi.

444 2015 469 2052 3
485 2015 717 2054 Februarii
741 2018 833 2056 1553
852 2019 878 2055 ¹.

1049 2226 1148 2303 nis

579 2420 633 2448 Ad
649 2421 855 2456 Episcopum
873 2420 1065 2449 Cellensem
1079 2422 1093 2441 2
1107 2422 1210 2450 tertio
1225 2429 1331 2450 nonas
1346 2422 1526 2451 Februarii
1542 2423 1620 2451 1553.

361 2597 525 2639 Gratia
546 2598 591 2640 S.
616 2598 816 2652 Spiritus
836 2601 895 2642 sit
917 2612 1101 2653 semper
1122 2600 1380 2642 nobiscum.
1404 2601 1572 2642 Amen.

360 2669 457 2710 Iam
478 2669 653 2711 dudum
673 2683 792 2713 unas
820 2684 847 2713 a
875 2672 1014 2713 Patre
1043 2671 1288 2712 Ludovico
1317 2671 1607 2713 Gondisalvo
1636 2674 1798 2725 accepi
1826 2673 1920 2713 lite-

279 2752 379 2789 ras,
403 2740 613 2781 Antistes
632 2741 1061 2794 Reverendissime,
1097 2743 1263 2795 quibus
1289 2743 1484 2784 iubebas
1514 2749 1594 2784 tuo
1620 2744 1808 2784 nomine
1841 2756 1923 2784 eos

280 2822 452 2862 pueros
480 2812 706 2853 lusitanos
736 2814 985 2866 redimere,
1012 2814 1071 2855 ad
1104 2825 1220 2866 quos
1250 2814 1557 2855 ducentorum
1585 2815 1921 2867 quinquaginta

334 2948 346 2968 ¹
391 2949 499 2983 Epist.
515 2949 715 2982 Quadam„
729 2949 930 2978 1553-1554.
948 2950 1206 2985 Apographum,
1230 2950 1262 2978 in
1278 2950 1445 2985 superiori
1459 2954 1558 2985 parte
1575 2950 1647 2978 folii
1660 2951 1722 2979 520.

335 2996 349 3016 2
388 2995 562 3023 Comenses
583 2996 663 3024 dieti
685 2997 764 3024 olim
786 3002 863 3025 sunt
882 2998 1018 3033 quidam
1039 2998 1215 3033 Episcopi,
1239 2999 1293 3033 qui
1316 2998 1430 3026 sedem
1444 2998 1478 3026 in
1493 2997 1703 3026 Mauritania
1717 2999 1920 3027 habuerunt:

283 3043 457 3072 H0N01uos
472 3051 511 3072 ET
525 3043 727 3079 Fomumus,
745 3044 918 3073 Cellenses
934 3046 1172 3082 Byzachnses,
1189 3046 1428 3080 CRESCITURUS,
1446 3045 1609 3074 Cellensis
1629 3045 1858 3075 Mauritaniae
1874 3046 1922 3075 Si-
