2168 3437
369 289 440 326 540
885 287 1113 323 LITTERAE
1140 297 1500 329 QUADRIMESTRES

370 370 690 427 imbecillitate
713 383 900 423 minime
922 383 1194 434 impeditus,
1224 383 1472 434 diligenter
1502 394 1605 423 sese
1636 388 1882 434 exerceat,
1914 390 2012 424 tum

373 457 526 497 dando
549 454 743 495 consilio
766 454 822 494 de
844 454 985 494 rebus
1006 454 1189 505 arduiS,
1219 459 1318 494 tum
1345 454 1632 495 consolando
1663 454 1883 505 afflictos,
1914 461 2012 495 tum

371 525 696 567 concionando
719 532 763 565 et
793 525 1036 565 audiendis
1065 525 1112 564 in
1140 525 1512 566 confessionibus
1540 525 1764 565 fratribus
1792 531 1837 566 et
1864 531 2012 566 exter-

369 599 457 649 nis,
480 604 530 638 ut
554 596 743 637 omnino
766 596 917 636 debile
939 595 1038 647 ejus
1062 607 1236 647 corpus
1257 595 1382 636 trahi
1404 602 1447 636 et
1479 596 1654 647 impelli
1674 595 1870 636 mirifico
1901 607 2012 648 quo-

370 669 477 710 dam
500 668 693 720 spiritus
714 668 890 719 impetu
912 673 956 707 et
977 667 1166 707 fervore
1187 667 1366 707 videas.

450 740 643 780 Fratres
677 750 726 778 se
761 739 903 778 etiam
936 738 1130 778 honeste
1166 744 1210 778 et
1246 738 1515 778 obedienter
1544 744 1729 790 gerunt,
1763 744 1807 778 et
1836 737 2013 778 Christi

371 824 532 852 amore
550 810 787 862 conjuncti
804 822 859 850 ac
877 810 1051 850 mutuis
1070 809 1233 850 officiis
1250 809 1472 861 devincti,
1491 810 1580 861 ipsi
1597 809 1717 849 inter
1735 821 1784 849 se
1802 810 1920 850 alius
1937 809 2015 849 alii

369 883 558 923 virtutis
580 882 734 933 gloria
755 887 1000 933 praestare
1023 880 1275 921 contendit.
1300 880 1669 932 Progrediuntur
1689 887 1789 920 tum
1808 881 1853 920 in
1870 880 2012 920 virtu-

370 954 495 994 tibus
517 960 615 993 tum
637 953 683 992 in
705 953 887 1003 litteris,
912 953 1136 1004 pietatem
1159 963 1266 992 cum
1295 951 1553 1002 disciplinis
1583 950 1925 1002 conjungendo.
1957 951 2016 992 Et

371 1033 420 1066 ut
454 1025 509 1065 de
537 1025 639 1065 aliis
676 1025 862 1064 interim
894 1030 1098 1075 taceam,
1128 1024 1207 1075 qui
1237 1035 1348 1064 vere
1378 1023 1707 1074 abnegationis
1742 1029 1787 1063 et
1828 1022 2014 1075 perfun-

372 1097 541 1137 ctionis
563 1096 674 1146 (sic)
696 1096 929 1136 desiderio
950 1096 1150 1147 fervent,
1176 1095 1232 1135 de
1254 1093 1458 1147 quodam
1486 1094 1676 1135 minime
1706 1095 1888 1135 tacebo.
1925 1094 2015 1145 Qui

370 1174 617 1220 tantopere
645 1167 937 1208 obedientiae
967 1174 1011 1208 et
1042 1168 1288 1210 charitatis
1311 1170 1583 1210 ministeriis
1613 1167 1841 1210 Societati
1871 1167 2015 1207 inser-

371 1240 471 1280 vire
493 1239 660 1292 coepit,
680 1245 729 1279 ut
746 1251 896 1291 neque
913 1239 1056 1279 febris
1074 1246 1320 1291 quartana,
1340 1253 1490 1293 neque
1508 1240 1722 1280 debilitas
1739 1238 1952 1290 corporis
1969 1244 2014 1278 et

370 1312 567 1351 vulnera
605 1310 777 1362 pedum
816 1311 874 1350 ab
910 1311 1073 1351 officiis
1111 1310 1380 1352 domesticis
1419 1312 1700 1362 deterreant,
1726 1316 1770 1350 et
1801 1309 1955 1350 minus
1987 1321 2013 1349 a

373 1383 535 1423 schola
557 1389 602 1423 et
624 1383 853 1434 pueritiae
876 1383 1166 1423 institutione
1188 1383 1443 1424 retardent.

448 1454 614 1494 Patres
634 1454 838 1494 maxime
860 1454 1123 1494 inserviunt
1139 1454 1492 1495 ferrariensium
1508 1455 1663 1505 saluti,
1683 1466 1763 1495 eos
1786 1460 1884 1494 tum
1902 1464 2011 1494 con-

370 1526 651 1566 fessionibus
688 1531 785 1565 tum
820 1525 1028 1565 consiliis
1060 1532 1103 1566 et
1141 1526 1546 1567 exhortationibus
1578 1524 1866 1577 adjuvando,
1890 1524 2015 1565 unde

369 1597 580 1649 profecto
601 1608 696 1637 non
719 1597 969 1637 mediocris
991 1597 1202 1649 sequitur
1224 1597 1418 1637 fructus.
1443 1598 1563 1638 Nam
1583 1597 1674 1637 viri
1696 1603 1740 1637 et
1760 1596 2013 1646 foeminae,

370 1669 447 1721 qui
470 1667 663 1708 Patrum
684 1668 932 1720 prudentia
954 1669 1274 1720 instituuntur,
1299 1668 1498 1709 feliciter
1519 1674 1722 1721 pergunt
1743 1668 1791 1708 in
1817 1668 1895 1707 via
1924 1667 2015 1708 Do—

370 1740 496 1786 mini,
522 1751 694 1791 magno
716 1739 917 1791 fortique
945 1740 1102 1780 animo
1133 1752 1322 1780 crucem
1349 1752 1484 1780 suam
1513 1740 1719 1792 quotidie
1748 1745 2014 1791 capessunt,

371 1811 620 1851 universos
648 1811 807 1851 verbis
837 1817 880 1851 et
908 1811 1045 1851 factis
1078 1811 1328 1862 instruunt,
1359 1811 1560 1852 familias
1588 1811 1635 1851 in
1661 1811 1750 1851 Dei
1776 1811 1942 1850 timore
1972 1817 2016 1850 et

370 1889 557 1933 patrum
579 1883 828 1933 disciplina
849 1883 1110 1933 continent,
1135 1889 1180 1922 et
1201 1883 1248 1922 in
1277 1883 1374 1922 suis
1405 1882 1604 1935 denique
1634 1883 1774 1923 rebus
1801 1882 2016 1922 omnibus

368 1954 519 1994 solam
540 1953 630 1993 Dei
650 1954 854 2004 gloriam
875 1959 919 1994 et
940 1954 1267 2005 proximorum
1297 1955 1497 1994 salutem
1524 1961 1739 2005 spectant
1762 1959 2014 2005 quaerunt-

369 2036 471 2077 que.
497 2024 548 2064 In
569 2025 659 2065 hoc
677 2024 878 2076 jubilaeo
907 2037 1002 2065 non
1029 2025 1169 2065 modo
1199 2025 1408 2076 pluribus
1437 2025 1793 2066 accurrentibus
1822 2036 2014 2076 operam

369 2108 504 2136 suam
527 2096 574 2136 in
597 2097 770 2147 templo
792 2107 940 2148 usque
962 2096 1021 2135 ad
1043 2108 1313 2148 vesperam,
1338 2097 1420 2137 sed
1449 2097 1591 2137 etiam
1621 2097 1747 2137 domi
1773 2101 1910 2136 nocte
1940 2095 2013 2135 de—

369 2168 551 2219 derunt;
575 2174 618 2207 et
640 2179 814 2219 magna
836 2174 963 2208 certe
996 2180 1159 2208 eorum
1185 2168 1270 2208 fuit
1296 2168 1565 2219 multitudo,
1596 2168 1674 2220 qui
1700 2168 1827 2208 vitae
1853 2168 2014 2219 lapsus

369 2239 705 2280 lachrimarum
725 2240 872 2280 imbre
900 2240 1149 2280 diluerunt.
1181 2240 1336 2291 Atque
1364 2251 1421 2280 ex
1448 2240 1662 2292 plurimis
1693 2239 1901 2291 quidem,
1935 2239 2014 2291 qui

371 2311 431 2350 ad
453 2310 764 2351 confessionis
786 2312 971 2362 asylum
991 2311 1313 2362 perfugerant,
1337 2312 1587 2351 nonnullos
1609 2310 1668 2351 ad
1697 2310 1888 2351 Domini
1916 2310 2012 2362 glo-

368 2382 489 2421 riam
510 2382 726 2422 referam.
753 2381 969 2433 Quidam,
994 2383 1069 2422 cui
1091 2382 1310 2423 monachi
1331 2383 1575 2434 placuerat
1596 2382 1881 2433 institutum,
1902 2388 1947 2422 et
1967 2382 2013 2422 in

369 2464 424 2492 eo
450 2453 698 2493 duodecim
721 2460 960 2493 manserat
977 2465 1143 2504 annos,
1163 2453 1353 2494 tandem
1372 2466 1397 2494 a
1415 2454 1512 2494 vita
1531 2454 1754 2505 religiosa
1769 2454 2010 2503 recedens,

369 2535 452 2574 per
474 2524 590 2564 duos
613 2536 763 2564 annos
786 2524 993 2564 omnium
1013 2525 1238 2565 vitiorum
1255 2537 1304 2565 se
1325 2525 1590 2565 ministrum
1611 2525 1915 2576 praebuerat3
1940 2524 2011 2564 de-

371 2606 500 2635 mum
521 2594 609 2635 Dei
629 2595 922 2646 benignitate
943 2596 991 2635 in
1012 2596 1226 2636 morbum
1247 2596 1425 2647 incidit,
1450 2603 1494 2636 et
1516 2597 1563 2636 in
1590 2595 1884 2636 xenodochio
1915 2595 2011 2635 uni-

371 2677 562 2706 versam
584 2667 711 2706 vitae
734 2667 981 2706 historiam
1002 2666 1131 2707 Patri
1151 2674 1313 2708 nostro
1335 2667 1591 2719 explicans,
1617 2667 1914 2708 admirabilia
1936 2668 2010 2708 do-

368 2738 484 2777 loris
516 2744 559 2777 et
590 2738 779 2778 contriti
810 2738 954 2778 animi
985 2745 1266 2789 argumenta
1296 2739 1344 2779 in
1374 2746 1678 2790 peccatorum
1709 2739 2012 2779 enarratione

369 2808 510 2857 dedit,
527 2815 571 2848 et
590 2809 745 2849 animo
763 2810 881 2849 bene
899 2808 1096 2849 affectus
1113 2816 1158 2850 et
1176 2822 1374 2862 corpore
1391 2811 1450 2850 ad
1467 2822 1601 2850 suam
1618 2816 1886 2850 remearunt
1903 2810 2011 2861 (sic)

374 2880 687 2920 vocationem.

454 2949 599 3000 Alius,
639 2951 718 3002 qui
756 2957 863 2991 ante
899 2963 1048 2992 annos
1084 2951 1455 3003 quatuordecim,
1493 2952 1666 2993 reiecto
1701 2951 1790 2993 Dei
1827 2953 2008 2998 timore,

370 3027 638 3073 contempto
679 3029 975 3063 sacramento
1016 3023 1343 3074 confessionis,
1385 3035 1488 3064 sese
1524 3023 1652 3064 vitiis
1689 3030 1733 3064 et
1768 3024 2011 3064 fraudibus

368 3093 800 3142 contaminaverat,
830 3100 1068 3144 postremo
1097 3094 1304 3146 resipuit,
1331 3106 1385 3134 ac
1414 3095 1460 3134 in
1487 3095 1614 3139 viam
1634 3094 1827 3135 Domini
1855 3095 2006 3136 rediit.
