2168 3437
916 261 999 299 AN.
1031 261 1123 299 1553
1762 259 1833 296 253

191 361 322 402 *mino
346 359 584 400 Cardinali
608 358 616 378 ¹
639 359 810 400 Rector
832 359 1110 400 constitutus
1131 359 1177 399 in
1205 358 1403 409 collegio
1425 356 1628 409 quodam
1658 355 1834 408 Orpha-

197 443 389 481 norum,
413 430 536 482 quod
557 431 603 470 in
625 430 788 471 eadem
809 430 898 470 hac
920 430 1110 470 civitate
1133 430 1292 479 habet;
1325 429 1392 479 hi,
1416 429 1626 479 inquam,
1651 427 1742 467 duo
1775 427 1836 466 ad

199 509 411 543 nostram
431 502 706 542 societatem
728 500 978 550 anhelant,
1009 506 1052 540 ct
1073 512 1132 540 ex
1152 506 1250 540 toto
1273 500 1428 540 animo
1460 498 1615 550 parati
1643 498 1702 538 ad
1733 497 1836 537 obe-

192 572 417 613 diendum
452 579 496 613 et
529 573 714 624 penitus
748 571 1058 611 abiiciendam
1096 571 1339 622 propriam
1372 571 1663 610 voluntatem
1697 574 1742 609 et
1778 568 1836 608 ad

200 645 424 695 puerilem
449 644 647 694 denique
675 642 1023 694 simplicitatem
1052 641 1371 692 quaerendam
1404 640 1474 691 (ut
1507 640 1668 690 audio)
1699 639 1836 680 vehe—

200 721 379 756 menter
401 714 570 754 affecti.
595 712 664 753 Sit
685 712 812 752 Deus
834 712 1121 752 benedictus.

278 786 328 826 In
350 784 559 836 aedificio
591 783 786 834 Collegii
813 784 960 824 nostri
987 794 1111 823 nunc
1140 782 1349 822 maxima
1378 782 1675 821 festinatione
1711 781 1834 821 labo-

199 864 345 908 ratur,
370 867 543 907 magna
564 854 859 895 multitudine
882 854 1221 906 operariorum.
1245 853 1365 893 Nam
1382 852 1591 892 decrevit
1609 852 1838 892 Dominus

199 928 464 969 Cardinalis
486 926 656 967 fratres
679 926 786 965 illuc
809 937 949 977 quam
972 925 1194 965 citissime
1212 923 1489 974 transferre,
1511 930 1556 963 et
1576 923 1713 964 huius
1734 934 1835 975 gra-

199 1000 265 1040 tia
286 999 397 1039 illud
418 999 686 1051 frequenter
708 1000 772 1050 (ut
793 997 946 1048 audio)
976 997 1151 1037 invisit.
1184 995 1413 1036 Dominus
1441 994 1672 1045 dignetur
1702 993 1750 1033 id
1778 995 1839 1034 ad

199 1071 404 1121 gloriam
425 1077 469 1110 et
490 1070 716 1110 honorem
737 1081 873 1109 suum
893 1068 1132 1120 perficere.

281 1142 414 1192 Tuis,
438 1141 720 1182 venerande
742 1140 894 1190 Pater,
919 1139 1097 1180 sanctis
1127 1137 1345 1190 precibus
1376 1142 1420 1176 et
1448 1136 1693 1176 sacrificiis
1725 1135 1837 1175 assi-

200 1213 291 1253 due
313 1212 631 1252 commendari
651 1212 926 1263 suppliciter
947 1210 1161 1262 petimus.

280 1284 353 1324 Ex
374 1283 582 1334 Collegio
604 1283 834 1324 Eborensi
857 1281 1075 1322 Calendis
1097 1280 1210 1320 Maii
1237 1279 1352 1319 1553.

281 1354 428 1394 Filius
450 1355 647 1404 inutilis,

1085 1497 1112 1542 †
1141 1494 1431 1534 MARCELLUS
1452 1491 1572 1532 VAZ.
1606 1491 1633 1536 †

1350 1564 1378 1611 ,Γ

286 1780 639 1836 Superscrz'ptz‘o
674 1781 724 1820 in
759 1782 933 1832 quarta
960 1778 1174 1830 pagina:
1209 1777 1270 1817 Al
1304 1788 1415 1828 muy
1444 1775 1546 1817 R.d0
1571 1787 1628 1815 en
1658 1773 1844 1814 Christo

204 1855 350 1907 padre
372 1855 413 1894 el
434 1854 579 1905 padre
601 1851 805 1892 Maestro
827 1850 1008 1902 Ignatio
1031 1848 1300 1901 praeposito
1331 1847 1525 1899 general
1551 1845 1607 1885 de
1641 1846 1685 1885 la
1713 1844 1843 1885 Com-

204 1926 348 1978 pania
370 1926 426 1966 de
447 1924 572 1977 Jesu.

285 1997 373 2038 Em
395 1995 559 2036 Roma.

286 2067 398 2108 Alia
420 2077 588 2107 manu:
614 2065 727 2105 1553.
754 2064 905 2116 Quad.
929 2063 1068 2104 Ebor.
1094 2061 1221 2102 Maii.

262 2228 272 2248 ¹
310 2228 488 2263 Henr1cus,
506 2227 738 2262 Portugalliae
753 2225 878 2259 Infans,
896 2223 1099 2257 Cardinalis,
1116 2228 1148 2250 et
1164 2222 1350 2250 Eborensis
1368 2218 1666 2254 Archiepiseopus.
