2168 3437
933 237 1016 274 Ax.
1048 237 1140 274 1553
1785 237 1852 274 ‘251

214 332 375 383 quiex
396 331 768 372 confessionibus
796 333 1055 385 colligitur,
1081 339 1219 385 atque
1246 339 1316 374 est
1337 333 1447 374 dum
1477 333 1579 374 Rex
1611 345 1716 374 cum
1747 334 1854 374 aula

214 402 430 442 Viennae
451 403 564 453 agit,
590 403 753 444 diebus
774 403 1137 444 confessionum.
1162 403 1282 444 Nam
1302 404 1489 456 plurimi
1519 410 1625 444 sunt
1645 405 1692 445 in
1721 404 1855 445 fami-

214 473 275 512 lia
297 473 444 524 regia,
468 479 565 513 turn
586 474 687 514 Itali
708 481 807 514 tum
827 474 1039 526 Hispani,
1060 475 1137 526 qui
1153 481 1340 516 nostros
1357 475 1520 516 Patres
1538 474 1853 516 confessarios

215 544 401 585 habent.
433 544 656 585 Attamen
686 551 1041 597 compensatum
1063 545 1248 586 videtur
1274 547 1362 586 hoc
1383 552 1652 587 nostrorum
1673 547 1853 598 dispen-

214 615 365 666 dium,
395 626 501 655 cum
527 627 622 655 non
649 616 788 667 pauci
815 616 903 656 hoc
931 628 1054 657 anno
1083 628 1142 657 ex
1172 617 1364 657 remotis
1392 618 1659 658 civitatibus
1686 618 1853 658 harum

214 685 571 736 provinciarum
594 689 684 735 (est
706 687 830 726 enim
851 698 968 738 gens
990 687 1101 727 itala
1123 688 1300 738 passim
1323 688 1535 740 dispersa
1564 700 1646 740 per
1673 689 1760 729 has
1785 700 1853 728 re-

212 755 394 806 giones)
417 756 508 796 huc
530 757 863 808 confluxerint,
889 756 1048 798 audita
1071 757 1199 798 fama
1220 758 1344 809 quod
1365 759 1441 799 hic
1463 766 1617 799 essent
1638 759 1851 799 sacerdo-

215 833 285 866 tes
317 827 430 867 itali.
465 826 536 867 De
573 828 853 868 necessitate
874 828 990 868 nihil
1020 828 1187 868 attinet
1218 829 1398 879 dicere3
1429 836 1622 881 propter
1648 831 1854 882 inopiam

214 898 385 938 etenim
414 898 715 939 sacerdotum
743 899 901 950 palam
929 900 1203 940 asserebant
1237 911 1286 940 se
1319 900 1532 951 pluribus
1564 902 1699 942 annis
1728 902 1854 942 haud

213 968 471 1009 confessos.

294 1039 653 1081 Confessionum
693 1041 847 1091 gratia
886 1053 989 1082 sese
1029 1042 1224 1082 contulit
1260 1042 1309 1082 Ρ.
1349 1043 1565 1083 Victoria
1604 1044 1651 1083 in
1684 1044 1852 1084 hebdo-

214 1110 353 1150 mada
386 1112 621 1162 passionis
655 1112 703 1152 in
741 1112 962 1164 oppidum
996 1113 1232 1164 quoddam
1266 1114 1403 1164 regni
1440 1113 1735 1165 Hungariae,
1779 1116 1853 1155 cui

160 1226 172 1235 Γ
215 1180 431 1222 confessa
466 1189 535 1222 est
571 1182 774 1223 Domina
809 1183 865 1223 de
899 1183 1062 1224 Sforza
1092 1183 1101 1202 ¹
1132 1196 1239 1224 cum
1272 1196 1357 1225 sua
1391 1184 1568 1224 familia
1604 1191 1648 1225 et
1683 1186 1852 1226 milites

213 1253 444 1304 nonnulli,
469 1265 492 1293 e
513 1253 679 1304 quibus
701 1255 856 1305 plures
883 1254 1114 1305 audisset,
1151 1255 1190 1295 si
1216 1267 1293 1295 res
1313 1255 1423 1295 belli
1445 1256 1504 1296 ad
1525 1267 1656 1295 arma
1687 1264 1851 1297 contra

215 1323 373 1364 hostes
395 1325 684 1375 capessenda
706 1325 808 1365 illos
829 1337 923 1366 non
944 1325 1096 1366 subito
1120 1326 1435 1378 compulisset.
1471 1326 1661 1377 Reperit
1682 1327 1852 1368 ibidem

212 1401 397 1434 turcam
416 1395 680 1447 quemdam,
705 1408 844 1448 quem
865 1397 964 1448 ipse
985 1397 1319 1448 catechizavit;
1346 1398 1563 1450 cupiebat
1585 1399 1728 1449 enim,
1753 1399 1852 1439 reli—

214 1471 291 1505 cta
313 1466 416 1517 lege
437 1467 772 1518 mahometica,
797 1467 1084 1508 christianus
1104 1468 1219 1509 fieri.

293 1536 424 1577 Haec
452 1544 580 1587 sunt,
613 1537 713 1578 Rssle
735 1538 809 1590 P„
843 1551 962 1591 quae
994 1540 1158 1591 putavi
1184 1552 1308 1580 nunc
1338 1540 1618 1582 Paternitati
1647 1541 1705 1582 V.
1743 1542 1855 1582 scri-

213 1607 387 1648 benda:
411 1608 521 1648 boni
541 1610 755 1650 consulat
777 1616 821 1650 et
842 1621 999 1650 meum
1017 1611 1356 1663 qualecumque
1374 1612 1647 1663 obsequium
1664 1619 1709 1653 et
1729 1613 1851 1653 labo-

210 1689 286 1718 res
321 1690 512 1719 suorum
546 1679 767 1731 filiorum,
806 1693 891 1732 pro
929 1682 1096 1733 quibus
1133 1682 1203 1732 (ut
1236 1682 1375 1733 solet)
1412 1683 1667 1724 Dominum
1695 1684 1855 1737 Jesum

211 1748 430 1800 dignetur
446 1749 620 1802 jugiter
640 1750 899 1803 deprecari.

291 1820 506 1861 Viennae
526 1821 750 1862 Austriae
772 1822 991 1863 Calendis
1016 1823 1129 1875 Maji
1156 1823 1270 1864 1553.

291 1890 415 1932 Rflae
432 1893 731 1944 paternitatis
753 1893 804 1933 T.
830 1893 950 1934 filius
973 1895 1216 1946 indignus,

1019 2037 1265 2078 MARTINUS
1287 2037 1380 2079 STE
1387 2052 1657 2081 VORDIENSIS
1666 2070 1672 2077 .

294 2300 446 2340 Manu
475 2300 685 2352 soanm's
712 2302 935 2355 Philippi
970 2304 1092 2345 Vz’to:
1124 2305 1213 2346 Gia
1239 2317 1354 2346 sono
1386 2305 1481 2347 fate
1511 2306 1535 2345 7
1566 2306 1718 2358 copie,
1751 2306 1854 2369 laus

216 2371 334 2411 Deo.

296 2459 650 2511 Superscrzptz'o
688 2461 738 2501 z'n
777 2468 952 2514 quarta
984 2465 1176 2516 pagina
1192 2477 1207 2506 .·
1243 2429 1356 2506 liris
1394 2467 1454 2507 Al
1494 2467 1636 2507 molto
1670 2465 1773 2506 R.d0
1805 2467 1853 2507 in

215 2530 350 2571 Chto.
374 2530 526 2571 Padre
547 2531 607 2572 M.
633 2532 814 2583 Ignatio
837 2534 893 2574 de
912 2535 1108 2587 Loyola,
1132 2537 1375 2589 Preposito
1396 2538 1549 2589 gnale.
1576 2537 1696 2577 della
1718 2537 1852 2578 Com-

218 2602 351 2652 pag.a
372 2602 428 2642 de
448 2601 557 2655 Jesu
580 2614 637 2643 en
658 2602 823 2645 Roma.

294 2671 406 2712 Alia
427 2685 600 2714 manu:
625 2674 740 2716 1553.
765 2675 914 2726 Quad.
938 2676 1147 2729 Vienna,
1172 2679 1269 2720 Cal.
1294 2679 1420 2720 Maii.

294 2744 458 2784 Manet
479 2744 673 2796 aliquod
693 2746 955 2798 vestigium
975 2749 1148 2789 rubrae
1168 2760 1300 2790 cerae
1320 2753 1365 2790 et
1383 2750 1555 2801 sigilli.

270 2902 281 2922 ¹
318 2902 407 2930 Vide
426 2903 595 2938 PoLANco,
613 2903 817 2939 chronicon,
828 2910 851 2933 t.
866 2913 913 2941 111,
925 2914 1003 2942 pag.
1018 2908 1081 2943 246,
1098 2916 1130 2935 n.
1144 2909 1207 2936 550.
