2168 3437
262 205 334 243 138
776 204 1004 241 L1TTERAE
1031 215 1393 248 QUADRIMESTRES

262 302 584 354 expostulent,
618 307 668 342 ut
698 314 751 341 eo
784 301 1114 341 concionatum
1142 307 1238 350 eat,
1269 301 1574 353 horteturque
1603 302 1831 342 moniales
1861 308 1912 342 ut

266 373 490 425 pietatem
529 373 915 424 relligionemque
955 373 1173 424 amplecti
1212 373 1372 413 velint.
1411 371 1503 413 Sed
1537 384 1644 413 cum
1683 373 1782 424 ipse
1822 373 1912 425 piis

263 445 474 485 omnium
495 445 619 484 votis
640 443 914 484 satisfacere
935 456 1029 484 non
1048 444 1218 496 possit,
1252 449 1301 484 ut
1328 450 1398 484 est
1429 446 1529 484 eius
1558 444 1741 485 animus
1771 451 1910 496 atque

263 517 479 556 sincerus
501 515 719 566 affectus,
745 515 996 567 aliquando
1018 528 1073 555 ea
1095 515 1324 555 coenobia
1345 515 1468 566 adit,
1492 515 1555 555 ibi
1575 517 1800 556 nonnulla
1831 516 1909 567 pia

267 599 323 627 ac
346 594 481 627 santa
505 587 786 627 documenta
808 586 1045 637 relinquit,
1070 587 1237 638 quibus
1268 586 1536 638 relligiosae
1563 587 1668 627 illae
1701 599 1750 627 se
1779 598 1908 627 exer-

263 664 416 699 ceant.

352 728 443 770 Sed
465 741 522 769 ne
545 729 719 769 diutius
741 729 798 769 iis
827 741 969 781 quam
995 740 1081 781 par
1108 729 1167 769 sit
1195 729 1496 780 haereamus,
1527 729 1586 769 ad
1611 730 1914 781 gymnasium

268 807 486 840 nostrum
513 801 668 841 venio.
698 799 1099 840 Scholasticorum
1128 812 1351 840 numerus
1380 800 1503 840 idem
1527 812 1646 852 pene
1672 806 1742 840 est
1773 812 1913 852 quam

268 872 591 924 superioribus
614 872 780 912 litteris
795 871 850 912 R.
870 871 919 911 Ρ.
941 872 992 912 T.
1014 872 1372 923 scripseramus:
1393 883 1555 912 omnes
1576 872 1773 923 singulis
1791 884 1914 912 men-

267 943 401 984 sibus
423 943 704 984 confitentur
725 949 769 983 et
789 939 1000 983 nonnulli
1028 955 1085 983 ex
1106 943 1364 983 maioribus
1385 949 1572 983 sumunt
1592 949 1806 983 sanctam
1827 943 1912 984 Eu-

270 1015 570 1067 charistiam3
608 1027 695 1055 nec
730 1027 898 1067 parum
935 1015 1184 1067 proficiunt
1224 1015 1270 1055 in
1310 1015 1519 1055 moribus
1556 1020 1601 1055 et
1640 1015 1822 1055 litteris.
1864 1014 1915 1055 In

266 1093 339 1138 pa
364 1098 480 1127 vero
502 1088 653 1127 classe
675 1092 783 1127 sunt
805 1093 911 1127 octo
933 1087 1008 1126 vel
1030 1086 1192 1127 decem
1222 1087 1565 1135 adolescentes,
1597 1087 1697 1126 nati
1725 1086 1914 1139 optimis

267 1158 506 1209 clarisque
526 1158 815 1209 parentibus,
835 1158 913 1209 qui
929 1158 1068 1198 nobis
1089 1170 1183 1198 non
1203 1169 1403 1209 parvam
1424 1158 1496 1198 sui
1517 1170 1649 1210 spem
1669 1157 1911 1198 dederunt.

267 1228 387 1270 Sunt
415 1229 538 1270 enim
566 1229 767 1281 ingenue
799 1229 1004 1278 educati,
1035 1229 1177 1281 quieti
1214 1235 1259 1269 et
1285 1229 1424 1270 valde
1451 1229 1529 1281 pii.
1559 1229 1698 1269 Domi
1725 1235 1915 1270 nostrae

271 1301 427 1340 nullus
449 1300 644 1352 otiatur;
669 1300 985 1352 unusquisque
1007 1300 1199 1340 alterius
1221 1300 1443 1340 virtutem
1469 1302 1746 1349 aemulatur,
1776 1312 1913 1341 cona-

268 1378 461 1424 turque,
485 1372 573 1412 Dei
596 1384 682 1424 ope
703 1371 873 1422 fretus,
898 1383 1037 1424 quam
1059 1372 1291 1412 maximos
1321 1372 1369 1411 in
1398 1378 1595 1423 utroque
1624 1372 1778 1412 studio
1810 1384 1913 1424 pro-

272 1455 468 1495 gressus
490 1443 663 1494 facere3
683 1443 848 1483 deinde
870 1449 919 1483 ut
941 1443 999 1483 sit
1021 1443 1067 1483 in
1089 1443 1305 1483 omnibus
1323 1443 1509 1483 virtutis
1525 1444 1790 1494 exemplum
1808 1455 1912 1495 ope-

271 1526 375 1554 ram
395 1514 489 1554 dat.
514 1514 747 1555 Enitimur
768 1514 909 1554 etiam
930 1526 1014 1566 pro
1044 1514 1167 1554 virili
1194 1520 1355 1554 nostra
1387 1526 1524 1566 opem
1548 1514 1672 1555 ferre
1697 1515 1913 1566 proximo

265 1586 315 1626 in
336 1598 390 1626 eo
412 1586 537 1638 quod
558 1587 734 1627 scimus
755 1592 800 1626 et
829 1597 1091 1638 possumus.
1126 1585 1463 1636 Quamobrem,
1496 1585 1545 1626 P.
1575 1586 1653 1637 R,
1685 1586 1803 1627 haec
1830 1587 1912 1627 tibi

264 1657 514 1698 sufficient.
543 1658 685 1698 Plura
707 1663 833 1698 certe
854 1657 1031 1697 referre
1051 1668 1258 1709 possem,
1285 1657 1325 1697 si
1346 1657 1390 1697 id
1418 1663 1462 1697 te
1493 1664 1656 1709 optare
1686 1664 1730 1698 et
1761 1658 1801 1698 si
1829 1658 1914 1698 sci-

265 1741 369 1769 rem
397 1735 441 1769 te
468 1735 631 1769 nostra
661 1729 931 1779 prolixitate
962 1728 1201 1769 delectari.
1234 1728 1390 1769 Unum
1423 1734 1606 1769 tantum
1632 1741 1657 1768 a
1689 1728 1744 1769 R.
1774 1728 1823 1768 P.
1859 1729 1911 1770 T.

265 1801 578 1853 postulamus,
602 1806 651 1841 ut
673 1799 828 1840 Deum
860 1799 965 1851 Opt.
997 1811 1134 1840 orare
1159 1800 1278 1840 velis
1305 1805 1355 1840 ut
1384 1800 1589 1851 gratiam
1617 1800 1746 1840 illam
1779 1801 1912 1841 nobis

264 1872 418 1913 servis
440 1871 644 1922 indignis
667 1871 858 1922 elargiri
886 1871 1118 1922 dignetur,
1150 1883 1242 1923 qua
1269 1877 1336 1922 te,
1365 1883 1409 1923 p.
1444 1877 1566 1923 opt.,
1597 1882 1914 1923 agnoscamus

265 1954 640 1994 veneremurque
673 1948 723 1982 ut
752 1942 852 1982 veri
880 1942 981 1993 filii,
1013 1942 1213 1982 humiles
1240 1942 1601 1994 obedientesque
1635 1954 1738 1983 esse
1766 1943 1912 1994 possi-

265 2026 386 2055 mus„
410 2013 546 2054 Vale.
571 2014 802 2054 bononiae
825 2013 914 2054 iii.⁰
935 2013 1039 2053 idus
1060 2012 1201 2054 ian.1·¹'i
1227 2013 1341 2054 1553.

348 2085 404 2126 R.
428 2085 479 2126 T.
503 2085 554 2125 P.
580 2097 747 2126 servus
768 2085 815 2125 in
836 2084 934 2134 X.0‚

1033 2227 1344 2268 HIERONYMUS
1377 2226 1748 2268 GALVANELLUS.

352 2441 704 2493 Superscm'ptz'o
726 2440 776 2481 in
797 2444 972 2492 quarta
985 2440 1201 2492 pagina:
1232 2441 1293 2481 Al
1319 2440 1463 2481 Molto
1490 2442 1544 2483 R.
1574 2443 1621 2482 in
1648 2442 1729 2483 X.0
1759 2441 1911 2482 Padre

268 2514 303 2553 il
322 2526 365 2565 p.
385 2513 445 2553 M.
466 2513 587 2564 Ign.0
612 2513 667 2553 de
688 2513 860 2564 loyola,
879 2511 1124 2563 Preposito
1144 2513 1298 2563 gnale.
1324 2512 1445 2553 della
1468 2513 1723 2565 Compag.a
1744 2513 1790 2553 di
1809 2513 1911 2554 [esu

268 2586 318 2625 in
339 2585 503 2626 Roma.

351 2656 462 2696 Alsa
484 2669 653 2697 mann:
674 2657 745 2697 Ex
766 2654 993 2696 Bononia.

352 2728 416 2768 Et
437 2727 552 2768 alsa:
574 2729 800 2779 Bologna,
825 2727 898 2767 del
917 2725 983 2766 53.
1009 2725 1320 2766 Ianuar.-53.
