2168 3437
867 243 951 280 AN.
982 243 1074 282 1553
1725 246 1793 283 199

152 352 287 382 rarus
323 346 393 380 est
428 339 635 391 quidem;
669 341 751 381 vix
790 346 948 381 tamen
987 341 1086 382 dies
1119 343 1291 383 labitur
1329 343 1456 383 nulla
1497 343 1792 385 confessione

149 412 413 463 insignitus.
447 411 672 452 Raritatis
702 417 861 452 tantae
882 413 1114 453 rationem
1136 419 1355 464 putamus
1376 415 1570 455 nimiam
1588 415 1717 455 urbis
1743 415 1791 455 in

151 484 269 523 bene
291 469 871 533 agendo'erubescentiam
893 483 1178 536 nimiamque
1204 486 1503 537 zelotypiam.
1535 485 1616 526 Illa
1643 486 1788 536 viros,

151 554 267 594 haec
302 554 542 603 mulieres,
579 553 688 593 licet
723 554 868 594 animi
894 555 1206 606 propensione
1234 557 1310 596 vel
1335 557 1565 608 pulsantis
1599 556 1791 597 Domini

150 625 456 677 inspiratione
476 624 715 675 impulsos,
739 632 947 665 revocat.
973 625 1127 666 Tanta
1148 638 1309 667 omnes
1331 629 1556 679 corripuit
1583 629 1790 669 caecitas

151 702 200 736 ut
223 696 347 748 quod
367 696 528 735 vident
558 696 731 736 bonum
758 696 933 736 malum
964 696 1144 744 dicant,
1175 704 1220 737 et
1248 699 1372 749 quod
1398 700 1572 739 malum
1597 699 1785 740 bonum.

150 767 284 808 Unde
311 767 454 807 filium
483 773 639 818 pater,
676 772 825 807 mater
851 766 1014 818 filiam,
1047 779 1244 808 uxorem
1269 781 1384 809 vero
1413 776 1542 810 arcet
1569 771 1656 811 vir.
1685 770 1788 811 Hoc

149 844 307 878 tamen
341 838 572 878 Dominus
608 838 827 878 Adventu
856 839 1010 890 lapso,
1040 840 1378 891 permultarum
1413 841 1658 881 mulierum
1692 853 1784 882 ma-

149 909 296 958 xime,
320 910 478 950 oculos
501 910 703 960 aperuit,
735 915 785 949 ut
812 910 1005 950 fallaces
1031 910 1191 950 mundi
1220 912 1502 963 praestigias
1532 912 1783 963 deprehen-

150 980 332 1031 dentes,
355 981 507 1032 posita
531 981 655 1021 omni
676 982 976 1032 verecundia,
1002 982 1218 1034 omnique
1240 989 1397 1034 spreta
1420 984 1618 1023 aliorum
1641 985 1785 1035 suspi—

148 1052 303 1102 cione,
327 1052 386 1092 ad
408 1052 726 1092 confessiones
747 1058 878 1092 tanto
900 1051 1133 1093 concursu
1154 1061 1472 1105 moverentur,
1500 1060 1549 1095 ut
1571 1056 1788 1096 canonici

148 1134 198 1163 se
218 1128 399 1163 tantum
420 1135 505 1163 sua
526 1123 572 1163 in
594 1123 794 1163 ecclesia
822 1135 1078 1176 numquam
1105 1125 1280 1165 vidisse
1307 1133 1651 1166 asseverarent.
1686 1126 1785 1167 Plu-

147 1194 276 1245 rimi,
301 1195 412 1234 alibi
433 1194 637 1235 confessi
658 1195 799 1235 etiam
821 1195 984 1236 eodem
1006 1195 1079 1236 die
1099 1197 1348 1247 religiosiS‚
1372 1209 1465 1237 non
1487 1198 1576 1238 sibi
1605 1199 1785 1239 satisfa-

146 1271 273 1306 ctum
291 1266 512 1315 dicenteS,
535 1272 746 1306 nostram
768 1278 960 1318 operam
980 1267 1308 1319 implorabant,
1333 1280 1424 1320 qua
1446 1269 1650 1321 obtenta,
1674 1269 1785 1309 hila-

149 1348 224 1377 res
252 1338 406 1387 vultu,
440 1337 596 1377 animo
625 1338 846 1378 laetiores
879 1339 1209 1379 abscedebant.
1240 1339 1474 1392 Plerique,
1510 1341 1648 1381 altius
1679 1353 1783 1381 con-

144 1407 374 1448 fessiones
403 1408 553 1449 factas
579 1415 860 1460 repetentes,
890 1410 1032 1450 totius
1059 1409 1156 1450 fere
1183 1411 1311 1451 vitae
1331 1411 1594 1462 insigniora
1616 1412 1785 1452 delicta

146 1479 406 1519 confessori
440 1480 701 1531 prodebant
736 1480 1058 1532 expendenda.
1090 1481 1193 1521 Hoc
1223 1488 1378 1522 autem
1405 1483 1608 1523 maxime
1642 1484 1784 1524 conti-

143 1551 213 1602 git
234 1551 281 1590 in
302 1551 508 1591 castellis
529 1558 574 1591 et
594 1551 744 1602 pagis,
770 1563 888 1603 quae
908 1552 1170 1593 visitamus.
1194 1552 1328 1604 Nam,
1353 1554 1472 1605 proh
1493 1554 1647 1594 dolor!
1674 1561 1784 1606 quot

145 1621 358 1663 homines
379 1622 664 1673 invenimus,
688 1628 787 1663 tum
808 1622 1131 1663 confessorum
1153 1624 1326 1676 ineptia
1347 1625 1423 1665 vel
1449 1625 1652 1676 incuria,
1685 1633 1783 1666 tum

144 1694 484 1743 poenitentium
504 1693 811 1744 verecundia,
837 1694 883 1734 in
903 1695 1113 1746 peccatis
1142 1695 1419 1736 mortalibus
1445 1696 1642 1747 sopitos,
1674 1698 1784 1737 mul-

144 1764 204 1804 tis
225 1765 362 1804 annis
383 1764 807 1805 communicantes!
830 1771 943 1817 quot
962 1777 1076 1806 vero
1099 1766 1416 1807 confessiones
1437 1768 1690 1808 multorum
1707 1780 1782 1808 an-

148 1847 318 1875 norum
340 1836 574 1876 curriculo
596 1836 966 1877 intermiserant!

223 1905 331 1946 Alia
353 1906 507 1947 officia
528 1907 811 1959 spiritualia,
842 1908 929 1948 etsi
959 1920 1053 1948 non
1086 1915 1307 1949 accurate
1337 1910 1474 1959 satis,
1507 1916 1785 1950 exercentur

142 1983 314 2017 tamen.
360 1978 718 2018 Xenodochium
763 1990 903 2030 saepe
947 1979 1192 2020 visitatum
1239 1986 1338 2031 est,
1385 1982 1664 2032 praesertim
1701 1993 1785 2034 per

141 2048 197 2088 R.
233 2048 283 2088 P.
320 2048 586 2098 Albertum,
619 2049 677 2088 ad
705 2049 828 2101 quod
854 2056 1047 2102 propter
1076 2052 1268 2101 multas,
1299 2063 1416 2104 quas
1443 2052 1584 2092 habet
1619 2052 1783 2104 orpha-

141 2130 249 2170 nas,
274 2119 459 2160 facilem
481 2131 727 2160 accessum
749 2120 1016 2161 damnanda
1037 2128 1181 2173 negat
1202 2123 1428 2174 suspicio:
1453 2134 1623 2174 aegros
1649 2135 1784 2164 raros

141 2189 284 2230 habet
317 2202 430 2241 prae
468 2191 612 2231 nimia
648 2203 816 2231 census
850 2192 1102 2243 tenuitate3
1140 2205 1256 2245 quos
1288 2205 1404 2234 vero
1442 2188 1671 2235 hactenus
1705 2195 1783 2235 ha—

141 2261 255 2312 buit,
280 2267 324 2301 et
347 2261 660 2312 visitavimus,
684 2268 728 2302 et
749 2262 1043 2303 confessione
1065 2263 1294 2305 adversus
1315 2265 1500 2306 hostem
1522 2253 1782 2317 praemuni-

142 2332 310 2372 vimus.
335 2332 440 2373 Non
461 2332 706 2374 defuerunt
728 2334 868 2374 etiam
891 2346 1056 2375 sacrae
1078 2335 1446 2377 exhortationes.
1482 2336 1632 2388 Aegri
1662 2338 1782 2388 pari-

140 2410 225 2453 ter,
245 2409 289 2443 et
310 2403 438 2443 cives
460 2410 503 2444 et
526 2404 688 2444 rustici
710 2403 735 2453 ¹,
761 2405 819 2445 ab
843 2405 1009 2445 eodem
1029 2405 1168 2446 Patre
1190 2407 1521 2448 ardentissima
1550 2408 1782 2448 charitate

142 2475 319 2525 passim
339 2475 607 2515 visitantur.
637 2475 925 2516 Monasteria
953 2477 1094 2517 etiam
1123 2477 1390 2518 invisuntur
1418 2479 1475 2518 ab
1506 2478 1670 2519 eodem
1698 2478 1780 2519 Pa-

141 2550 278 2595 treet
304 2546 451 2586 fratre
482 2546 715 2598 Baptista,
747 2553 791 2587 et
818 2547 915 2587 fere
950 2548 1138 2600 quidem
1171 2549 1302 2589 festis
1332 2550 1590 2601 quibusque
1620 2549 1782 2590 diebus

142 2626 304 2656 eorum
326 2617 503 2668 aliquot
525 2628 659 2657 suam
681 2617 970 2668 spiritualem
991 2618 1165 2660 habent
1186 2631 1213 2659 a
1231 2619 1376 2660 fratre
1392 2626 1553 2660 nostro
1569 2620 1779 2661 refectio-

140 2697 246 2726 nem
260 2719 269 2737 ,
293 2688 481 2738 saepius
502 2699 617 2727 vero
639 2694 684 2727 et
704 2688 1000 2739 potissimum
1020 2689 1239 2741 profestis
1261 2703 1287 2731 a
1305 2690 1359 2730 R.
1383 2690 1432 2730 Ρ.
1455 2691 1670 2741 Albert03
1693 2703 1780 2732 nec

141 2755 318 2797 frustra
339 2764 480 2807 certe,
504 2759 699 2798 mutatio
722 2759 844 2798 enim
864 2771 1048 2800 morum
1069 2761 1285 2801 omnibus
1306 2768 1375 2801 est
1396 2762 1661 2813 perspicua,
1684 2774 1778 2802 ma-

140 2828 266 2868 xime
304 2829 440 2868 unius
481 2829 538 2869 ab
574 2829 737 2869 eodem
774 2828 913 2870 Patre
952 2830 1131 2871 visitati
1168 2831 1473 2882 frequentius.
1515 2831 1616 2873 Hoc
1655 2833 1779 2873 enim

139 2899 403 2939 inveterata
439 2905 629 2940 exutum
663 2900 997 2941 consuetudine
1032 2902 1367 2942 suavissimum
1397 2903 1535 2943 modo
1565 2903 1778 2944 diffundit

195 3059 205 3078 ¹
246 3061 278 3086 et
294 3059 390 3087 cives
404 3061 437 3087 et
452 3061 590 3093 rustici,
603 3060 659 3094 qui
673 3060 706 3087 in
718 3060 859 3087 civitate
873 3065 906 3087 et
922 3060 977 3094 qui
993 3059 1025 3087 in
1041 3061 1176 3088 ruribus
1192 3061 1371 3090 civitatem
1385 3063 1622 3097 adjacentibus
1636 3064 1775 3099 degunt.
