2168 3437
904 204 946 240 A
953 215 987 240 Ν.
1020 204 1111 240 1554
1762 201 1832 237 060

193 305 502 355 appellantur.
525 302 780 343 Fautorem
809 302 928 341 inter
951 300 1068 340 alios
1101 299 1272 339 habent
1303 298 1587 350 Episcopum
1621 297 1645 348 ¹,
1679 297 1756 349 qui
1786 304 1831 337 et

192 374 514 415 benedictione
549 385 633 413 sua
668 379 915 423 utrumque
950 371 1212 411 institutum
1241 369 1625 420 congregationis
1655 368 1826 418 sanxit,

192 446 457 497 placuitque
479 451 576 485 tam
596 444 683 484 sibi
704 443 716 462 Ξ
739 455 880 495 quam
901 442 990 482 illis
1011 442 1080 482 uti
1102 452 1290 490 omneS,
1323 440 1584 491 composito
1612 438 1625 458 ⁵
1654 439 1714 480 ad
1742 439 1831 479 hoc

193 516 281 567 die,
306 515 431 556 domi
453 522 643 555 nostrae
665 513 993 554 Eucharistiae
1015 523 1153 552 sacra
1172 517 1374 562 sumant,
1398 510 1523 562 quod
1539 516 1583 550 et
1604 511 1831 550 hactenus

192 599 286 627 non
320 587 419 626 sine
454 597 628 636 magno
664 597 827 640 eorum
857 584 1171 624 emolumento
1199 588 1243 622 et
1270 582 1587 633 praesentium
1618 581 1830 621 aedifica·

195 658 321 697 tione
342 657 607 697 factitatum
624 662 709 696 est.

278 727 348 768 De
382 727 475 767 Κῶ
508 727 663 767 Patris
697 725 983 767 Salmeronis
1018 724 1322 765 concionibus
1355 723 1488 763 habe.
1532 723 1831 763 Auditorium

193 799 354 840 habuit
384 799 520 850 quale
547 808 785 849 nunquam
814 797 934 836 ullus
961 796 1008 835 in
1035 795 1125 834 hac
1151 794 1284 842 urbe,
1318 800 1362 833 et
1392 794 1438 833 id
1465 794 1651 845 quidem
1688 793 1832 833 conti-

191 881 354 921 nuum;
385 875 430 909 et
459 881 485 908 a
507 869 657 920 primo
678 867 1073 919 parsimoniarum
1094 863 1108 883 ⁴
1129 864 1223 913 die,
1258 865 1589 916 primariarum
1610 864 1830 904 foemina-

192 953 328 982 ruum
349 946 531 980 tantum
552 950 853 988 concursum,
879 943 929 978 ut
954 937 1042 977 hae
1070 937 1196 976 solae
1218 942 1405 976 centum
1427 936 1765 987 quinquaginta
1788 941 1833 974 et

193 1024 247 1052 eo
288 1011 487 1062 amplius
521 1011 670 1050 iustae
706 1009 984 1060 capacitatis
1019 1007 1224 1047 scamnis
1259 1006 1620 1058 capacissimum
1660 1006 1833 1057 alioqui

195 1089 239 1124 et
259 1083 306 1123 in
327 1082 534 1122 civitatis
556 1081 775 1121 umbilico
797 1080 939 1120 situm
969 1079 1192 1129 templum
1223 1078 1484 1127 onerarint,
1514 1076 1611 1128 jam
1640 1077 1832 1128 optima-

196 1161 265 1194 tes
286 1166 380 1194 non
402 1153 725 1205 paucioribus,
750 1163 860 1191 nam
882 1151 929 1190 in
949 1150 1038 1190 hac
1061 1148 1356 1200 potissimum
1377 1148 1616 1199 republica
1637 1148 1684 1188 in
1708 1148 1834 1188 omni

196 1226 422 1265 concione
457 1230 502 1264 et
541 1223 739 1263 lectione
778 1232 999 1262 numerus
1039 1220 1249 1260 virorum
1284 1219 1529 1259 mulierum
1563 1219 1610 1258 in
1644 1219 1835 1270 triplum

197 1295 443 1348 aliquoties
471 1303 516 1335 et
542 1295 590 1335 in
620 1294 867 1345 decuplum
887 1291 1096 1336 excedit;
1120 1291 1228 1340 imO,
1257 1297 1307 1330 ut
1328 1290 1577 1330 dolendum
1605 1296 1694 1340 est,
1724 1301 1833 1330 rara

199 1367 273 1408 hic
295 1367 584 1419 conspicitur
605 1377 726 1417 quae
755 1364 979 1404 lectiones
1000 1362 1264 1414 frequentet
1284 1361 1504 1401 foemina.
1537 1361 1667 1401 Haec
1688 1361 1757 1401 sic
1778 1360 1834 1400 de

196 1439 467 1479 melioribus
488 1437 614 1478 dicta
636 1444 788 1476 sunto.
814 1435 959 1475 Porro
980 1435 1151 1484 vulgus
1173 1432 1461 1472 audientium
1483 1438 1611 1472 certo
1640 1443 1834 1472 numero

196 1511 315 1550 velle
338 1509 584 1561 complecti
607 1517 1015 1559 supervacaneum
1036 1510 1164 1556 puto;
1190 1504 1280 1543 hoc
1302 1509 1484 1543 tantum
1505 1503 1625 1553 dico,
1653 1509 1834 1543 tantam

197 1581 295 1633 ejus
315 1581 503 1633 generis
525 1580 808 1620 confluxisse
830 1576 1175 1618 multitudinem
1204 1582 1253 1615 ut
1281 1575 1527 1626 aliquoties
1555 1580 1680 1614 stare
1711 1585 1834 1614 com·

195 1654 350 1703 mode,
384 1652 607 1693 sessionis
639 1652 763 1692 enim
793 1650 855 1690 ibi
885 1660 1035 1701 parva
1063 1647 1253 1697 mentio,
1286 1659 1381 1686 non
1411 1647 1636 1698 potuerit3
1673 1657 1759 1686 nec
1790 1646 1835 1686 id

194 1725 385 1774 mirum,
408 1724 612 1775 undique
640 1723 763 1762 enim
796 1733 849 1761 eo
879 1719 1214 1768 convolabant,
1248 1718 1364 1758 adeo
1397 1724 1446 1758 ut
1476 1718 1631 1758 dicere
1662 1717 1835 1769 pudeat

196 1808 334 1847 quam
358 1795 587 1847 pauculos
609 1794 686 1834 alii
708 1793 951 1833 audientes
973 1790 987 1809 ⁵
1009 1790 1300 1830 retinuerint.

272 1867 377 1919 Jam
399 1866 509 1918 quid
529 1871 658 1905 tanto
687 1863 919 1904 auditorio
954 1861 1147 1913 dignum
1181 1860 1320 1900 Pater
1350 1860 1660 1912 praestiterit,
1695 1871 1836 1912 quan-

194 1947 334 1990 toque
355 1949 461 1978 cum
482 1937 636 1977 fructu
658 1936 810 1987 ipsum
831 1934 1021 1974 Patrem
1042 1931 1413 1983 frequentaverit
1431 1964 1438 1981 ,
1463 1932 1646 1983 paucis,
1672 1932 1735 1972 mi
1755 1931 1836 1971 Pa-

194 2017 278 2060 ter,
302 1998 478 2060 accipe.
504 2007 732 2058 Pleraque
753 2005 973 2046 nobilitas
994 2003 1008 2022 ⁶
1030 2003 1463 2055 quadragesimam,
1494 2002 1569 2042 cui
1596 2013 1802 2054 eousque
1824 2001 1837 2020 ⁷

194 2080 496 2121 infestissima
517 2079 684 2128 fuerat,
709 2077 1020 2118 extentiorem
1040 2075 1255 2126 optabat,
1282 2074 1406 2114 haud
1429 2085 1541 2113 sane
1563 2073 1654 2113 alio
1679 2073 1835 2113 animo

196 2164 336 2204 quam
357 2163 448 2203 quo
470 2151 643 2191 diutius
664 2155 846 2189 tantum
868 2157 1151 2199 praeconem
1173 2145 1334 2185 audire
1363 2144 1548 2193 liceret;
1581 2143 1837 2196 eademque

194 2230 293 2264 tum
313 2223 500 2263 demum
521 2221 632 2272 quid
652 2221 740 2260 hae
763 2219 851 2260 sibi
875 2219 973 2259 dies
998 2218 1171 2257 vellent
1193 2227 1455 2267 agnoscere
1487 2215 1654 2266 coepit.
1688 2214 1834 2267 Siqui-

195 2294 300 2335 dem
321 2298 427 2333 ante
450 2304 503 2332 ea
525 2298 737 2343 tempora
758 2302 854 2330 non
876 2301 1051 2341 paucos
1073 2288 1279 2339 reperire
1301 2292 1423 2336 erat,
1447 2287 1524 2338 qui
1553 2286 1653 2326 sive
1680 2287 1838 2326 carnis

194 2364 425 2406 fovendae
446 2363 622 2414 gratia,
652 2362 753 2402 sive
775 2361 897 2413 quod
927 2359 1118 2408 alicubi,
1149 2370 1232 2410 per
1260 2357 1644 2409 imprudentiam,
1677 2358 1838 2398 haere-

195 2447 300 2476 seos
321 2445 513 2475 succum
534 2433 886 2484 degustassent,
919 2432 965 2471 in
993 2429 1357 2482 quadragesima
1388 2428 1676 2479 promiscue,
1712 2428 1840 2468 haud

195 2518 329 2547 secus
351 2512 490 2557 atque
512 2505 614 2544 aliis
636 2502 946 2554 temporibus,
972 2501 1191 2541 carnibus
1218 2500 1348 2540 vesci
1380 2507 1748 2549 consueverant,
1783 2500 1839 2539 de

253 2693 260 2712 Ι
302 2693 333 2720 Is
350 2696 427 2719 erat
443 2691 554 2725 Scipio
570 2689 711 2721 Rebiba,
728 2689 783 2723 qui
800 2687 1003 2720 Cal-dinalis,
1021 2686 1180 2713 Theatini
1195 2685 1287 2717 dicti,
1306 2684 1444 2718 Joannis
1461 2683 1552 2711 Petri
1577 2682 1734 2717 Carrafa‚
1753 2684 1840 2712 Nea-

196 2740 338 2776 politani
356 2737 632 2772 Archiepiscopi,
648 2737 722 2763 viee
739 2736 918 2763 dioecesim
934 2734 1209 2762 administrabat.

253 2789 267 2808 Ξ
305 2793 377 2815 tam
394 2787 475 2822 ipsi.

252 2836 266 2855 5
305 2836 451 2862 statuto.

253 2885 268 2904 ⁴
306 2890 326 2910 a
341 2882 448 2917 primo
464 2881 779 2916 quadragesimae.

251 2931 265 2952 ³
306 2930 364 2958 alii
387 2930 664 2957 concionatores

249 2978 263 2999 5
302 2977 475 3006 nobilium
491 2976 580 3003 bona
595 2978 699 3009 pars.

249 3028 260 3046 Ἰ
302 3027 347 3054 ad
363 3025 425 3052 illa
442 3030 552 3057 usque
568 3024 746 3057 tempora.
