2168 3437
876 248 959 283 AN.
992 246 1082 283 1553
1728 242 1796 280 187

151 347 329 387 factum
355 351 426 385 est
458 345 663 385 maxima
699 343 1037 395 poenitentium
1064 342 1263 382 utilitate
1293 347 1337 381 et
1369 340 1704 380 consolatione.
1743 338 1794 378 In

154 424 314 457 nostro
337 417 509 467 templo
532 415 730 455 habetur
752 415 918 454 concio
940 413 1166 454 mediocri
1188 417 1422 452 conventu
1447 417 1493 451 et
1513 410 1791 461 frequentia,

156 501 210 528 ac
231 487 510 540 praesertim
532 492 877 535 matronarum,
897 485 943 524 in
961 484 1126 536 quibus
1144 489 1252 523 sunt
1269 495 1387 534 quae
1404 482 1565 534 procul
1581 481 1795 521 habitant

155 571 224 609 ac,
240 559 412 599 omissa
430 557 670 607 concione,
691 569 811 608 quae
828 557 875 596 in
892 567 1074 596 summo
1092 555 1291 594 habetur
1305 555 1492 605 templo,
1509 552 1568 593 ad
1584 559 1793 592 nos‘con-

156 631 331 670 volant.
354 629 406 669 In
426 629 552 669 omni
571 628 918 679 propemodum
940 625 1164 666 concione
1191 625 1447 665 incitantur
1469 623 1714 664 christiani
1736 622 1794 662 ad

156 701 568 742 §aeramentorum
599 710 755 749 usum;
780 698 952 739 etenim
982 697 1029 737 in
1057 697 1147 736 hac
1175 696 1289 736 urbe
1318 696 1475 747 potius
1503 695 1630 735 soliti
1657 697 1795 733 erant

156 772 256 812 viri
273 771 383 812 bom·
399 783 501 811 sese
523 771 636 811 dare
659 771 762 810 aliis
782 769 972 821 pietatis
989 768 1167 818 officiis,
1186 767 1406 807 nimirum
1423 765 1735 817 eleemosynis
1752 772 1796 804 et

156 843 480 884 huiuscemodi
501 842 808 882 humanitatis
830 840 1031 890 meritis;
1054 850 1179 878 nnnc
1205 849 1316 878 vero
1338 837 1527 889 plurimi
1557 848 1711 877 rerum
1734 836 1794 876 di-

155 915 375 955 vinarum
398 914 697 966 perstudiosi,
730 920 826 953 tam
853 912 944 952 viri
972 923 1112 963 quam
1142 910 1389 959 foeminae,
1413 915 1583 949 octavo
1614 919 1796 960 quoque

155 986 228 1026 die
250 985 423 1026 Christi
443 985 547 1025 Iesu
571 996 802 1034 mensam,
828 983 1123 1023 confessione
1150 987 1419 1033 praeeunte,
1450 979 1643 1029 adeunt;
1675 991 1729 1018 ac
1751 979 1797 1018 in

156 1056 283 1097 feriis
303 1056 484 1096 Natalis
506 1055 743 1096 Dominici
763 1065 986 1095 numerus
1007 1065 1183 1101 eorum,
1209 1052 1289 1104 qui
1305 1052 1469 1091 sordes
1494 1057 1797 1102 peccatorum

155 1128 450 1168 confessione
473 1134 517 1167 et
540 1128 667 1168 luctu
694 1128 868 1177 eluunt,
893 1126 1010 1166 adeo
1042 1125 1205 1173 crevit,
1231 1132 1281 1163 ut
1302 1122 1490 1174 plurimi
1521 1133 1548 1161 a
1574 1121 1707 1161 nobis
1729 1133 1798 1161 re-

157 1201 324 1240 cedere
345 1199 420 1240 vel
440 1199 586 1240 inviti
603 1199 694 1239 alio
713 1204 1011 1250 cogerentur,
1037 1208 1143 1237 cum
1164 1202 1232 1236 tot
1253 1195 1392 1235 rebus
1412 1193 1632 1245 gerendis
1653 1193 1798 1244 impli-

153 1272 252 1312 cati
273 1283 435 1311 eorum
458 1270 625 1311 studiis
649 1270 842 1321 obsequi
862 1281 956 1309 non
978 1279 1239 1320 possemus
1265 1266 1442 1306 Diebus
1463 1264 1594 1304 festis
1616 1276 1800 1315 semper

159 1343 342 1393 aliquae
382 1348 626 1382 matronae
665 1341 713 1381 in
744 1342 917 1393 templo
952 1346 1114 1380 nostro
1154 1338 1221 1378 rei
1257 1338 1445 1378 divinae
1473 1337 1705 1376 intersunt
1740 1347 1794 1374 ac

158 1413 332 1454 Christi
363 1425 560 1465 corpore
594 1411 882 1462 reficiuntur,
917 1417 961 1451 et
996 1412 1083 1451 hae
1118 1409 1306 1461 quidem
1334 1409 1380 1448 in
1411 1407 1510 1447 dies
1540 1413 1789 1457 augentur,

158 1485 329 1525 etenim
340 1485 429 1525 hae
442 1491 701 1535 matronae,
723 1495 840 1535 puro
857 1482 1101 1534 religionis
1118 1493 1275 1522 amore
1292 1481 1526 1527 incensae,
1554 1479 1798 1529 piscantur

160 1557 277 1596 alias
298 1562 343 1596 et
365 1557 555 1607 capiunt
578 1555 724 1596 divini
745 1555 878 1595 verbi
899 1555 1089 1604 retibus,
1111 1564 1229 1605 quae
1247 1561 1413 1603 captae
1430 1561 1669 1602 nunquam
1687 1548 1799 1589 ulte-

158 1628 264 1668 rius
283 1628 520 1668 recedunt.
544 1627 685 1679 Apud
706 1638 962 1667 conversas
983 1625 1246 1666 uberrimus
1275 1623 1465 1675 capitur
1486 1622 1682 1671 fructus,
1707 1632 1801 1661 non

157 1700 294 1740 modo
317 1700 364 1740 in
386 1700 457 1740 his
478 1699 708 1749 foeminis,
733 1710 852 1750 quae
870 1699 917 1738 in
934 1698 1010 1738 illo
1032 1696 1320 1737 monasterio
1336 1695 1483 1735 vitam
1502 1694 1694 1744 degunt,
1716 1692 1798 1732 sed

157 1777 202 1811 et
223 1771 268 1810 in
291 1771 512 1821 externis,
538 1771 615 1821 qui
644 1770 756 1810 illud
784 1770 1009 1821 templum
1039 1769 1358 1820 frequentant;
1390 1766 1612 1817 quoniam
1646 1765 1693 1804 in
1728 1764 1800 1803 his

158 1842 483 1889 concionibus,
525 1853 646 1893 quae
684 1841 779 1880 illic
819 1851 1157 1892 saepenumero
1193 1838 1440 1887 habentur,
1483 1842 1677 1888 propter
1712 1834 1802 1875 loci

159 1913 539 1953 commoditatem
561 1921 631 1952 est
659 1923 832 1963 magna
863 1911 1107 1952 hominum
1135 1909 1414 1962 frequentia,
1449 1915 1493 1948 et
1522 1906 1803 1948 confitentur

159 1985 300 2024 etiam
320 1985 495 2024 nostris
516 1991 561 2024 et
582 1984 822 2036 excipiunt
844 1990 1060 2023 sanctum
1083 1982 1257 2022 Christi
1274 1991 1445 2032 corpus
1465 1986 1532 2020 tot
1550 1986 1629 2018 aut
1646 1979 1803 2030 plures

159 2068 300 2108 quam
320 2057 367 2096 in
387 2063 548 2096 nostro
569 2056 755 2107 templo.
780 2055 961 2095 Damus
981 2053 1122 2094 etiam
1144 2064 1336 2104 operam
1360 2058 1409 2091 ut
1431 2051 1478 2090 in
1506 2048 1801 2090 xenodochio

159 2129 303 2167 semel
351 2128 399 2167 in
442 2126 737 2167 hebdomada
758 2158 765 2176 ,
814 2125 1126 2177 praecedente
1174 2123 1493 2173 confessione,
1541 2120 1803 2173 percipiant

103 2255 106 2259 ὴ
158 2199 527 2248 Eucharistiam,
551 2210 645 2238 non
671 2197 810 2237 modo
839 2196 1040 2248 aegroti,
1073 2196 1155 2236 sed
1177 2195 1318 2235 etiam
1348 2195 1394 2244 ii,
1428 2193 1508 2245 qui
1534 2192 1666 2232 firmo
1695 2196 1802 2231 sunt

161 2280 385 2321 corpore3
407 2269 496 2309 hoc
517 2275 602 2319 est,
621 2268 799 2308 familia
818 2268 1016 2319 hospitis
1033 2278 1295 2319 pauperum
1315 2271 1360 2305 et
1377 2265 1476 2317 ipse
1494 2264 1677 2315 hospes.
1698 2262 1802 2302 Die-

159 2341 246 2381 bus
267 2340 514 2380 dominicis
535 2339 745 2379 nonnulli
765 2351 824 2379 ex
844 2338 1071 2379 fratribus
1093 2338 1302 2378 invisunt
1324 2342 1547 2387 aegrotos
1569 2340 1613 2374 et
1630 2333 1804 2373 habent

161 2412 438 2451 concionem
467 2411 514 2451 in
548 2422 710 2451 eorum
744 2410 1117 2450 consolationem
1152 2415 1196 2449 et
1230 2408 1604 2448 instructionem.
1638 2405 1802 2444 Patres

161 2495 346 2534 quoque
368 2494 448 2523 eos
471 2482 643 2522 adeunt
664 2488 709 2521 et
726 2494 888 2522 eorum
905 2481 1057 2531 saluti,
1082 2480 1277 2521 consilio
1296 2487 1340 2520 et
1363 2477 1606 2519 audiendis
1625 2475 1802 2516 confes-

162 2553 386 2604 sionibus,
418 2553 696 2593 inserviunt.
726 2552 778 2592 In
811 2552 883 2592 his
905 2559 1014 2593 sunt
1048 2552 1227 2592 inventi
1262 2551 1432 2591 milites
1467 2547 1803 2589 consuetudine

160 2625 391 2676 peccandi
414 2625 680 2676 inveterati,
703 2624 782 2675 qui
802 2624 962 2664 multis
982 2631 1091 2664 ante
1113 2623 1249 2663 annis
1276 2634 1371 2662 non
1393 2619 1609 2670 confessi,
1638 2630 1723 2658 nec
1746 2618 1802 2658 de

161 2701 465 2746 peccatorum
488 2696 615 2735 luctu
632 2700 677 2734 et
694 2694 878 2734 animae
896 2696 1046 2734 salute
1064 2705 1271 2746 unquam
1289 2693 1575 2743 cogitarunt.
1594 2689 1654 2729 Hi
1671 2699 1800 2739 ergo,

162 2764 337 2805 Christi
363 2765 467 2805 Iesu
495 2765 720 2816 auspici0‚
745 2764 938 2805 Patrum
959 2764 1173 2805 manibus
1194 2763 1370 2812 traditi,
1395 2762 1454 2802 ad
1481 2772 1647 2801 sanam
1679 2771 1802 2799 men-

161 2843 257 2876 tem
291 2842 336 2876 et
369 2836 592 2887 pietatem
619 2836 927 2886 reducuntur;
956 2847 1066 2875 nam
1094 2834 1309 2875 effectum
1336 2832 1525 2873 tandem
1559 2839 1629 2871 est
1661 2837 1711 2870 ut
1745 2842 1804 2870 ex

162 2907 331 2947 animis
351 2913 532 2959 pestem
552 2913 855 2958 peccatorum
876 2907 1083 2947 maximo
1105 2906 1265 2946 dolore
1287 2905 1413 2944 vitae
1435 2908 1705 2943 transactae
1726 2901 1803 2941 eii-

163 2984 344 3028 cerent‚
373 2989 545 3030 eosque
567 2978 865 3019 confessione
886 2978 1129 3018 abluentes
1151 2976 1465 3016 deliberarent
1485 2974 1658 3014 rectius
1680 2960 1803 3012 dein-

164 3059 275 3100 ceps
314 3049 461 3090 Vitam
497 3049 755 3090 instituere.
794 3048 998 3100 Quidam
1033 3052 1190 3103 antem
1225 3058 1406 3097 eorum,
1441 3045 1580 3097 gravi
1608 3044 1803 3083 vulnere
