2168 3437
376 312 450 351 338
890 310 1117 347 LITTERAE
1143 321 1503 353 QUADRIMESTRES

377 421 524 449 annos
547 409 721 459 aliquot
742 413 1045 458 peccatorum
1077 407 1303 447 sordidati
1331 419 1476 447 coeno
1504 408 1736 448 vixerant.
1767 408 1824 447 Et
1852 419 2016 448 omnes

376 478 639 519 huiusmodi
661 478 719 517 ad
739 489 824 517 nos
847 477 1156 528 adducuntur,
1182 477 1238 517 de
1260 489 1457 529 quorum
1478 478 1627 525 salute
1647 478 1740 518 iam
1760 478 1858 518 fere
1887 479 2011 529 apud

374 549 584 589 homines
607 549 895 600 desperatur.
920 548 1048 599 Quos
1076 548 1326 599 Dominus,
1356 554 1495 600 prout
1523 549 1622 588 eius
1649 556 1718 589 est
1748 549 2009 599 clementia,

375 621 440 660 sic
471 626 629 660 movet
663 625 711 659 ut
746 619 860 659 nihil
893 631 1016 659 nunc
1052 620 1205 670 magis
1236 631 1377 671 quam
1403 625 1599 671 peccata
1624 619 1862 660 horreant.
1897 619 2015 660 Sunt

375 692 563 742 aliquot,
590 691 665 742 qui
687 702 735 730 se
757 690 990 741 Religioni
1011 690 1246 730 devovere
1267 691 1427 741 velint,
1452 691 1492 730 si
1507 691 1667 730 liceret
1683 691 1877 730 admitti.
1899 689 2011 730 Soli-

373 768 470 802 tum
491 767 560 802 est
581 762 656 801 hic
678 762 724 801 in
744 761 963 813 profestis
979 761 1190 802 Paschae
1212 762 1428 802 omnibus
1444 762 1654 802 vicissim
1676 762 1722 801 in
1745 761 2017 801 cathedrale*

372 834 595 884 templum
616 832 853 884 parochiis
874 832 1263 872 convenientibus
1294 833 1440 883 orari,
1466 833 1866 884 absolvunturque
1896 833 2012 872 eius-

372 903 497 944 modi
519 915 682 955 preces
710 903 837 943 horis
864 903 934 954 40,
967 903 1225 955 adesseque
1253 915 1437 954 semper
1465 903 1730 953 consuevit,
1766 903 1843 954 qui
1870 914 2012 955 popu-

371 976 465 1014 lum
486 974 712 1024 hortetur,
738 980 781 1013 et
804 974 994 1014 modum
1023 973 1246 1026 precandi
1272 974 1588 1026 praescribat,
1619 974 1737 1013 haec
1765 974 2012 1025 provincia

369 1046 453 1086 fuit
474 1046 607 1086 nobis
629 1045 865 1096 delegata,
896 1046 1229 1097 subieruntque
1257 1057 1425 1085 munus
1453 1057 1476 1085 e
1504 1045 1676 1085 nostris
1705 1045 1796 1084 duo
1826 1056 2008 1084 summo

371 1116 578 1157 omnium
600 1117 843 1168 applausu,
865 1122 908 1156 et
929 1128 1022 1156 non
1044 1117 1216 1156 minori
1236 1116 1405 1156 fructu.
1425 1115 1583 1167 Pergit
1601 1115 1722 1155 RduS
1744 1115 1793 1155 P.
1817 1114 1875 1154 D.
1895 1116 2012 1155 Eve-

370 1189 540 1229 rardus
562 1188 609 1227 in
629 1188 924 1228 Psalmorum
944 1188 1287 1239 praelectione:
1310 1187 1463 1238 pergit
1485 1193 1528 1227 et
1557 1187 1605 1227 P.
1636 1187 1841 1240 Joannes
1867 1187 2012 1238 Niger

371 1260 418 1299 in
439 1259 720 1310 explicando
739 1258 982 1298 doctrinae
1003 1258 1288 1298 christianae
1308 1259 1479 1309 libello,
1499 1264 1694 1309 uterque
1712 1269 1885 1308 magno
1905 1269 2012 1297 cum

370 1330 540 1370 fructu.
565 1329 770 1381 Singulis
791 1330 913 1369 idem
930 1329 980 1369 P.
998 1330 1205 1382 Joannes
1226 1329 1485 1370 sabbatinis
1506 1329 1668 1369 diebus
1690 1330 1806 1369 solet
1829 1329 2010 1369 concio-

370 1402 474 1442 nari
495 1401 571 1451 iis,
604 1401 681 1452 qui
708 1401 766 1440 ab
797 1401 913 1440 hora
945 1406 1112 1452 quarta
1141 1406 1185 1440 et
1215 1401 1446 1451 vigesima
1474 1401 1520 1440 in
1548 1400 1772 1452 templum
1798 1406 2012 1440 nostrum

370 1473 609 1524 precaturi
630 1472 781 1512 Deum
802 1472 996 1511 Veniunt
1017 1472 1225 1523 plurimi,
1250 1478 1299 1511 ut
1320 1483 1407 1512 nec
1428 1472 1486 1511 sit
1509 1483 1661 1523 capax
1682 1472 1827 1511 locus.

449 1544 555 1597 Jam
576 1549 818 1583 extructus
840 1541 1062 1583 Societati
1089 1542 1235 1582 ferme
1263 1548 1332 1582 est
1358 1543 1510 1592 locus,
1535 1554 1672 1594 quem
1701 1542 1780 1582 T.a
1802 1542 1850 1582 P.
1883 1554 2012 1594 supe·

369 1615 573 1655 rioribus
609 1614 678 1665 (ni
707 1613 865 1662 fallor)
896 1614 1161 1665 incoeptum
1189 1620 1451 1665 acceperat.
1489 1614 1572 1654 Est
1602 1614 1649 1653 in
1683 1614 1857 1665 optimo
1888 1614 2021 1653 urbis

370 1687 482 1737 situ,
507 1686 751 1737 nullusque
773 1684 996 1725 Societati
1016 1691 1208 1725 nostrae
1229 1685 1457 1737 potuisset
1477 1696 1571 1724 non
1593 1685 1748 1725 dicam
1769 1685 1871 1725 dari
1889 1717 1896 1735 ,
1931 1685 2012 1725 sed

370 1769 457 1798 nec
486 1757 749 1808 excogitari
780 1756 968 1808 quidem
1004 1756 1171 1808 aptior.
1208 1756 1259 1796 Id
1294 1756 1417 1796 enim
1453 1756 1647 1807 scimus,
1684 1761 2015 1807 praeterquam

370 1829 493 1881 quod
513 1827 635 1868 R.du⁵
659 1827 718 1867 D.
741 1827 1104 1881 Proepiscopus‚
1137 1838 1274 1879 quem
1301 1839 1412 1867 sane
1443 1839 1600 1867 rerum
1621 1833 1886 1867 nostrarum
1911 1838 2019 1866 con—

370 1900 572 1950 tinuum,
597 1911 794 1950 eumque
817 1899 1049 1950 insignem
1071 1899 1237 1939 ducem
1267 1899 1342 1938 hic
1372 1899 1624 1950 habemus,
1658 1899 1746 1938 hoc
1773 1880 1926 1949 ipsum
1952 1904 2014 1938 te-

370 1977 536 2012 statur.
560 1971 627 2011 Ibi
648 1971 742 2010 iam
763 1970 979 2021 discipuli
1001 1982 1027 2009 a
1049 1969 1273 2010 fratribus
1295 1969 1537 2020 docentur,
1566 1969 1773 2021 fiuntque
1801 1980 1937 2009 sacra
1968 1970 2014 2008 in

369 2043 559 2094 templo,
583 2041 664 2082 sed
686 2041 916 2081 maiorum
937 2052 1043 2092 spes
1066 2047 1156 2092 est,
1186 2041 1451 2092 habentque
1480 2040 1644 2081 Patres
1665 2040 1836 2080 ibidem
1857 2040 2013 2080 lectio-

369 2126 473 2164 nes,
499 2119 543 2153 et
565 2113 829 2153 conciones.
854 2111 950 2152 Nec
971 2112 1232 2163 ignoratur,
1257 2117 1460 2164 quantae
1481 2111 1671 2151 utilitati
1700 2112 1787 2152 hoc
1818 2111 1876 2151 sit
1903 2111 2013 2151 civi-

369 2186 454 2226 tati
481 2185 703 2250 fugurum.
735 2183 876 2223 Hisce
905 2183 1066 2223 diebus
1098 2182 1245 2223 adfuit
1272 2183 1652 2235 frequentissima
1679 2183 1830 2223 turba.
1865 2182 2013 2223 Nemo

368 2269 461 2297 non
484 2255 703 2308 probavit
725 2255 1010 2304 institutum,
1034 2254 1216 2306 locique
1238 2260 1538 2294 structuram.
1573 2254 1718 2294 Multo
1746 2255 2011 2305 occupatio·

368 2340 444 2368 res
465 2327 653 2367 fuerunt
674 2325 839 2366 Patres
868 2325 924 2365 ob
950 2325 1211 2377 Jubilaeum
1233 2324 1470 2365 Perusinis
1492 2325 1620 2365 hisce
1642 2325 1804 2365 diebus
1826 2336 2012 2365 conces-

368 2410 486 2439 sum.
521 2398 640 2438 Nam
671 2409 776 2437 cum
802 2396 925 2436 R.d11³
956 2396 1014 2436 D.
1046 2395 1408 2447 Proepiscopus,
1447 2408 1590 2448 penes
1618 2408 1756 2448 quem
1783 2408 1858 2436 res
1895 2402 2014 2446 erat,

368 2470 594 2521 templum
623 2474 838 2508 nostrum
871 2467 930 2507 ad
964 2467 1053 2507 hoc
1089 2466 1360 2518 delegisset,
1399 2467 1708 2507 confessionis
1739 2466 2012 2507 Sacramen-

367 2547 488 2592 tum,
514 2546 558 2580 et
580 2538 906 2580 Eucharistiae
935 2547 1075 2589 quam
1102 2537 1478 2589 frequentissime
1505 2538 1857 2586 ministrabant,
1890 2549 2012 2577 asse-

367 2612 581 2653 rentibus
598 2610 768 2660 multis,
789 2621 837 2649 se
854 2620 1093 2660 nunquam
1111 2615 1277 2649 nactos
1296 2621 1413 2658 esse,
1434 2610 1514 2661 qui
1530 2610 1766 2649 hominem
1784 2609 1847 2649 ita
1864 2615 2013 2649 totum

366 2687 685 2736 penetrarent.
705 2680 826 2721 R.dus
845 2680 903 2720 D.
923 2679 1267 2732 Proepiscopus
1288 2692 1398 2721 suos
1419 2681 1703 2731 sacerdotes,
1725 2691 1842 2732 quos
1858 2680 2015 2719 minus

366 2755 563 2794 idoneos
586 2752 643 2793 ad
665 2751 813 2793 Sacra
834 2751 1093 2800 existimat,
1117 2751 1438 2802 instruendos,
1462 2758 1541 2792 aut
1564 2752 1610 2791 in
1633 2751 1839 2791 moribus
1868 2750 2010 2790 refor-

365 2825 566 2865 mandos
601 2823 735 2864 nobis
770 2822 1060 2863 committere
1091 2822 1355 2873 consuevit,
1388 2822 1511 2862 hanc
1538 2822 1661 2862 enim
1695 2821 1751 2862 de
1786 2821 2014 2862 societate

366 2903 530 2935 nostra
552 2893 947 2934 existimationem
969 2892 1195 2943 concepit,
1221 2892 1345 2944 quod
1368 2893 1415 2933 in
1436 2893 1715 2933 reducendis
1738 2892 1796 2932 ad
1818 2892 2006 2933 Creato-

365 2978 470 3006 rem
492 2966 643 3017 ipsum
666 2964 912 3004 animabus
936 2963 1255 3014 maximopere
1278 2964 1450 3003 valeat.
1471 2963 1592 3014 Quin
1614 2970 1659 3004 et
1680 2964 1770 3015 ipsi
1791 2963 2008 3003 sacerdo-

363 3043 438 3077 tes
461 3047 642 3087 quoque
664 3034 953 3087 profitentur,
974 3045 1054 3074 eos
1077 3034 1156 3085 qui
1173 3034 1399 3074 hactenus
1418 3034 1777 3086 degenerarunt,
1795 3046 1889 3074 non
1910 3040 2006 3074 tam

362 3107 545 3147 nostris
567 3105 869 3146 concionibus
897 3111 941 3144 et
963 3105 1331 3155 hortationibus,
1356 3106 1572 3156 quamvis
1595 3106 1789 3145 multum
1817 3117 1899 3145 eae
1929 3117 2010 3144 va-
