2168 3437
367 208 435 244 136
876 208 1107 245 LITTERAE
1134 218 1495 251 QUADRIMESTRES

366 306 534 356 spiritu
555 305 821 356 pietateque
843 317 985 356 quam
1006 316 1164 345 rerum
1185 305 1354 357 peritia
1370 305 1694 357 industriaque
1710 306 1915 346 munitus
1932 307 2011 346 de-

367 382 650 428 coratusque
671 388 773 416 esse
795 375 945 427 debet,
971 388 1089 427 quae
1111 388 1185 416 res
1202 376 1240 416 si
1258 377 1393 416 simul
1411 388 1653 417 connexae
1671 377 1718 417 in
1735 377 1922 418 homine
1939 389 2009 417 re·

368 447 622 499 periantur‚
649 459 754 487 eum
783 446 1042 497 perfectum
1068 453 1381 499 terretemque
1409 447 1515 498 (sic)
1535 448 1753 488 reddunt.
1784 448 2009 489 Attamen

369 531 475 559 cum
496 519 614 559 haec
636 517 748 558 mihi
770 529 885 558 cura
907 518 966 558 ab
988 518 1252 558 obedientia
1273 518 1557 559 demandata
1579 525 1722 570 esset,
1746 519 1789 559 ei
1809 531 1903 560 non
1931 531 2009 571 pa-

368 602 472 630 rere
493 591 646 630 scelus
678 601 779 629 esse
812 590 989 641 putavi.
1014 589 1168 641 Magis
1189 589 1332 640 igitur
1358 589 1530 630 virtute
1559 590 1762 631 confisus
1792 602 1933 643 quam
1964 591 2012 631 vi

368 662 560 713 propria
582 660 640 701 ad
662 660 964 701 scribendum
983 673 1057 702 me
1080 662 1337 713 composui.

448 732 657 772 Primum
679 733 822 782 igitur
844 744 1000 784 agam,
1019 733 1073 773 R.
1094 733 1163 783 P„
1182 732 1238 773 de
1254 733 1394 773 rebus
1416 745 1535 784 quae
1556 733 1616 773 ad
1632 733 1895 785 profectum
1917 733 2010 773 ani-

370 815 553 844 marum
575 804 775 844 attinent
797 810 841 844 et
861 804 997 844 nobis
1014 804 1131 844 scitu
1154 805 1424 856 pulchriora
1442 810 1706 855 occurrent,
1725 805 1890 856 paucis
1906 810 2018 844 tuae

371 876 420 915 P.
441 875 823 926 significabimus.
844 875 1080 928 Deinceps
1096 876 1255 917 P.Nri.
1275 882 1424 927 gesta,
1445 876 1603 917 addito
1622 876 2015 917 scholasticorum

373 959 556 987 necnon
579 952 623 987 et
643 946 843 987 fratrum
870 947 917 987 in
944 952 1143 999 utroque
1169 948 1323 988 studio
1352 947 1593 999 profectu,
1625 947 1830 988 breviter
1860 959 2015 999 perse-

374 1030 506 1071 quar.

454 1090 602 1141 Igitur
623 1090 747 1142 quod
769 1090 828 1130 ad
849 1101 1011 1130 eorum
1027 1090 1291 1142 profectum
1308 1097 1504 1142 spectat,
1524 1090 1690 1142 quibus
1707 1090 1754 1130 P.
1775 1090 1830 1130 N.
1851 1096 2016 1130 sancta

374 1167 673 1202 sacramenta
707 1163 834 1201 solus
862 1161 1016 1201 adhuc
1046 1162 1274 1202 hactenus
1301 1162 1651 1202 administravit
1686 1161 1817 1211 (vera
1847 1161 2019 1201 etenim

373 1235 570 1285 loquor),
594 1239 753 1273 tantus
775 1239 844 1273 est
864 1233 912 1273 in
933 1234 999 1273 eis
1022 1233 1164 1273 animi
1184 1234 1323 1285 vigor
1345 1239 1483 1285 atque
1505 1233 1652 1274 divini
1675 1233 1848 1273 amoris
1876 1233 2020 1273 ardor

374 1304 667 1356 studiumque
688 1304 900 1356 pietatis,
934 1310 984 1344 ut
1010 1305 1128 1344 haec
1156 1304 1212 1345 de
1239 1305 1329 1344 illis
1357 1304 1512 1345 dicere
1540 1317 1634 1345 non
1662 1316 1854 1345 verear:
1877 1308 2019 1344 erunt

375 1376 630 1417 novissimi
640 1375 797 1427 primi
813 1379 856 1415 et
871 1375 1026 1426 primi
1043 1375 1309 1443 novz'ssz'mgz‘.
1334 1376 1392 1416 Et
1413 1383 1540 1416 certe
1561 1375 1671 1415 dum
1692 1376 1809 1415 haec
1831 1375 2019 1426 saepius

376 1454 553 1488 attenta
574 1447 861 1499 cogitatione
882 1448 1185 1498 complector,
1210 1459 1237 1487 a
1258 1458 1331 1486 me
1353 1447 1454 1499 ipso
1477 1447 1709 1487 abhorreo
1728 1458 1736 1497 ;
1770 1446 1942 1487 etenim
1973 1447 2021 1487 in

374 1520 560 1571 pietatis
581 1519 734 1559 studio
755 1519 1108 1571 relligionisque
1131 1519 1457 1569 observantia,
1482 1518 1733 1570 relligiosis
1754 1518 1867 1570 ipsis
1889 1530 2020 1570 prae-

374 1589 513 1640 stant,
537 1592 770 1642 longeque
793 1602 873 1630 eos
895 1590 1196 1640 antecellunt,
1222 1589 1348 1642 quod
1365 1596 1492 1630 certe
1510 1602 1671 1630 omnes
1691 1589 1738 1630 in
1754 1589 2022 1630 admiratio-

373 1674 482 1703 nem
502 1662 642 1702 ducit.
666 1662 849 1702 Horum
869 1673 1091 1702 numerus
1113 1661 1169 1701 de
1191 1661 1356 1713 quibus
1377 1673 1501 1702 nunc
1523 1662 1737 1713 agebam,
1770 1661 1848 1713 qui
1865 1661 2019 1711 singu-

375 1735 430 1774 lis
451 1734 615 1774 diebus
636 1733 770 1773 festis
792 1738 1093 1773 sacramenta
1110 1732 1411 1784 frequentare
1428 1734 1650 1784 assolent,
1672 1739 1742 1773 est
1759 1733 1899 1784 paulo
1917 1733 2022 1784 plus

376 1811 563 1846 centum
585 1805 868 1845 animarum.
892 1803 983 1845 Sed
1001 1816 1108 1845 cum
1123 1803 1201 1844 hic
1218 1805 1516 1844 assueverint
1533 1804 1632 1844 fieri
1650 1804 2022 1856 supplicationes

375 1878 422 1917 in
444 1877 730 1917 sanctissimi
759 1875 1055 1917 Sacramenti
1086 1876 1313 1916 honorem
1341 1876 1540 1927 singulis
1567 1876 1827 1928 quibusque
1854 1875 2020 1916 mensi-

376 1950 477 1999 bus,
502 1960 726 1988 numerus
748 1948 860 1988 item
882 1947 1203 1988 confitentium
1224 1947 1762 1998 communicantiumque
1784 1947 2023 1999 condupli-

377 2026 525 2060 catur.
550 2020 601 2060 In
623 2019 891 2071 praecipuis
911 2031 1026 2059 vero
1051 2019 1424 2059 solemnitatibus
1451 2018 1771 2059 confitentium
1799 2030 2022 2059 numerus

379 2091 495 2132 adeo
513 2091 666 2142 magis
683 2097 768 2141 est,
789 2097 838 2131 ut
854 2092 938 2131 vix
954 2090 1004 2131 P.
1022 2089 1096 2141 N„
1112 2090 1286 2142 absque
1303 2090 1522 2130 maximis
1538 2090 1861 2140 incommodis,
1878 2090 2022 2130 omni·

377 2164 463 2203 bus
485 2162 763 2203 satisfacere
792 2162 961 2213 possit3
992 2167 1035 2202 et
1068 2162 1116 2201 in
1144 2161 1217 2201 die
1243 2161 1415 2201 natalis
1436 2160 1544 2200 Dni.
1577 2162 1752 2212 elapsO,
1785 2161 1833 2201 in
1861 2167 2022 2201 nostro

379 2235 555 2286 templo
578 2233 1029 2274 communicantium
1051 2243 1275 2272 numerus
1296 2231 1381 2272 fuit
1409 2232 1596 2272 circiter
1618 2232 2024 2283 septingentarum

381 2306 662 2346 animarum.
687 2304 778 2345 Sed
800 2305 855 2345 de
877 2304 950 2344 his
972 2304 1086 2344 satis
1109 2304 1285 2344 dictum
1307 2304 1380 2343 sit.
1406 2302 1481 2343 Ad
1503 2303 1595 2343 alia
1619 2303 1773 2343 venio.

459 2377 602 2418 Hisce
623 2377 787 2417 diebus
808 2376 868 2416 ad
889 2376 937 2415 Ρ.
961 2387 1113 2415 nrum.
1147 2374 1374 2415 deductus
1403 2374 1488 2414 fuit
1515 2375 1703 2426 quidam
1730 2375 1943 2425 iudaeus,
1974 2379 2024 2414 ut

381 2461 486 2489 eum
517 2449 565 2488 in
598 2459 727 2488 nrae.
766 2446 872 2487 fidei
905 2446 1181 2486 rudimentis
1208 2446 1478 2496 instrueret3
1510 2446 1727 2497 cupiebat
1754 2446 1876 2486 enim
1903 2445 2022 2485 chri-

380 2520 560 2560 stianus
582 2518 706 2570 fieri3
730 2530 820 2570 qua
848 2518 895 2557 in
923 2529 974 2557 re
1001 2516 1050 2557 P.
1080 2515 1135 2556 N.
1168 2516 1377 2556 sedulam
1405 2528 1596 2568 operam
1627 2517 1774 2567 dedit,
1804 2517 2025 2568 illumque

382 2591 535 2642 magis
555 2590 615 2631 ad
637 2590 810 2630 Christi
831 2588 970 2629 fidem
991 2588 1365 2639 amplectendam
1385 2588 1713 2639 inflammavit,
1739 2593 1877 2639 atque
1898 2588 1945 2627 in
1967 2587 2028 2627 iis

381 2663 608 2712 omnibus,
633 2673 753 2713 quae
775 2660 834 2701 ad
855 2660 1160 2701 christianam
1182 2659 1455 2710 religionem
1477 2659 1683 2710 faciunt,
1700 2659 1872 2711 optime
1894 2670 2022 2698 exer-

384 2734 498 2784 cuit;
518 2734 697 2783 deinde,
717 2732 1046 2784 paratissimus
1063 2731 1123 2770 ad
1140 2730 1296 2770 omnia
1318 2731 1550 2781 inventus,
1575 2730 1926 2776 sacrolavacro
1949 2729 2023 2769 ab·

382 2807 506 2845 lutus
534 2810 603 2845 est
633 2805 681 2844 in
711 2804 826 2844 aede
856 2814 993 2843 sacra
1016 2802 1112 2842 divi
1133 2800 1280 2851 Petri,
1305 2802 1383 2842 ubi
1414 2802 1577 2842 aderat
1607 2812 1780 2851 magna
1807 2812 1918 2852 pars
1945 2811 2026 2851 po-

385 2876 493 2929 puli.
517 2876 606 2916 Hic
628 2887 741 2916 vero
763 2875 827 2915 ita
848 2875 923 2926 pie
945 2874 1083 2921 vivit,
1113 2879 1162 2913 ut
1193 2873 1443 2925 unicuique
1472 2873 1729 2913 christiano
1759 2873 1818 2912 sit
1848 2872 2027 2923 optimo

385 2947 620 2998 exemplo,
645 2945 918 2997 saepissime
939 2945 1081 2984 etiam
1110 2944 1411 2995 gymnasium
1441 2950 1655 2984 nostrum
1685 2943 1951 2995 frequentat
1981 2947 2027 2982 et

385 3018 582 3069 singulis
604 3017 765 3057 diebus
787 3016 970 3056 sabbati
991 3015 1119 3056 audit
1140 3015 1402 3055 doctrinam
1419 3015 1726 3055 christianam
1747 3025 1853 3054 cum
1869 3013 2028 3065 pueris
