2168 3437
864 189 947 226 ΑΝ.
978 188 1070 225 1553
1720 183 1788 220 107

152 292 297 332 festus
331 293 547 340 apparet,
578 293 629 327 ut
654 298 749 327 non
776 286 916 326 modo
943 285 1098 334 nobis,
1130 284 1213 326 sed
1241 283 1449 325 externis
1477 292 1661 334 quoque
1695 281 1789 320 sint

154 359 469 409 admirationi,
508 365 553 398 et
586 364 947 410 praeceptorum
978 358 1253 409 plerumque
1284 356 1423 406 longe
1458 358 1678 404 superent
1713 363 1787 392 ex-

153 431 477 485 pectationem.
508 429 707 470 Miscent
737 435 893 469 autem
925 439 1088 469 omnes
1119 439 1294 479 graeca
1326 426 1506 475 latinis,
1537 423 1790 476 praecipue

153 515 263 544 vero
284 502 403 542 inter
423 501 526 541 illos
552 500 763 541 nonnulli
790 501 883 540 iam
913 499 1235 551 provectiores
1266 496 1627 538 admirationem
1653 493 1791 534 simul

153 582 197 615 et
217 573 577 615 aemulationem
599 572 774 612 exteris
795 571 1076 619 excitarunt,
1096 571 1153 610 ob
1176 569 1404 621 quasdam
1426 568 1561 617 odas,
1592 577 1709 618 quas
1730 564 1790 604 ad

153 644 503 698 pindaricarum
523 644 763 695 exemplar
782 653 955 694 graece
977 641 1221 681 ediderunt
1242 641 1289 680 in
1308 640 1494 679 laudern
1516 637 1560 679 S.
1587 636 1788 685 Nicolai‚

155 729 210 757 ac
229 727 314 767 pro
337 715 497 766 templi
517 715 668 755 nostri
686 713 862 754 foribus
884 713 984 753 eius
1005 712 1102 753 divi
1122 711 1239 751 festo
1261 711 1333 751 die
1362 710 1630 758 affixerunt,
1659 718 1791 759 prae-

125 791 130 794 ’
154 794 222 828 ter
255 786 347 827 alia
377 785 589 826 carmina
618 797 713 825 non
745 795 898 836 pauca
923 784 1070 824 latina
1101 789 1145 823 et
1175 793 1371 834 graeca,
1403 792 1521 832 quae
1549 791 1634 831 pro
1662 790 1794 819 more

154 858 403 911 quotannis
430 856 577 897 emitti
598 857 762 896 solent.
786 855 959 896 Habita
980 860 1049 895 est
1080 855 1126 894 in
1147 854 1294 894 hocce
1316 851 1576 893 studiorum
1598 849 1795 890 exordio

156 929 299 970 latina
320 928 471 969 oratio
491 928 538 967 in
558 927 745 967 laudem
764 926 906 967 trium
925 926 1209 977 linguarum,
1234 923 1502 973 hebraicae,
1526 933 1727 973 graecae
1749 926 1794 961 et

157 1001 349 1051 latinae,
380 1011 500 1051 quae
534 1010 642 1039 cum
669 998 791 1048 aliis,
824 1004 921 1038 tum
948 997 1199 1049 praecipue
1228 995 1419 1047 proregi
1448 994 1634 1045 (aderat
1672 993 1798 1032 enim

158 1073 254 1124 ipse
275 1077 319 1111 et
339 1071 646 1122 magistratus
666 1070 890 1121 multique
912 1069 1039 1109 cives
1067 1074 1111 1108 et
1139 1066 1432 1116 scholastici)
1462 1066 1581 1106 sicut
1608 1076 1667 1104 ex
1694 1064 1797 1115 ipso

160 1148 319 1196 postea
341 1142 552 1183 auditum
573 1147 657 1193 est,
680 1141 964 1193 perplacuit:
994 1140 1116 1180 hanc
1137 1146 1181 1180 et
1202 1139 1391 1190 scripsit
1414 1143 1458 1178 et
1480 1137 1596 1177 dixit
1617 1135 1678 1175 M.
1704 1135 1795 1175 An-

158 1215 284 1255 nibal
307 1213 332 1255 ¹.
356 1213 453 1254 Nec
474 1225 589 1254 vero
610 1213 770 1253 irritus
792 1212 978 1253 omnino
1001 1212 1040 1251 is
1061 1212 1195 1251 labor
1216 1210 1320 1261 fuit;
1340 1221 1450 1249 nam
1468 1215 1512 1249 et
1530 1207 1798 1248 auditorum

160 1297 379 1326 numerus
409 1290 571 1337 postea
593 1284 764 1335 crevit,
791 1290 835 1324 et
855 1284 935 1336 qui
960 1284 1090 1335 prius
1110 1282 1295 1322 fuerant
1321 1282 1368 1321 in
1398 1281 1591 1331 scholis,
1616 1279 1796 1319 ferven-

159 1358 275 1398 tiore
296 1357 452 1397 animo
475 1356 566 1396 visi
585 1362 692 1396 sunt
712 1356 860 1396 literis
882 1366 1073 1407 operam
1093 1354 1220 1394 dare.
1241 1353 1330 1404 Qui
1352 1360 1396 1393 et
1412 1353 1500 1404 ipsi
1517 1351 1723 1392 moribus
1741 1361 1797 1390 ac

160 1429 331 1480 pietate
348 1427 611 1480 proficiunt.
630 1427 765 1467 Nunc
782 1427 904 1467 enim
921 1426 1189 1477 diligentius
1207 1436 1347 1477 quam
1368 1426 1571 1465 solerent
1592 1433 1799 1474 unquam

162 1502 289 1552 leges
310 1499 397 1540 sibi
419 1511 525 1539 cum
546 1499 594 1538 in
615 1498 789 1538 scholis
810 1504 907 1538 tum
929 1498 976 1538 in
996 1498 1169 1548 templo
1190 1496 1509 1548 praescriptas
1526 1495 1797 1534 observant:

160 1571 313 1612 missis
329 1577 373 1611 et
393 1570 697 1611 concionibus
713 1570 1002 1621 frequentius
1016 1569 1259 1618 intersunt,
1279 1568 1354 1607 vel
1370 1567 1435 1618 (ut
1452 1567 1611 1606 verius
1628 1564 1800 1615 dicam)

161 1643 311 1683 rarius
333 1642 515 1691 absunt,
540 1640 883 1693 confitendique
904 1652 1084 1681 morem
1106 1640 1375 1680 observant.
1395 1637 1492 1678 Nec
1514 1638 1682 1677 desunt
1704 1636 1796 1688 qui,

160 1726 214 1755 eo
244 1726 338 1754 non
375 1713 600 1763 contenti,
638 1712 928 1764 frequentius
958 1713 1102 1752 multo
1131 1710 1425 1752 confitentur.
1460 1710 1800 1759 Eleemosynas

161 1797 342 1838 quoque
381 1785 666 1837 pauperibus
708 1783 1055 1824 distribuendas
1100 1783 1287 1823 statutis
1326 1781 1489 1821 diebus
1535 1779 1801 1831 quaeritant

161 1857 383 1907 nonnulli,
403 1856 720 1908 colliguntque
737 1855 852 1896 satis
870 1856 1055 1905 multas,
1075 1860 1213 1906 atque
1230 1854 1423 1901 interea,
1446 1852 1555 1892 dum
1572 1852 1617 1891 id
1635 1856 1798 1901 agunt,

162 1929 342 1980 aliquos
363 1928 423 1968 ad
444 1927 787 1968 confessionem
809 1926 1059 1967 adducunt.
1079 1925 1210 1966 Haec
1232 1937 1286 1965 eo
1307 1925 1518 1976 gratiora
1538 1929 1645 1963 sunt
1666 1922 1801 1962 nobis

163 2000 285 2052 quod
315 2012 341 2039 a
372 1999 704 2051 grandioribus
739 2005 879 2050 atque
917 1999 1057 2038 etiam
1092 1997 1325 2038 nobilibus
1354 1996 1481 2036 fiunt.
1514 1994 1631 2036 Sunt
1659 1993 1801 2034 etiam

163 2071 259 2123 qui,
282 2071 473 2111 meliore
494 2070 660 2122 spiritu
682 2070 830 2120 ducti,
855 2069 1132 2120 religionem
1155 2068 1396 2118 affectant,
1431 2065 1802 2119 praesertimque

163 2142 444 2183 Societatem
472 2148 699 2182 nostram.
730 2141 862 2182 Unus
887 2140 932 2181 S.
963 2140 1200 2180 Dominici
1230 2139 1441 2179 instituto
1473 2150 1574 2178 sese
1605 2136 1800 2187 addixit,

164 2214 501 2254 monasterium
529 2213 623 2253 iam
654 2213 911 2264 ingressus.
942 2212 1039 2252 Nec
1066 2212 1114 2251 in
1143 2211 1266 2251 vivis
1293 2216 1494 2260 tantum,
1527 2209 1608 2249 sed
1636 2209 1682 2248 in
1709 2219 1802 2247 mo-

165 2285 389 2325 rientibus
411 2296 594 2336 quoque
612 2289 810 2335 apparet
826 2284 990 2335 pietas.
1016 2282 1218 2333 Quidam
1239 2282 1376 2331 enim,
1402 2281 1478 2332 qui
1496 2313 1503 2331 ,
1528 2281 1568 2320 si
1588 2280 1800 2329 vixisset,

166 2356 265 2396 Deo
299 2357 346 2396 in
374 2356 464 2396 hac
492 2362 657 2395 nostra
694 2355 928 2395 Societate
958 2365 1007 2394 se
1035 2354 1322 2394 serviturum
1354 2352 1558 2402 dicebat,
1597 2351 1804 2402 superio·

167 2428 294 2468 ribus
325 2427 506 2477 diebus,
541 2438 647 2467 cum
682 2439 706 2466 e
733 2426 897 2466 morbo
925 2425 1098 2466 diutius
1126 2425 1405 2474 laborasset,
1442 2424 1557 2463 nihil
1587 2423 1677 2462 tale
1705 2427 1803 2461 tum

167 2498 519 2551 expectantibus
532 2497 819 2549 parentibus,
835 2496 1028 2547 orando,
1043 2496 1228 2548 placida
1240 2501 1389 2535 morte
1402 2495 1547 2535 vitam
1564 2494 1807 2544 ingressus

168 2576 238 2610 est
259 2576 512 2609 aeternam.
536 2569 674 2608 Hunc
696 2579 810 2619 erga
831 2568 1054 2620 pietatem
1082 2567 1310 2617 animum,
1334 2578 1427 2606 non
1449 2577 1506 2605 ex
1527 2564 1807 2604 lectionibus

168 2647 350 2681 tantum
365 2647 410 2681 et
426 2646 788 2692 praeceptorum
804 2639 1009 2689 monitis,
1029 2639 1111 2679 sed
1128 2640 1272 2678 multo
1291 2638 1432 2677 etiam
1452 2637 1605 2687 magis
1623 2648 1682 2675 ex
1698 2646 1804 2675 con-

170 2712 378 2752 cionibus
394 2712 630 2762 hauriunt,
661 2723 795 2762 quae,
824 2711 1021 2762 singulis
1043 2710 1204 2750 diebus
1231 2710 1376 2759 festis,
1403 2720 1497 2748 non
1518 2707 1698 2747 minore
1718 2706 1804 2746 fre-

170 2783 361 2834 quentia
382 2794 521 2834 quam
544 2782 735 2834 spiritus
761 2782 969 2832 fervore,
994 2782 1041 2821 in
1067 2792 1203 2821 sacra
1227 2780 1341 2820 aede
1370 2786 1531 2819 nostra
1559 2778 1805 2827 habentur,

170 2854 453 2904 perdurante
481 2853 494 2872 ‘²
523 2853 708 2893 interim
735 2853 933 2892 lectione
961 2863 1079 2904 quae
1109 2852 1165 2892 de
1196 2850 1372 2891 Christi
1399 2849 1612 2890 doctrina
1643 2848 1808 2888 diebus

225 2964 235 2984 ¹
276 2964 426 2992 Annibal
442 2964 482 2991 de
498 2964 678 2998 Coudreto,
693 2964 816 2991 harum
830 2964 1026 2991 litterarum
1041 2963 1199 2997 scriptor.

224 3011 238 3030 2
275 3011 348 3039 Hac
361 3019 444 3039 voce
457 3012 679 3046 perdurante
692 3011 816 3045 deleta,
832 3011 1074 3045 superscripsit
1090 3010 1258 3037 Poiancus
1275 3017 1342 3036 non
1358 3009 1579 3036 intermissa.
