2168 3437
365 217 435 254 090
878 215 1107 253 LITTERAE
1134 227 1495 259 QUADRIMESTRES

365 314 557 355 nisterio
579 314 654 354 hic
671 313 902 354 Dominus
924 313 1035 365 egit,
1056 315 1362 365 cognoveris,
1387 319 1432 354 et
1449 313 1547 365 jam
1563 321 1670 355 ante
1689 315 1811 355 dicta
1829 316 2005 358 frustra

364 397 487 426 nunc
521 384 687 425 videar
714 385 883 425 iterum
917 386 1171 436 relaturus,
1207 385 1381 426 faciam
1415 391 1572 426 tamen
1606 387 1653 426 in
1687 385 1915 437 majorem
1949 389 2007 429 ob

364 462 578 496 sanctam
601 456 914 496 obedientiam
935 456 1327 507 consolationem,
1356 462 1427 508 ut,
1459 468 1601 508 quam
1627 458 1904 498 brevissime
1925 471 2003 511 po-

362 534 483 579 tero,
508 527 666 567 omnia
688 528 991 579 complectar.

442 598 636 639 Patrum
660 598 698 638 F
702 604 995 650 ratrumque,
1020 604 1064 638 et
1086 610 1271 650 eorum,
1302 599 1380 650 qui
1408 599 1456 639 in
1482 599 1714 651 Collegio,
1748 606 1793 641 et
1823 613 2001 652 eorum,

362 670 439 722 qui
455 671 503 710 in
519 670 657 710 domo
678 670 970 722 probationis
987 675 1254 721 versantur,
1283 681 1532 710 numerum
1549 671 1850 724 ipsorumque
1867 673 2003 713 simul

359 741 551 782 nomina
572 754 631 782 ex
653 742 925 792 cathalogo,
951 741 1075 793 quod
1101 752 1227 781 nunc
1255 741 1412 793 mitto,
1445 753 1736 793 cognoscere
1762 743 1902 784 facile
1923 751 2002 784 tua

359 812 408 853 Ρ.
431 813 618 865 poterit.
653 812 743 863 Qui
773 824 936 852 omnes
967 812 1040 863 (ob
1071 811 1195 864 quod
1215 812 1318 853 Deo
1341 813 1516 865 optimo
1547 814 1755 855 maximo
1787 815 2003 866 ingentes

359 891 403 925 et
425 885 610 936 agimus
632 890 676 924 et
696 884 924 924 habemus
953 884 1151 935 gratias)
1176 895 1359 924 summa
1381 896 1487 925 cum
1510 885 1654 925 animi
1675 897 1792 937 pace
1814 893 1859 926 et
1879 892 2002 927 tran-

358 956 588 1008 quillitate
619 967 725 996 cum
752 967 935 995 summa
966 961 1010 995 et
1046 967 1229 996 morum
1259 961 1304 996 et
1333 957 1592 997 voluntatis
1622 946 1900 1009 concordia,
1925 959 2004 998 alii

357 1029 434 1076 iis,
485 1027 653 1080 quibus
697 1027 1009 1067 humilitatem
1054 1032 1241 1079 parent,
1292 1028 1498 1068 orationi
1544 1039 1599 1069 ac
1646 1030 2002 1080 probationibus

356 1105 553 1151 vacant,
591 1099 669 1139 alii
702 1111 788 1139 sua
817 1099 1062 1139 literarum
1093 1099 1275 1149 studia,
1312 1111 1407 1139 non
1437 1105 1596 1140 tamen
1631 1112 1788 1141 rerum
1818 1102 2006 1152 spirita--

356 1172 468 1212 lium
490 1183 605 1211 cura
625 1171 909 1221 intermissa,
926 1170 1060 1222 juxta
1082 1171 1469 1211 constitutionum
1484 1172 1696 1212 ordinem
1713 1184 2001 1224 prosequun—

356 1249 445 1283 tur.
484 1242 615 1294 Quae
644 1242 833 1294 quidem
868 1242 928 1282 ad
957 1241 1216 1293 spiritalem
1248 1242 1534 1294 profectum,
1571 1243 1619 1283 in
1653 1242 1880 1294 majorem
1911 1244 2000 1284 Dei

355 1314 688 1366 omnipotentis
715 1313 920 1363 laudem,
951 1325 1126 1353 novam
1153 1312 1407 1365 quamdam
1429 1315 1563 1354 nobis
1585 1315 1730 1355 veluti
1757 1316 1911 1355 lucem
1933 1322 1999 1356 at-

355 1386 518 1426 tulere.

434 1457 602 1498 Frater
636 1456 873 1497 Antonius
903 1456 1131 1507 AlvareZ,
1161 1462 1229 1496 tot
1259 1456 1502 1497 variorum
1530 1457 1803 1497 morborum
1832 1458 1999 1498 dolori·

353 1530 440 1570 bus
455 1528 553 1581 jam
575 1529 653 1569 diu
676 1529 967 1579 exagitatus,
992 1540 1135 1568 carne
1159 1530 1281 1576 (cum
1310 1539 1358 1568 se
1380 1540 1463 1580 per
1485 1529 1661 1580 aliquot
1684 1529 1783 1569 dies
1804 1540 1996 1569 movere

354 1601 543 1641 omnino
570 1612 665 1640 non
696 1602 870 1652 posset)
901 1599 999 1640 fere
1031 1600 1215 1651 attrita,
1249 1600 1415 1651 spiritu
1446 1612 1561 1640 vero
1597 1601 1713 1641 satis
1746 1600 1994 1641 vehemen-

352 1673 468 1713 tium
489 1671 801 1724 quorumdam
822 1671 1035 1711 dolorum
1056 1671 1380 1722 magnitudine
1407 1672 1726 1723 comprobato,
1752 1684 1776 1712 e
1797 1672 1997 1712 miserae

352 1743 542 1784 tandem
580 1742 718 1795 hujus
755 1743 882 1782 vitae
918 1742 1119 1782 statione
1160 1741 1504 1794 Omnipotentis
1542 1743 1653 1794 Dei,
1694 1743 1998 1795 Imperatoris

352 1815 532 1866 Nostri,
553 1814 687 1866 jussu
708 1814 938 1854 discessit.
963 1813 1112 1865 Quem
1129 1824 1218 1864 ego
1236 1825 1360 1854 nunc
1377 1820 1617 1854 tantorum
1632 1815 1847 1855 laborum
1864 1827 1995 1866 prae-

353 1887 445 1926 mio
473 1897 690 1926 securum
720 1897 776 1925 ac
809 1886 984 1925 laetum
1015 1885 1106 1925 frui
1136 1885 1253 1925 satis
1282 1897 1517 1937 superque
1548 1886 1706 1926 credo.
1739 1885 1838 1926 Nec
1873 1886 1994 1926 enim

353 1957 452 2010 ejus
473 1958 639 2008 solum,
663 1963 917 2008 antequam
939 1962 1223 2008 aegrotaret,
1243 1962 1341 1996 tam
1357 1963 1520 1997 sancte
1538 1963 1806 1997 anteactam
1827 1956 1992 2007 vitam,

353 2041 518 2070 verum
539 2035 584 2069 et
604 2028 790 2069 felicem
808 2029 1091 2080 beatumque
1113 2028 1290 2068 exitum
1312 2028 1616 2068 admiramur.

432 2100 567 2142 Alter
587 2101 698 2141 item
719 2100 885 2151 frater,
911 2100 985 2140 cui
1007 2100 1214 2140 Antonio
1236 2099 1427 2151 Bragae
1448 2111 1619 2140 nomen
1641 2106 1764 2151 erat,
1787 2101 1993 2152 superio-

352 2173 481 2213 ribus
502 2172 666 2212 diebus
687 2172 814 2211 obiit.
847 2171 954 2222 Cui,
979 2172 1067 2211 etsi
1093 2171 1246 2211 adhuc
1274 2171 1478 2223 primum
1505 2171 1796 2223 probationis
1821 2183 1995 2212 annum

351 2255 446 2284 non
466 2244 764 2295 impleverat,
787 2249 855 2282 tot
876 2248 1034 2282 tamen
1055 2248 1280 2294 tantaque
1300 2242 1531 2282 Dominus
1548 2242 1732 2294 gratiae
1751 2254 1864 2283 suae
1887 2254 1994 2283 con·

351 2316 523 2356 tulerat
545 2315 688 2364 dona,
712 2320 762 2354 ut
783 2325 869 2353 nos
900 2325 1063 2353 omnes
1090 2325 1185 2353 non
1212 2325 1382 2365 parum
1409 2313 1693 2353 aedificaret.
1723 2313 1813 2353 Hic
1844 2313 1991 2364 brevi,

350 2393 401 2427 ut
420 2386 627 2436 videtur,
650 2392 860 2436 tempore
880 2395 1028 2435 regno
1051 2385 1243 2424 coelesti
1271 2390 1429 2436 aptus,
1454 2391 1560 2435 post
1581 2395 1779 2435 gravem
1801 2396 1857 2424 ac
1874 2384 1989 2424 satis

351 2458 623 2498 diuturnum
644 2456 862 2496 morbum
884 2468 907 2495 e
928 2455 1028 2495 vita
1051 2455 1285 2495 discessit.

430 2528 596 2568 Frater
633 2527 874 2578 Antunez‚
906 2538 1012 2566 cum
1042 2533 1237 2578 propter
1272 2526 1517 2577 sanguinis
1553 2526 1847 2577 effusionem,
1884 2538 1991 2566 cum

349 2600 467 2640 febri
489 2599 809 2651 conjunctam,
834 2597 1000 2649 majori
1020 2598 1068 2637 in
1089 2598 1188 2637 dies
1210 2598 1424 2649 corporis
1446 2598 1686 2638 debilitate
1709 2597 1987 2647 afficeretur,

350 2678 400 2711 ut
427 2671 537 2711 hinc
572 2670 663 2709 alio
700 2669 855 2720 aliquo
892 2668 1291 2708 transmitteretur
1327 2668 1638 2709 decreverunt
1670 2669 1858 2719 medici,
1895 2680 1990 2708 non

350 2743 419 2793 id,
443 2741 569 2794 quod
588 2741 635 2780 in
657 2740 862 2792 aliquam
883 2739 982 2791 ejus
1011 2739 1162 2779 bonae
1188 2739 1473 2780 valetudinis
1494 2751 1625 2792 spem
1645 2738 1882 2790 venirent,
1906 2739 1987 2779 sed

349 2813 474 2865 quod
494 2813 671 2852 nullum
697 2810 794 2862 jam
822 2815 1088 2861 superesset
1119 2809 1260 2861 (quod
1291 2810 1504 2850 adhiberi
1523 2811 1687 2862 possit)
1711 2810 1984 2850 remedium.

348 2885 430 2924 Est
464 2895 589 2924 nunc
624 2881 747 2934 apud
781 2880 1007 2922 Sanctum
1041 2880 1270 2932 Felicem,
1307 2881 1386 2921 ubi
1421 2893 1547 2931 eum,
1590 2882 1804 2933 corporis
1844 2887 1986 2921 exuta

348 2955 558 3006 sarcina,
584 2954 644 2994 ad
664 2953 918 2994 Dominum
940 2952 1173 2992 credimus
1194 2953 1524 3003 migraturum.
1549 2952 1674 2994 Satis
1695 2964 1809 2993 vero
1830 2952 1982 3001 facile,

347 3027 422 3065 vel
455 3026 542 3065 hoc
583 3024 683 3076 ejus
717 3023 1026 3075 aegritudinis
1060 3029 1291 3075 tempore,
1331 3029 1505 3075 quanta
1542 3019 1690 3075 ipsius
1723 3023 1983 3064 ministerio
