2168 3437
310 283 382 321 318
822 281 1049 318 LITTERAE
1075 291 1434 324 QUADRIMESTRES

311 379 559 431 primarios
580 378 707 417 viros
729 377 909 428 oppidi,
942 389 1036 417 non
1059 377 1224 428 procul
1250 377 1493 428 distantis,
1526 387 1723 428 quorum
1756 375 1950 415 inimici—

312 450 400 489 tias
426 450 503 489 via
526 449 731 488 humana
752 447 906 488 sedari
928 459 1066 499 posse
1088 447 1386 499 desperatum
1408 453 1522 498 erat,
1543 447 1625 487 sed
1640 446 1800 486 divino
1818 446 1948 486 auxi-

310 521 371 560 lio
393 520 524 559 brevi
546 519 832 570 compositae
852 518 995 558 fuere.
1020 517 1137 558 Sunt
1158 517 1425 569 frequentes
1447 517 1765 557 confessiones
1939 515 1948 534 ¹

311 597 541 641 tempore,
575 589 698 641 quod
730 590 925 629 multum
955 595 1025 629 est
1058 589 1106 628 in
1134 589 1224 629 hoc
1254 589 1366 638 situ,
1397 589 1445 628 in
1474 600 1564 639 quo
1594 587 1802 639 plerique
1843 593 1950 627 sunt

312 661 599 712 pauperrimi
629 660 885 711 agricolae,
923 661 1093 712 quique
1125 672 1219 700 non
1248 671 1416 711 parum
1445 659 1624 699 faciunt
1658 659 1698 698 si
1732 659 1819 699 sibi
1848 670 1952 710 pro-

310 732 532 784 priaeque
552 730 755 771 familiae
776 731 955 771 victum
982 736 1271 783 comparant.
1303 730 1480 782 Quibus
1509 741 1584 770 res
1611 729 1856 770 familiaris
1889 735 1952 769 te-

309 804 415 843 nuis
436 808 522 853 est,
556 802 669 843 fiunt
700 815 726 842 a
747 803 882 842 nobis
903 804 1229 854 eleemosynae
1249 801 1538 853 frequenter,
1564 801 1768 841 maxime
1790 812 1951 852 aegro-

310 874 387 923 tis,
419 885 535 925 quos
561 873 769 913 invisunt
795 873 989 914 subinde
1016 873 1206 924 fratres,
1238 884 1411 923 eosque
1447 863 1695 912 hortantur
1722 877 1773 912 ut
1802 882 1952 922 aequo

311 945 466 985 animo
488 944 641 984 ferant
666 945 957 996 paupertatis
986 944 1284 984 incommoda
1313 943 1596 995 doloresque
1624 942 1948 994 aegritudinis.

310 1016 443 1056 Multi
462 1028 519 1056 ex
535 1016 650 1056 locis
666 1016 835 1056 vicinis
850 1016 983 1067 pueri
1000 1022 1044 1056 et
1062 1016 1385 1056 adolescentes
1401 1015 1492 1055 huc
1522 1014 1774 1055 discendae
1797 1025 1950 1064 gram-

309 1088 510 1127 maticae
531 1098 677 1127 causa
698 1098 747 1126 se
769 1086 1027 1137 conferunt,
1049 1086 1215 1138 quibus
1236 1084 1502 1126 erudiendis
1523 1091 1620 1125 tam
1640 1085 1787 1125 literis
1808 1096 1951 1136 quam

308 1158 443 1198 bonis
465 1158 672 1198 moribus
695 1157 881 1198 cuidam
902 1169 959 1197 ex
980 1157 1153 1197 nostris
1175 1168 1288 1197 cura
1309 1156 1482 1196 tradita
1504 1162 1588 1196 est.
1611 1156 1683 1196 Ex
1703 1155 1801 1205 his,
1833 1155 1951 1195 ordi-

309 1240 391 1280 ne,
435 1234 602 1269 octavo
638 1240 821 1281 quoque
860 1228 932 1268 die
966 1228 1109 1279 aliqui
1139 1227 1432 1278 confitentur,
1471 1239 1563 1278 quo
1598 1232 1837 1278 tempore,
1875 1227 1954 1277 qui

311 1300 466 1340 idonei
484 1299 764 1349 iudicantur,
788 1305 976 1339 sumunt
996 1299 1357 1339 Eucharistiam.
1382 1298 1467 1338 His
1493 1298 1634 1338 etiam
1660 1309 1764 1338 mos
1791 1303 1882 1348 est,
1913 1298 1952 1337 si

311 1371 498 1423 quando
520 1371 722 1423 aliquem
742 1371 973 1410 iurantem
994 1369 1257 1420 offendunt,
1286 1369 1420 1409 flexis
1450 1369 1647 1420 genibus
1677 1368 1863 1420 precari
1893 1380 1952 1408 ne

309 1442 355 1483 id
375 1442 534 1482 faciat:
558 1442 725 1494 quibus
746 1441 1158 1482 exercitationibus
1180 1447 1398 1492 parentes
1418 1440 1612 1480 nimium
1636 1440 1944 1480 oblectantur.

310 1514 383 1554 Ex
403 1525 492 1565 quo
513 1513 562 1553 fit
582 1519 632 1553 ut
651 1513 697 1553 in
726 1513 825 1553 dies
853 1519 1036 1552 crescat
1063 1513 1341 1552 discentium
1372 1523 1610 1552 numerus.
1642 1511 1761 1551 Tum
1789 1510 1945 1561 etiam,

310 1591 496 1637 praeter
518 1585 770 1625 conciones
789 1585 838 1624 in
868 1584 1229 1636 quadragesima
1255 1583 1466 1634 habitaS,
1497 1581 1742 1623 audiendis
1773 1580 1952 1622 confes-

312 1656 520 1697 sionibus
540 1656 848 1707 iuvandisque
869 1655 1087 1707 parochis
1105 1655 1219 1695 satis
1241 1655 1601 1706 occupationum
1623 1653 1945 1694 sustinuimus.

312 1728 384 1768 Ex
404 1728 569 1779 quibus
591 1727 805 1767 omnibus
825 1728 926 1766 laus
947 1732 991 1766 et
1011 1727 1164 1777 gloria
1185 1726 1372 1766 divinae
1394 1725 1593 1765 bonitati
1614 1724 1895 1774 referantur,
1922 1735 1953 1763 a

313 1810 405 1850 qua
427 1810 562 1838 omne
582 1798 758 1838 bonum
778 1797 1102 1848 proficiscitur.
1127 1796 1257 1836 Haec
1278 1797 1520 1836 hactenus.
1544 1795 1595 1835 In
1623 1794 1949 1835 benedictione

315 1869 650 1921 sacrificiisque
678 1868 731 1908 R.
763 1868 813 1908 Ρ.
842 1874 950 1908 tuae
975 1879 1061 1908 nos
1091 1868 1138 1908 in
1164 1867 1367 1908 Domino
1396 1865 1780 1907 commendamus
1813 1866 1951 1905 vehe-

315 1945 511 1980 menter.

395 2011 684 2051 Duodecimo
708 2010 805 2050 Cal.
830 2010 948 2050 Iunii
973 2010 1088 2049 1553.

396 2083 620 2133 Indignus
641 2087 685 2121 et
706 2082 924 2121 minimus
945 2080 1144 2120 filiorum
1164 2112 1172 2130 ,

1411 2221 1728 2261 MAXIMIANUS.

397 2437 749 2489 Superscriptz’o
771 2437 819 2476 z'n
840 2437 993 2476 altera
1004 2435 1126 2486 folii
1146 2435 1358 2486 pagina:
1386 2437 1413 2482 †
1438 2434 1499 2475 Al
1526 2435 1620 2474 mui
1649 2433 1750 2474 R.d0
1783 2445 1841 2473 en
1868 2432 1952 2473 X.⁰

317 2510 462 2562 padre
484 2510 525 2549 el
544 2510 689 2561 padre
710 2515 900 2549 nuestro
922 2508 1100 2558 ignatio
1121 2507 1356 2558 preposito
1383 2507 1576 2558 general
1603 2506 1659 2546 de
1689 2506 1735 2545 la
1764 2516 1949 2556 compa-

318 2582 397 2621 nia
418 2581 474 2621 de
496 2581 634 2621 iesus.

397 2652 462 2692 2²²
483 2652 575 2702 via,
600 2651 655 2692 de
675 2651 701 2690 4
720 2662 887 2691 meses.

399 2722 509 2762 Alia
530 2733 698 2762 mama:
723 2722 836 2772 1553,
862 2721 917 2761 de
939 2721 1125 2772 Giugno
1147 2719 1270 2771 (sic).
1294 2719 1442 2770 Quad.
1468 2719 1567 2759 sine
1588 2719 1691 2759 loco
1719 2716 1748 2758 2.

374 2859 384 2878 ¹
424 2859 639 2885 desideratur
654 2865 755 2885 unum
770 2858 960 2884 alterumve
976 2856 1192 2884 vocabulum.

373 2905 386 2924 2
423 2905 514 2932 Nulli
531 2910 644 2932 tamen
660 2912 732 2932 csse
753 2904 890 2932 dubium
910 2907 1033 2938 potest,
1056 2902 1193 2930 litteras
1208 2902 1345 2937 legenti,
1368 2903 1469 2929 datas
1487 2909 1544 2929 eas
1564 2908 1638 2927 esse
1662 2901 1697 2927 z'n
1714 2899 1775 2926 hoc
1791 2898 1957 2926 coenobio-

321 2951 445 2979 Sancti
460 2952 601 2980 Felicis.
