2168 3437
860 258 944 295 AN.
975 258 1068 296 1553
1715 256 1788 293 245

231 355 293 395 In
333 355 476 396 tertia
508 354 722 406 pagina,
761 365 878 405 quae
922 352 1135 404 alioquin
1175 351 1328 392 nitida
1367 354 1467 391 tota
1507 354 1601 401 est,
1638 362 1785 390 mauu

148 427 209 466 P.
232 425 443 478 soanm's
465 425 687 477 Philippi
714 425 840 465 Vito:
855 424 1079 464 Mandata
1103 436 1130 463 a
1150 423 1390 474 Portugal.

228 496 582 548 Saperscriptio
606 496 654 536 in
680 500 853 548 quarta
876 495 1084 547 pagina:
1100 496 1127 541 †
1142 494 1202 534 Al
1218 495 1360 534 molto
1378 493 1479 533 R.d0
1495 505 1594 533 nro.
1613 492 1715 533 Pre.
1737 493 1786 532 in

145 569 328 621 Jesux.0
346 568 461 608 11P.e
482 580 542 608 m.
558 567 740 619 Ignatio
754 567 799 606 di
811 567 1007 618 Loyola,
1026 565 1269 617 preposito
1285 566 1439 616 gnale.
1458 565 1578 605 della
1596 564 1786 615 Comp.²

148 640 194 680 di
214 640 338 693 Jesu.

229 711 320 751 Est
341 714 385 751 et
405 711 517 750 llaec
537 708 880 761 superscriptio
902 708 1075 748 iterum
1095 707 1144 746 in
1166 710 1383 747 extrema
1412 707 1624 758 ejusdem
1644 707 1787 758 pagi-

149 794 238 822 nae
249 785 410 833 parte,
431 793 566 833 quae,
581 784 695 832 post
711 780 893 831 plicata
902 778 1061 830 juxta
1084 789 1261 818 morem
1273 777 1421 829 folia,
1438 778 1789 829 supereminere

148 838 362 903 debebat,
393 851 609 903 repetita,
639 855 682 891 et
711 855 820 891 ante
850 850 985 890 illam
1014 850 1126 889 llaec
1152 849 1317 889 addita
1354 849 1522 889 verba:
1550 849 1610 889 Al
1644 850 1788 889 molto

150 924 254 965 R.d0
274 935 376 964 nro.
399 923 473 963 Ρ.Ε

231 995 343 1036 Alia
363 1005 533 1034 mann:
554 993 608 1033 R.
632 992 845 1045 Neapoli.

232 1067 295 1106 Et
304 1071 456 1117 prope
473 1064 758 1115 marginem.
783 1064 896 1104 1553.
916 1062 1099 1115 Napoli,
1117 1061 1470 1113 Quadrimestre
1488 1062 1560 1102 del
1576 1062 1785 1113 Mag-gio.

233 1137 287 1189 Q.
313 1137 358 1178 S.

875 1562 1074 1618 CCXV

224 1792 500 1837 Benedictus,
522 1793 792 1839 catalaunus,

270 1857 390 1894 Patri
409 1857 579 1905 Ignatio
600 1857 652 1894 de
672 1858 855 1904 Loyola.

320 1922 595 1968 Vallisoleto,
619 1924 634 1959 1
656 1922 761 1970 Maji
782 1922 874 1959 1553
894 1922 918 1958 ¹.

233 2343 502 2385 Admodum
523 2345 577 2385 R.
600 2344 650 2385 Ρ.
674 2344 723 2385 in
742 2344 863 2396 Xpo.
888 2344 1010 2384 Dno.

231 2416 396 2456 Gratia
417 2421 463 2456 et
489 2416 752 2456 benedictio
786 2415 976 2456 Domini
1003 2414 1270 2455 mansiones
1296 2413 1440 2454 faeiat
1466 2413 1512 2453 in
1541 2413 1787 2453 animabus

149 2487 339 2528 nostris.
363 2487 530 2527 Amen.

229 2558 317 2599 Per
336 2559 512 2608 literas,
535 2569 653 2609 quas
674 2557 992 2609 superioribus
1012 2556 1250 2597 mensibus
1279 2556 1339 2596 ad
1359 2561 1404 2596 te
1426 2555 1658 2606 dedimus,
1683 2567 1784 2595 eer-

148 2630 240 2671 tior
259 2630 412 2670 faetus
433 2641 482 2670 es
504 2629 560 2669 de
580 2628 764 2669 infirma
784 2628 833 2669 P.
858 2629 1007 2669 nostri
1027 2628 1253 2678 Gonealis
1270 2627 1283 2646 ²
1300 2627 1582 2667 valetudine:
1603 2626 1658 2666 de
1675 2637 1782 2678 qua,

147 2701 339 2741 Domini
358 2700 597 2751 beneficio,
620 2712 715 2740 non
736 2700 924 2740 omnino
945 2700 1060 2740 liber
1081 2700 1246 2750 evasit,
1277 2711 1332 2739 ac
1362 2697 1556 2739 subinde
1581 2709 1668 2738 nec
1697 2709 1784 2738 suo

147 2771 379 2812 desiderio
400 2777 555 2824 potest
574 2771 730 2811 faeere
751 2771 879 2821 satis,
904 2770 1261 2822 impedientibus
1283 2770 1424 2810 etiam
1450 2769 1496 2809 id
1517 2780 1657 2820 quam
1685 2769 1780 2820 plu-

203 2978 213 2998 ¹
253 2979 518 3014 Autographae,
540 2979 664 3013 duplici
689 2978 779 3012 folio,
801 2986 831 3005 n.
856 2978 1009 3006 388.-De
1033 2979 1156 3006 harum
1177 2978 1373 3004 litterarum
1397 2980 1537 3003 auctore
1563 2978 1699 3004 consule
1721 2977 1788 3005 Po-

148 3033 264 3058 mmco,
281 3026 485 3061 chronicon,
500 3031 524 3054 t.
540 3034 590 3059 111,
606 3034 684 3061 pag.
699 3026 762 3059 316,
778 3034 809 3053 n.
829 3026 893 3053 716.

201 3074 215 3092 ‘-'
252 3073 288 3101 P.
301 3073 448 3107 Joannes
463 3074 642 3108 Gonzalez,
659 3073 931 3100 Vallisoletanae
948 3073 1058 3100 domui
1073 3073 1278 3107 praefectus.
