2168 3437
881 264 961 301 AN.
993 264 1085 301 1553
1731 260 1799 296 272>

169 592 452 620 Praecedentium
474 590 649 618 Francisci
665 590 799 618 Bordon
820 590 1015 616 litterarum
1030 588 1221 621 exemplum
1242 593 1261 613 a
1285 585 1320 612 P.
1337 585 1483 612 Polanco
1506 585 1762 613 emendatarum
1778 586 1800 608 ¹-

254 787 419 828 Gratia
441 792 485 826 et
505 798 613 838 pax,
638 792 725 826 etc.

246 857 450 908 Tempus
468 857 561 897 iam
575 857 723 908 exigit
738 864 786 897 ut
803 857 898 907 tibi,
914 868 1141 908 perquam
1155 856 1446 897 observande
1465 857 1553 907 Rs,
1575 857 1804 896 rationem

171 929 420 969 reddamus
437 940 613 979 eorum,
633 939 751 979 quae
768 927 996 968 Dominus
1013 928 1140 968 Deus
1158 928 1204 967 in
1225 928 1314 967 hoc
1332 928 1539 979 Collegio
1559 927 1805 991 Societatis

166 999 333 1050 effecit,
357 999 555 1039 fratrum
578 1005 621 1039 et
642 998 835 1039 Patrum
852 999 1123 1039 ministerio.
1143 998 1228 1038 His
1253 999 1393 1049 igitur
1420 999 1564 1038 literis
1586 998 1804 1050 perstrin-

165 1082 280 1122 gam
300 1078 398 1112 tum
420 1082 538 1122 quae
559 1071 615 1110 de
636 1071 878 1111 literarum
900 1070 1087 1120 studiis,
1116 1077 1215 1110 tum
1243 1082 1362 1121 quae
1398 1069 1454 1109 de
1483 1069 1723 1119 religionis
1750 1080 1805 1108 ac

171 1142 358 1194 pietatis
381 1142 543 1182 officiis
565 1148 828 1183 occurrent.

250 1212 482 1253 Numerus
505 1213 819 1254 studiosorum
841 1213 887 1253 in
909 1213 1007 1253 dies
1029 1213 1197 1252 crescit
1229 1213 1294 1262 (ut
1316 1212 1423 1251 hinc
1445 1211 1625 1250 initium
1656 1222 1805 1250 suma-

174 1286 292 1332 mus)
317 1296 373 1324 ac
394 1285 425 1324 ii
445 1285 647 1335 quidem,
671 1285 749 1336 qui
769 1284 947 1324 assidui
969 1285 1015 1324 in
1042 1291 1254 1324 nostrum
1282 1283 1532 1333 collegium
1559 1281 1804 1337 ventitant,

171 1361 277 1395 sunt
299 1362 483 1395 centum
505 1356 866 1407 quinquaginta,
897 1356 1110 1407 plurimis
1141 1355 1327 1395 omissis
1356 1354 1449 1406 qui,
1474 1353 1655 1393 infirma
1686 1353 1807 1391 vale-

171 1426 329 1466 tudine
350 1426 572 1477 impediti,
590 1438 683 1466 non
704 1427 912 1466 veniunt.
931 1426 1002 1466 Ac
1024 1426 1071 1466 in
1092 1426 1324 1466 universis
1345 1425 1528 1477 quidem
1548 1423 1809 1464 laudandus

171 1504 244 1538 est
265 1497 496 1537 Dominus
518 1497 641 1548 quod
664 1497 780 1537 adeo
802 1510 828 1537 a
855 1498 1052 1549 pristina
1078 1497 1270 1537 vivendi
1300 1496 1482 1536 ratione
1511 1494 1805 1543 recesserint,

178 1575 228 1609 ut
263 1568 320 1608 ab
355 1568 411 1608 iis
444 1580 595 1620 neque
634 1569 947 1608 iuramentum
967 1601 974 1619 ‚
1013 1580 1100 1608 nec
1133 1568 1431 1608 maledictum
1451 1599 1459 1617 ,
1494 1578 1580 1606 nec
1614 1566 1810 1605 verbum

179 1646 314 1691 turpe
345 1639 627 1691 proferatur,
651 1652 744 1679 non
766 1640 920 1680 minus
941 1652 995 1680 ac
1018 1640 1056 1679 si
1082 1640 1154 1679 his
1174 1650 1414 1691 nunquam
1440 1637 1573 1678 abusi
1598 1636 1807 1676 fuissent.

179 1711 251 1751 Ex
298 1710 370 1751 his
418 1710 696 1761 grandiores
742 1718 854 1751 natu
897 1717 1093 1762 peccata
1138 1710 1415 1751 confitentur
1463 1714 1508 1749 et
1558 1708 1616 1748 ad
1655 1707 1811 1747 Domi·

176 1782 333 1822 nicam
355 1782 583 1822 accedunt
601 1794 826 1822 mensam.
846 1781 1221 1833 Quadragesima
1238 1781 1453 1833 proxima
1473 1780 1520 1819 in
1537 1780 1635 1819 eius
1652 1778 1810 1818 statim

174 1853 420 1904 principio,
458 1865 563 1893 cum
593 1853 731 1893 Pater
766 1853 1096 1893 adhortaretur
1131 1854 1190 1893 ad
1224 1852 1461 1902 ieiunium,
1496 1862 1555 1890 ex
1589 1849 1810 1890 studiosis

176 1924 381 1976 quidam,
406 1925 621 1976 quamvis
643 1930 796 1964 aetate
818 1924 877 1964 ad
897 1924 986 1964 hoc
1012 1924 1202 1964 minime
1228 1929 1517 1971 tenerentur,
1549 1926 1812 1961 statuerunt

175 2000 323 2035 totum
345 1995 457 2035 illud
478 2001 692 2035 sanctum
714 2002 896 2047 tempus
918 1995 1101 2035 ieiuniis
1123 1995 1391 2044 traducere,
1417 1992 1539 2045 quod
1561 1999 1686 2032 certe
1707 2002 1811 2031 con-

174 2072 354 2106 stanter
376 2067 725 2117 praestiterunt:
750 2066 829 2106 alii
850 2072 946 2106 tres
969 2066 1066 2106 dies
1088 2066 1135 2106 in
1156 2065 1472 2115 hebdomada,
1496 2064 1575 2103 alii
1596 2063 1717 2103 diem
1738 2074 1814 2102 ve—

177 2137 302 2177 neris
318 2137 501 2177 ieiuniis
519 2137 759 2177 dederunt.
781 2137 987 2188 Parvuli,
1008 2137 1085 2189 qui
1106 2142 1213 2177 sunt
1235 2136 1369 2188 quasi
1386 2136 1674 2185 innocentes,
1694 2144 1812 2173 sum-

180 2218 369 2258 mopere
391 2208 624 2248 ducuntur
645 2207 954 2259 confessione,
980 2220 1126 2260 eaque
1149 2208 1265 2248 adeo
1289 2206 1566 2257 afficiuntur,
1597 2211 1646 2245 ut
1667 2205 1706 2244 si
1735 2215 1813 2244 no-

176 2278 261 2318 stri
287 2290 381 2318 non
409 2279 708 2329 gravioribus
744 2279 1076 2319 distinerentur
1096 2278 1313 2330 negotiis,
1353 2277 1693 2318 confessionem
1728 2274 1813 2315 fre-

180 2350 449 2400 quentaturi
469 2357 625 2390 essent
643 2350 702 2390 ad
718 2362 879 2390 eorum
896 2351 1154 2390 arbitrium.
1174 2350 1250 2390 Ad
1264 2349 1381 2389 haec
1400 2348 1585 2400 quidem
1600 2347 1712 2387 illud
1728 2357 1815 2386 nos

180 2431 286 2459 cum
307 2419 616 2460 admiratione
638 2421 838 2461 delectat
860 2421 984 2472 quod
1004 2427 1100 2461 tam
1121 2421 1255 2460 brevi
1275 2426 1484 2471 tempore
1502 2429 1675 2469 magna
1693 2418 1813 2457 avel-

178 2492 334 2530 lantur
351 2491 481 2541 vitia,
501 2497 661 2542 turpes
677 2493 908 2543 pellantur
926 2503 1094 2542 mores,
1115 2492 1282 2544 quibus
1298 2502 1476 2531 summe
1490 2489 1648 2529 infecti
1663 2494 1811 2537 erant,

180 2573 236 2601 ac
254 2568 506 2601 cernantur
522 2561 687 2602 florere
705 2569 748 2602 et
764 2563 1032 2603 adolescere
1049 2569 1238 2603 tenerae
1254 2563 1441 2614 plantae
1458 2561 1699 2610 virtutum,
1719 2571 1811 2599 mo-

180 2632 357 2673 destiae
378 2644 514 2682 sane,
538 2633 834 2684 humilitatis,
862 2634 1085 2674 bonitatis
1113 2645 1168 2674 ac
1199 2633 1528 2673 continentiae.
1561 2630 1814 2671 Proficiunt

179 2704 389 2744 universi
416 2703 602 2756 quidem
632 2704 679 2744 in
705 2704 871 2755 literis,
904 2716 960 2744 ac
986 2705 1171 2745 illorum
1202 2705 1352 2756 prima
1380 2703 1546 2743 classis
1567 2707 1811 2742 exercetur

179 2774 514 2826 componendis
536 2775 825 2815 orationibus
840 2775 1010 2827 latinis,
1031 2787 1162 2828 quas,
1186 2775 1412 2815 memoria
1428 2773 1807 2825 comprehensas,

181 2845 342 2885 diebus
358 2845 487 2885 festis
504 2846 552 2886 in
567 2852 730 2885 nostro
748 2846 919 2897 templo
937 2857 1109 2897 magna
1127 2857 1233 2886 cum
1249 2845 1537 2885 audientium
1553 2845 1808 2895 voluptate,

180 2927 268 2955 nec
289 2916 389 2956 sine
409 2917 721 2957 aemulatione
744 2916 930 2967 quidem
951 2922 1251 2956 externorum
1267 2915 1598 2966 studiosorum,
1622 2914 1810 2954 habent.

237 3077 247 3096 ¹
288 3061 373 3104 sunt:
388 3078 598 3112 exemplaria
614 3078 704 3111 bina,
720 3083 823 3103 unum
836 3075 870 3102 in
884 3075 972 3102 foliis
985 3075 1021 3102 93
1035 3080 1068 3102 et
1079 3075 1121 3108 943
1137 3076 1282 3103 alterurn
1298 3075 1330 3102 in
1346 3075 1435 3102 foliis
1449 3075 1483 3102 97
1498 3079 1532 3102 et
1545 3075 1588 3102 98.
