2168 3437
401 305 472 342 598
913 304 1141 341 LITTERAE
1167 315 1526 347 QUADRIMESTRES

1034 756 1417 810 OOLXXXH

470 984 769 1032 Hieronymus
789 984 979 1031 Ripalda

517 1049 639 1087 Patri
658 1050 827 1097 Ignatio
848 1050 902 1088 de
920 1050 1106 1098 Loyola.

569 1115 792 1163 Valentia,
813 1116 860 1153 26
878 1116 1048 1163 Aprilis
1070 1116 1163 1153 1554
1182 1116 1207 1150 ¹.

1165 1325 1263 1378 Jhs.

478 1538 754 1578 Reverende
775 1539 822 1578 in
844 1538 1030 1579 Christo
1053 1537 1206 1579 Pater.

479 1609 580 1649 Pax
601 1609 790 1659 Christi,
816 1615 904 1650 etc.

478 1680 705 1731 Quamvis
743 1693 802 1721 ex
836 1681 1155 1732 superioribus
1191 1682 1422 1732 epistolis,
1461 1693 1579 1733 quae
1618 1682 1815 1733 singulis
1851 1693 2035 1733 quoque

398 1752 635 1792 mensibus
656 1752 764 1792 hinc
785 1751 984 1792 Romam
1003 1751 1317 1804 perferuntur,
1342 1754 1486 1792 multa
1508 1753 1709 1803 sparsim
1731 1753 2034 1803 intellexeris,

399 1835 519 1874 quae
553 1823 642 1863 hoc
677 1823 891 1875 proximo
919 1824 1253 1875 quadrimestri
1281 1829 1523 1864 transacta
1558 1830 1679 1864 sunt:
1717 1824 1852 1864 Nunc
1884 1829 2041 1864 autem

399 1894 563 1934 eadem
585 1900 850 1946 repetemus
871 1901 929 1943 et,
954 1895 993 1934 si
1016 1907 1135 1946 quae
1156 1900 1319 1947 postea
1344 1895 1648 1947 contigerint,
1674 1895 1732 1935 ad
1755 1896 1845 1935 duo
1866 1895 2042 1935 brevis-

398 1965 517 2005 sima
540 1966 696 2016 capita
717 1966 1047 2006 revocabimus
1068 1972 1117 2006 ut
1137 1967 1432 2018 praescripto
1452 1966 1546 2007 iam
1562 1967 1765 2018 tempori
1795 1967 1972 2019 pariter
1995 1972 2039 2006 et

399 2036 691 2077 obedientiae
714 2037 821 2088 (qua
842 2037 1013 2089 poterit
1034 2037 1281 2088 brevitate)
1305 2037 1690 2078 obsecundemus.
1710 2038 1896 2078 Initium
1914 2038 2040 2078 enim

399 2110 456 2149 ab
478 2110 550 2150 his
578 2109 857 2149 sumendum
883 2120 986 2149 esse
1015 2109 1149 2160 duxi,
1180 2121 1298 2160 quae
1325 2109 1477 2160 magis
1503 2108 1723 2149 videntur
1751 2110 1811 2150 ad
1838 2109 2043 2161 proximi

400 2181 680 2222 charitatem
696 2181 936 2220 accedere.
956 2179 1125 2220 Postea
1142 2192 1256 2220 vero
1273 2180 1329 2220 de
1347 2180 1616 2221 domesticis
1634 2181 1799 2221 studiis
1816 2181 2039 2221 nonnulla

398 2252 695 2304 subjungam.

477 2324 589 2364 Post
611 2330 831 2364 exactum
851 2330 1034 2375 tempus
1053 2335 1143 2376 quo
1162 2322 1327 2364 Patres
1344 2324 1390 2363 in
1409 2324 1780 2364 confessionibus
1797 2323 2042 2364 audiendis

398 2396 605 2448 quotidie
627 2396 913 2446 detinentur,
938 2395 1061 2446 quod
1081 2401 1317 2446 superest,
1348 2395 1396 2435 in
1423 2396 1619 2436 visendo
1648 2407 1854 2443 carcere,
1887 2394 2039 2446 hospi—

398 2468 490 2507 tale
513 2473 652 2519 atque
674 2467 777 2507 aliis
799 2466 844 2507 id
866 2478 1015 2517 genus
1036 2467 1124 2518 piis
1146 2467 1276 2517 locis,
1296 2467 1374 2517 qui
1391 2467 1538 2507 variis
1558 2467 1919 2507 necessitatibus
1939 2478 2040 2518 pre-

398 2545 601 2589 muntur,
629 2538 934 2589 consumitur,
959 2538 1016 2578 ab
1045 2538 1118 2578 his
1140 2537 1418 2589 praesertim
1445 2538 1678 2589 patribUS,
1712 2539 1790 2590 qui
1817 2538 1910 2578 iam
1939 2549 2041 2578 suo-

400 2623 501 2651 rum
524 2610 786 2651 studiorum
809 2611 1092 2650 curriculum
1113 2610 1416 2650 absolverunt

478 2683 548 2722 Ex
580 2682 651 2722 his
679 2682 893 2722 omnibus
922 2693 1063 2733 quam
1090 2681 1352 2721 uberrimus
1385 2681 1566 2721 fructus
1598 2681 1845 2731 colligatur
1875 2681 2041 2732 paucis

399 2754 626 2805 intelliget
647 2753 696 2794 P.
720 2754 772 2793 T.
805 2752 1027 2793 Proximo
1050 2764 1208 2792 mense
1231 2764 1339 2792 cum
1358 2753 1628 2793 Valentiam
1653 2751 1909 2803 jubilaeum
1940 2763 2042 2803 per-

398 2826 596 2875 veniret,
622 2824 813 2876 quidam
841 2837 899 2864 ex
926 2824 1137 2876 patribus
1164 2830 1271 2875 post
1300 2824 1470 2863 multas
1501 2823 1822 2863 confessiones
1855 2822 2041 2862 auditas

398 2897 461 2946 (et
483 2909 564 2936 cas
584 2908 677 2936 non
698 2895 913 2946 infimas),
939 2901 1127 2946 arrepto
1154 2895 1306 2946 capite
1329 2894 1592 2945 cadaveris,
1617 2894 1664 2934 in
1684 2894 1836 2933 forum
1865 2905 1914 2933 se
1935 2905 2040 2933 con-

399 2968 518 3017 tulit;
544 2979 742 3019 cumque
763 2967 918 3006 locum
940 2965 1115 3006 editum
1140 2965 1511 3015 conscendisset,
1535 2965 1754 3004 maximis
1776 2975 1831 3004 ac
1861 2964 2041 3004 severis

455 3122 464 3142 ¹
504 3122 752 3156 Autographae
768 3121 802 3149 in
817 3121 895 3149 solio
911 3121 1034 3155 duplici
1050 3128 1080 3147 n.
1095 3120 1156 3147 367.
