2168 3437
402 305 474 342 548
920 302 1149 340 LITTERAE
1176 314 1537 347 QUADmMESTREs

405 402 528 441 vinis
556 406 601 440 et
627 400 917 440 orationibus
947 399 1077 440 Patri
1103 406 1266 440 nostro
1297 400 1511 452 tradidit,
1543 407 1588 442 et
1614 402 1760 443 voluit
1781 404 1997 445 eumdem
2017 417 2044 445 a

403 470 543 512 Patre
574 471 761 511 incitari
781 476 825 511 et
846 470 1078 511 stimulari
1097 470 1157 511 ad
1176 471 1400 512 Virtutem
1421 478 1465 512 et
1486 472 1708 513 honestas
1726 474 1950 515 actiones.
1970 475 2042 516 Fi-

402 544 489 584 lius
506 555 662 595 porro,
682 543 929 594 praeclaro
946 548 991 582 et
1007 543 1253 583 excellenti
1269 543 1474 595 ingenio,
1494 543 1678 585 ducitur
1696 545 1833 586 rebus
1850 546 2045 598 divinis„

403 626 599 667 corpore
620 614 797 666 pariter
819 621 863 655 et
885 614 1042 654 animo
1063 614 1211 654 tendit
1233 614 1292 655 ad
1319 614 1574 656 Dominum
1601 616 1649 656 in
1675 617 2040 668 precationibus,

400 693 444 727 et
465 686 598 727 flexis
620 686 818 737 genibus
840 697 947 727 cum
964 685 1105 726 Patre
1125 686 1282 737 plures
1302 685 1445 727 horas
1466 686 1691 738 impendit
1712 689 1929 739 orationi,
1953 688 2043 730 Pa-

399 764 518 798 trem
556 763 823 808 reveretur,
866 755 965 808 ejus
1000 757 1208 797 consiliis
1248 763 1293 798 et
1334 757 1731 799 admonitionibus
1766 760 2039 812 acquiescit,

398 829 612 870 omnibus
632 829 772 869 rebus
794 828 993 879 agendis
1014 828 1305 879 singularem
1326 828 1516 869 adhibet
1535 829 1883 881 simplicitatem
1898 838 1943 872 et
1959 843 2041 883 pu-

397 901 584 941 ritatem
606 910 844 951 magnam;
868 899 1068 952 denique
1097 899 1169 940 sui
1195 900 1403 940 concitat
1430 901 1828 952 expectationem,
1862 903 1902 942 si
1934 914 2040 943 eum

395 972 484 1012 Dei
517 972 786 1023 benignitas
817 971 864 1011 in
893 976 1025 1011 tanta
1055 976 1100 1011 et
1130 971 1404 1022 opinionum
1437 977 1481 1011 et
1512 983 1694 1012 morum
1723 974 2037 1024 perversitate

396 1043 625 1084 sustineat
646 1055 702 1083 ac
723 1048 912 1082 tueatur
935 1041 963 1082 ¹.

474 1115 615 1155 Pater
635 1113 649 1132 ²
668 1114 884 1154 omnibus
904 1113 1085 1153 feriatis
1107 1113 1268 1153 diebus
1290 1113 1337 1153 in
1356 1113 1530 1165 templo
1548 1114 1876 1166 concionatur,
1899 1115 2038 1168 idque

394 1198 508 1227 vero
538 1191 582 1226 et
610 1186 776 1225 salutis
806 1184 1104 1225 Christianae
1133 1184 1270 1224 unice
1301 1183 1510 1225 studioso
1541 1185 1708 1236 spiritu
1739 1185 1901 1236 efficit,
1933 1197 2036 1237 gre—

392 1268 593 1309 gemque
614 1256 818 1297 Domino
838 1262 1028 1307 partum
1049 1267 1166 1295 sana
1188 1261 1232 1296 et
1253 1254 1494 1296 fructuosa
1515 1256 1666 1307 pascit
1687 1256 1919 1308 doctrina,
1944 1269 2034 1310 qua

392 1329 578 1385 quidem
599 1329 646 1368 in
668 1340 717 1368 re
739 1333 930 1378 superat
951 1327 1159 1367 omnium
1186 1327 1585 1378 expectationem;
1620 1327 1737 1368 adeo
1764 1334 1834 1368 est
1864 1329 2035 1370 disten-

390 1407 465 1441 tus
486 1401 626 1441 rebus
648 1399 833 1450 collegii
863 1405 906 1439 et
928 1398 1131 1450 negotiis
1153 1398 1433 1439 animarum.
1459 1397 1590 1449 Quae
1618 1399 1774 1439 omnia
1806 1406 2032 1451 quantum

388 1472 565 1523 negotii
585 1471 824 1511 facessant
846 1470 1165 1510 studiosorum
1189 1470 1359 1510 animis
1379 1470 1504 1510 nosti
1524 1471 1623 1522 ipse
1645 1471 1831 1523 optime.

467 1543 715 1595 Reliquum
733 1548 816 1593 est,
841 1541 914 1582 P.r
939 1574 947 1593 ,
970 1547 1021 1582 ut
1037 1541 1201 1593 paucis
1214 1540 1475 1592 juventutis
1491 1541 1830 1582 institutionem
1847 1543 2029 1594 audias,

388 1628 530 1669 quam
551 1622 599 1655 tu
623 1615 829 1655 maxime
851 1613 911 1654 ad
932 1613 1121 1654 divinae
1143 1612 1404 1665 majestatis
1425 1614 1601 1653 cultum
1617 1602 1794 1654 erudiri
1811 1620 2024 1666 exoptas.

385 1687 436 1728 In
458 1687 530 1728 die
551 1686 670 1727 festo
691 1685 802 1726 Divi
823 1684 1040 1736 Remigii,
1064 1695 1195 1725 more
1216 1684 1504 1725 Academiae
1534 1684 1837 1735 Parisiensis,
1873 1685 2029 1737 singu-

384 1758 440 1798 lis
462 1758 598 1798 annis
619 1756 772 1797 studia
793 1761 1100 1796 renovantur.
1123 1755 1213 1796 Per
1233 1761 1385 1795 totum
1412 1766 1526 1807 ergo
1556 1755 1679 1796 diem
1705 1756 1893 1796 habitae
1923 1764 2032 1797 sunt

385 1831 559 1871 multae
581 1829 834 1877 orationes,
858 1828 1058 1868 recitata
1079 1827 1281 1879 plurima
1309 1832 1354 1867 et
1381 1827 1517 1867 varia
1546 1827 1779 1879 carmina3
1810 1827 2029 1868 interfue-

384 1908 492 1943 runt
514 1901 645 1941 multi
666 1900 810 1949 cives,
836 1899 975 1939 aulici
998 1898 1102 1949 viri,
1127 1897 1345 1938 doctores
1366 1905 1410 1938 et
1426 1898 1719 1950 professores
1735 1899 1924 1951 publici,
1945 1900 2025 1951 qui

383 1973 593 2025 profecto
615 1978 860 2023 tantopere
882 1970 1100 2011 delectati
1121 1976 1243 2020 sunt,
1266 1975 1364 2010 tum
1383 1981 1502 2010 Voce
1520 2002 1526 2020 ,
1551 1976 1650 2010 tum
1670 1977 1808 2021 gestu
1831 1977 1876 2011 et
1898 1972 2028 2011 vultu

383 2044 747 2085 declamantium
768 2042 1241 2092 adolescentulorum,
1266 2049 1316 2081 ut
1335 2042 1477 2081 talem
1499 2042 1735 2082 actionem
1763 2048 1808 2082 et
1830 2042 2028 2094 dignita-

384 2122 478 2156 tem
517 2115 564 2155 in
599 2113 797 2154 dicendo
833 2124 1073 2165 nunquam
1108 2124 1158 2152 se
1194 2099 1371 2152 vidisse
1408 2111 1683 2153 faterentur.
1725 2113 1874 2153 Erant
1913 2126 2027 2154 sane

388 2187 521 2239 pueri
541 2192 668 2226 recte
690 2184 908 2235 instituti,
932 2189 977 2224 et
1004 2183 1083 2235 qui
1102 2195 1187 2235 pro
1208 2188 1418 2235 tempore
1439 2194 1638 2234 magnos
1657 2183 1894 2225 habebant
1913 2185 1961 2225 in
1980 2185 2029 2225 li-

381 2258 495 2299 teris
515 2256 871 2298 humanioribus
892 2265 1191 2307 progressus.

460 2328 682 2370 Universi
702 2327 800 2368 fere
822 2326 1068 2376 amabant,
1102 2336 1239 2365 suum
1269 2325 1549 2376 magistrum
1576 2332 1620 2366 et
1653 2338 1817 2367 verum
1840 2327 2026 2368 animae

381 2406 649 2453 parentem,
688 2403 902 2438 nostrum
937 2396 1180 2437 Andream
1214 2396 1584 2447 Bononiensem,
1617 2397 1733 2438 adeo
1767 2404 1817 2438 ut
1842 2398 2023 2438 lubenti

381 2472 537 2512 animo
558 2470 671 2511 nudi
691 2469 869 2510 nudum
889 2466 1073 2518 sequuti
1093 2466 1290 2507 fuissent
1313 2465 1570 2508 Dominum
1586 2479 1693 2508 cum
1707 2474 2014 2520 praeceptore

379 2555 463 2584 suo
487 2542 770 2589 discedente,
795 2540 835 2580 si
854 2551 936 2591 per
958 2544 1180 2590 parentes
1201 2549 1480 2579 concessum
1501 2539 1573 2579 his
1595 2538 1774 2580 fuisset.

461 2613 688 2655 Omnibus
710 2622 824 2662 ergo
846 2609 1137 2660 authoribUS,
1161 2609 1238 2661 qui
1258 2609 1562 2661 praelegendi
1584 2616 1742 2661 erant,
1767 2609 2020 2651 declaratis

378 2692 423 2726 et
444 2684 726 2734 constitutis,
751 2694 836 2734 pro
857 2681 1038 2722 viribus
1060 2681 1302 2733 coepimus
1324 2692 1405 2721 eos
1422 2693 1646 2722 enarrare
1668 2687 1712 2722 et
1725 2680 2019 2733 juventutem

379 2756 438 2798 ad
457 2756 799 2797 humanitatem
820 2759 864 2794 et
886 2753 1107 2805 pietatem
1128 2751 1400 2792 informare.
1424 2752 1474 2792 In
1496 2752 1568 2792 his
1588 2752 1832 2793 literarum
1853 2753 2020 2793 studiis

377 2827 541 2868 eadem
562 2825 794 2866 industria
815 2824 1058 2875 hucusque
1079 2833 1240 2863 sumus
1260 2823 1516 2874 progressi.
1540 2822 1611 2863 Ac
1633 2829 1681 2863 ut
1703 2823 1923 2875 deinceps
1952 2823 2017 2864 fa-

376 2898 524 2939 ciliter
546 2896 906 2949 progrediamur
927 2906 984 2935 ac
1007 2893 1315 2935 christianam
1331 2893 1628 2946 juventutem
1650 2905 1677 2934 a
1707 2894 1836 2935 vitiis
1857 2906 2022 2934 arcea-

426 3034 438 3055 1
477 3034 571 3062 Haec
587 3034 699 3061 omnia
714 3033 820 3060 fusius
834 3031 1007 3066 explicata
1021 3030 1099 3057 vide
1114 3030 1148 3057 in
1162 3029 1322 3064 PoLAch,
1340 3030 1517 3064 Chronico,
1544 3036 1567 3058 t.
1594 3038 1645 3066 ΠΙ,
1667 3038 1746 3066 pag.
1770 3031 1829 3065 143,
1852 3038 1883 3059 n.
1904 3030 1966 3064 289,
1982 3036 2016 3058 et

373 3086 397 3109 t.
414 3089 460 3111 lv.

425 3129 438 3148 ‘2
476 3127 625 3161 Joannes
641 3126 868 3162 Pelletarius,
885 3127 1083 3156 ferrariensi
1102 3127 1254 3163 Collegio
1270 3126 1502 3162 praepositus.
