2168 3437
852 257 892 292 A
900 267 936 292 N.
969 257 1057 293 1554
1696 254 1768 291 663

136 360 356 406 casteque
389 354 700 406 prosequitur.
738 352 885 403 Alter,
916 353 1204 404 professione
1231 352 1482 403 Sacerdos,
1513 351 1664 403 patria
1695 351 1764 391 Bi-

137 425 408 475 turicensis,
442 431 550 465 ante
581 436 755 464 annum
785 424 1005 475 Episcopi
1035 423 1376 475 Myrapicensis
1401 424 1426 473 ¹,
1460 423 1661 463 oratoris
1682 421 1766 461 Re-

137 497 210 546 gis
244 496 505 537 Galliarum
527 494 648 547 apud
677 494 967 545 Pontificem,
1005 495 1285 534 domesticus
1315 494 1538 545 famulus,
1571 494 1763 545 triginta

138 567 340 619 quinque
379 578 608 607 annorum
642 572 845 607 aetatem
880 577 1130 617 superans,
1169 566 1583 605 exercitationibus
1618 565 1768 604 sacris

138 637 365 688 eruditus,
390 650 439 678 se
468 643 619 678 totum
647 637 869 678 Societati
894 637 1080 677 tradere
1107 637 1287 687 statuit;
1311 647 1448 688 quem
1474 648 1641 688 parum
1670 635 1767 676 lite-

137 715 292 749 ratum
312 708 614 760 Praepositus
633 714 792 748 noster
819 719 904 759 pro
933 719 1018 748 sua
1044 707 1292 759 prudentia
1318 707 1365 747 in
1392 718 1637 747 numerum
1665 718 1766 746 suo—

138 791 242 819 rum
280 791 374 820 non
413 779 654 831 adoptabit
691 779 781 819 nisi
820 779 963 830 probe
1003 785 1259 829 exacteque
1299 778 1561 829 probatum.
1608 777 1768 829 Neque

135 851 259 890 enim
279 850 521 890 literarum
548 850 783 901 praesidio
813 849 1061 890 destitutus
1089 849 1164 888 ille
1191 860 1302 888 mox
1329 847 1607 899 rejiciendus
1634 848 1768 888 nobis

133 921 264 961 visus
285 927 378 971 est,
403 921 698 972 potissimum
726 920 849 972 quod
869 919 1055 959 humilis
1086 919 1376 958 obedientiae
1406 930 1641 970 veraeque
1666 919 1767 958 reli-

134 992 286 1041 gionis
321 991 539 1043 spiritum
573 991 847 1042 concepisse
880 990 1045 1031 merito
1083 989 1321 1039 credatur,
1359 1001 1445 1029 nec
1481 989 1540 1029 ad
1573 1000 1767 1029 aecono—

135 1063 276 1103 miam
297 1063 481 1114 aliaque
509 1061 722 1102 obeunda
753 1059 947 1125 muneryl
979 1061 1163 1111 ineptus
1190 1065 1454 1110 censeatur,
1485 1071 1769 1111 quamquam

133 1134 529 1185 impensissimum
551 1132 690 1173 studii
711 1132 909 1173 literarii
931 1131 1150 1172 affectum
1172 1131 1390 1171 comitem
1413 1130 1628 1171 adducat.

213 1205 349 1245 Adde
376 1204 499 1256 quod
522 1203 707 1244 Rmum.
739 1202 1037 1244 Cardinalem
1067 1201 1230 1242 Polum
1261 1202 1492 1252 Legatum
1520 1201 1767 1242 adduxerit

135 1276 230 1316 suis
269 1276 484 1328 precibus
518 1282 567 1315 ut
603 1286 652 1315 se
686 1274 815 1315 Patri
849 1273 1122 1325 Praeposito
1158 1274 1359 1325 benigne
1398 1273 1764 1324 commendaret,

134 1358 224 1398 quo
245 1347 291 1387 in
313 1346 596 1387 Societatem
616 1352 826 1386 nostram
848 1345 1149 1396 reciperetur.
1173 1344 1268 1385 Nec
1289 1356 1455 1396 parum
1476 1344 1630 1396 ipsum
1650 1345 1767 1385 iuvit

135 1417 257 1469 quod
277 1417 327 1458 P.
351 1423 510 1458 noster
532 1416 814 1457 Paschasius
834 1416 1072 1456 Bononiae
1100 1416 1188 1467 ipsi
1207 1414 1221 1433 ²
1250 1427 1277 1455 a
1307 1415 1600 1455 confessione
1629 1416 1766 1456 fuerit

135 1488 350 1540 quodque
390 1488 603 1528 Romano
641 1487 848 1538 Collegio
883 1487 1276 1527 familiarissimus
1315 1486 1543 1536 extiterit,
1586 1492 1635 1526 ut
1669 1487 1767 1538 ipse

136 1559 258 1599 bona
280 1560 581 1611 legitimaque
601 1558 690 1599 fide
718 1564 929 1599 testatur.
962 1558 1101 1598 Faxit
1131 1557 1361 1597 Dominus
1388 1557 1549 1610 Jesum
1578 1557 1766 1598 Crucifi-

133 1643 259 1682 xum‚
285 1643 422 1683 quem
442 1631 529 1671 sibi
550 1630 764 1682 praefixit
786 1629 844 1669 ob
867 1630 1050 1680 oculos,
1075 1640 1256 1680 semper
1276 1628 1496 1668 imitetur.

210 1703 327 1743 Tres
346 1702 475 1742 fuere
497 1702 820 1742 adolescentes
835 1701 909 1752 pie
928 1711 1041 1751 erga
1063 1699 1309 1741 Societatis
1332 1700 1570 1751 sequelam
1593 1699 1762 1751 affecti,

131 1785 328 1825 quorum
349 1785 468 1814 unus
489 1773 623 1813 nobis
644 1772 813 1823 servit,
837 1783 1006 1823 parum
1040 1771 1098 1812 ad
1129 1771 1287 1811 literas
1319 1776 1475 1822 aptus,
1508 1782 1656 1811 annos
1686 1783 1762 1811 na-

127 1852 201 1885 tus
222 1845 576 1896 septemdecim,
600 1854 797 1895 corpore
818 1854 904 1894 pro
929 1848 1082 1882 aetate
1109 1853 1307 1893 procero
1329 1853 1384 1881 ac
1406 1841 1620 1892 robusto,
1643 1841 1762 1892 pius,

131 1916 313 1966 integer
333 1926 568 1967 verusque
588 1914 822 1963 Israelita,
846 1913 893 1953 in
914 1925 1004 1965 quo
1026 1912 1159 1953 dolus
1179 1924 1273 1952 non
1293 1918 1377 1952 est.
1402 1911 1663 1961 Secundus,
1688 1924 1763 1963 pa-

128 1993 314 2027 rentum
338 1987 575 2037 dissuasu,
602 1997 628 2025 a
649 1985 846 2037 pristino
871 1984 1039 2024 affectu
1059 1990 1311 2050 revocatus
1332 1989 1422 2034 est,
1454 1983 1530 2035 qui
1559 1983 1763 2035 alioquin

130 2064 268 2110 aptus
287 2058 505 2109 utilisque
526 2056 751 2098 Societati
771 2056 886 2096 satis
906 2055 1083 2105 fuisset,
1107 2066 1255 2095 annos
1276 2060 1415 2094 natus
1436 2054 1605 2105 viginti
1630 2054 1761 2095 duos.

132 2129 318 2170 Tertius
339 2129 532 2180 flander,
557 2139 706 2168 annos
732 2133 870 2167 natus
897 2126 1297 2177 vigintiquinque,
1327 2125 1455 2176 pium
1475 2136 1589 2176 erga
1611 2124 1761 2166 Socie—

131 2206 275 2240 tatem
305 2200 512 2240 animum
539 2205 716 2247 servat3
762 2198 844 2238 sed
878 2208 1162 2249 quamquam
1195 2195 1255 2235 ad
1284 2195 1547 2246 Magisterii
1579 2195 1763 2236 titulum

131 2277 373 2322 promotus
408 2271 486 2321 sit,
523 2281 689 2322 parum
727 2275 862 2321 aptus
900 2269 1083 2308 videtur
1117 2267 1176 2307 ad
1214 2267 1406 2307 heroica
1440 2267 1762 2307 hierarchicae

131 2341 373 2392 dignitatis
400 2342 558 2382 munia
592 2339 983 2381 administranda.
1016 2338 1152 2378 Haud
1180 2338 1339 2378 dubito
1369 2337 1481 2388 quin
1511 2337 1669 2389 plures
1704 2337 1763 2377 ad

184 2503 194 2523 1
234 2502 365 2530 Claudii
380 2502 466 2529 dela
483 2501 624 2535 Guiche,
637 2502 703 2536 qui,
716 2508 780 2535 quo
791 2504 943 2534 tempore
957 2500 1020 2526 hae
1033 2500 1168 2526 litterae
1182 2490 1425 2531 exarabantur,
1436 2497 1507 2532 jam
1519 2498 1612 2524 vitae
1628 2498 1763 2525 functus

130 2554 205 2578 erat
221 2550 272 2581 <19
287 2549 401 2577 Martii
418 2549 502 2581 1553)
517 2553 550 2576 et
566 2548 703 2576 Henrici
719 2548 767 2582 II,
785 2547 916 2575 Galliae
933 2547 1052 2581 Regis,
1070 2551 1186 2573 orator
1201 2545 1290 2580 apud
1305 2544 1502 2572 Pontificem
1517 2549 1549 2571 et
1566 2545 1597 2572 in
1613 2544 1762 2572 Concilio

133 2598 330 2625 Tridentino
346 2597 468 2624 fuerat.

185 2644 198 2664 ἓ
236 2644 372 2672 Scilicet
386 2644 463 2671 huic
483 2644 716 2678 Mirapicensis
729 2644 889 2678 Episcopi
905 2643 1090 2670 domestico
1111 2641 1293 2668 sacerdoti.
1319 2639 1504 2674 Episcopus
1525 2645 1640 2667 autem
1664 2640 1763 2668 Mira-

130 2693 276 2727 picensis
296 2692 466 2719 Bononiae
488 2692 566 2726 fuit,
589 2695 771 2726 postquam
791 2692 823 2718 in
845 2698 920 2718 eam
941 2692 1059 2718 urbem
1081 2689 1268 2716 Concilium
1289 2689 1495 2715 translatum
1516 2687 1677 2715 Tridento
1698 2692 1762 2723 est,

133 2749 196 2775 quo
212 2745 363 2775 tempore
385 2739 570 2767 Bononiam
591 2740 713 2773 etiam,
729 2743 854 2773 rogatu
869 2739 1009 2766 Patrum
1024 2738 1162 2774 Laynez
1178 2741 1210 2763 et
1227 2736 1420 2768 Saimeron.
1436 2736 1556 2762 missus
1575 2740 1626 2762 est
1648 2735 1682 2763 P.
1703 2736 1764 2763 Pa-

132 2789 286 2816 schasius
308 2787 593 2815 Broet.—Verum
618 2787 752 2821 quidem
773 2787 859 2821 quod
881 2787 930 2814 ait
956 2786 1057 2813 Prat:
1082 2784 1232 2812 “Claude
1257 2784 1296 2810 de
1320 2784 1354 2810 la
1381 2783 1530 2815 Guiche.
1555 2785 1763 2810 recemment

131 2838 263 2863 nomme
277 2837 297 2863 a
312 2836 461 2862 l'eveche
478 2835 517 2862 de
539 2835 713 2869 Mirepoix,
727 2835 807 2868 alla,
820 2842 905 2862 avec
921 2835 970 2861 les
984 2833 1247 2861 ambassadeurs
1259 2831 1416 2864 franeais,
1431 2831 1598 2863 attendi-e,
1611 2832 1632 2857 a
1643 2830 1764 2858 Ferra-

133 2891 168 2911 re
179 2905 185 2917 ,
202 2884 241 2910 de
255 2891 435 2910 nouveaux
452 2883 569 2909 ordres
584 2882 623 2909 de
639 2882 672 2909 la
686 2889 767 2909 cour
783 2882 822 2908 de
837 2881 980 2908 France.
991 2902 1005 2914 ,.,
1026 2879 1216 2907 Me‘moires
1236 2882 1328 2912 pour
1348 2878 1466 2904 servir
1487 2878 1506 2903 ἀ
1528 2877 1700 2905 l'lzz'stoire
1716 2878 1762 2905 du

135 2931 221 2958 Pere
235 2931 341 2958 Broel
359 2932 391 2957 et
406 2931 468 2957 des
482 2931 639 2964 origines
653 2929 744 2956 dela
762 2928 974 2963 Compagnz'e
988 2928 1030 2954 de
1043 2927 1151 2962 Je'sus
1172 2933 1213 2953 en
1235 2925 1391 2957 France,
1411 2928 1500 2959 part.
1522 2932 1561 2959 11,
1583 2925 1639 2952 lib.
1661 2931 1695 2952 11.
1717 2926 1763 2953 At

134 2986 198 3006 non
214 2979 322 3006 minus
343 2983 474 3005 certum
495 2982 547 3005 est
568 2977 722 3004 eumdem
744 2977 922 3004 Claudium
945 2974 1115 3003 Bononiae
1138 2979 1269 3008 tempus
1291 2973 1426 3007 aliquod
1448 2973 1568 3007 fuisse;
1591 2973 1762 3000 Bononiae

134 3026 222 3053 enim
235 3026 270 3053 30
284 3025 433 3059 Augusti
448 3026 516 3052 1547
529 3026 580 3055 (in
595 3025 741 3059 paginae
757 3032 818 3051 ora
832 3031 893 3058 per
908 3030 1059 3050 errorem
1073 3022 1238 3056 scriptum
1253 3025 1304 3047 est
1322 3021 1406 3053 1545)
1427 3020 1469 3047 ad
1490 3019 1762 3048 Condestabilem

135 3074 270 3101 litteras
284 3073 386 3106 dedit,
404 3080 487 3107 quas
504 3073 604 3100 affert
621 3072 759 3102 Rmum.
776 3071 916 3098 Leltres
931 3072 964 3098 et
981 3070 1170 3097 Memoeres
1185 3068 1333 3101 d’Estat,
1348 3072 1427 3095 tom.
1440 3075 1476 3100 11,
1489 3075 1566 3102 pag.
1581 3068 1626 3095 55.
