<?xml version="1.0" encoding="UTF-8"?>
<!DOCTYPE html PUBLIC "-//W3C//DTD XHTML 1.0 Transitional//EN"
    "http://www.w3.org/TR/xhtml1/DTD/xhtml1-transitional.dtd">
<html xmlns="http://www.w3.org/1999/xhtml" xml:lang="en" lang="en">
 <head>
  <title>
</title>
<meta http-equiv="Content-Type" content="text/html;charset=utf-8" />
  <meta name='ocr-system' content='tesseract 3.04.00' />
  <meta name='ocr-capabilities' content='ocr_page ocr_carea ocr_par ocr_line ocrx_word'/>
</head>
<body>
  <div class='ocr_page' id='page_1' title='image "./litteraequadrime1402lain_0269.png"; bbox 0 0 2168 3437; ppageno 0'>
   <div class='ocr_carea' id='block_1_1' title="bbox 899 252 1821 293">
    <p class='ocr_par' dir='ltr' id='par_1_1' title="bbox 899 252 1821 293">
     <span class='ocr_line' id='line_1_1' title="bbox 899 252 1821 293; baseline -0.001 -1"><span class='ocrx_word' id='word_1_1' title='bbox 899 254 984 292; x_wconf 87' lang='grc' dir='ltr'>ΑΝ.</span> <span class='ocrx_word' id='word_1_2' title='bbox 1014 254 1105 293; x_wconf 83' lang='grc'>1553</span> <span class='ocrx_word' id='word_1_3' title='bbox 1157 282 1159 284; x_wconf 31' lang='lat' dir='ltr'>v</span> <span class='ocrx_word' id='word_1_4' title='bbox 1748 252 1821 291; x_wconf 77' lang='lat'>265</span> 
     </span>
    </p>
   </div>
   <div class='ocr_carea' id='block_1_2' title="bbox 152 349 1825 2961">
    <p class='ocr_par' dir='ltr' id='par_1_2' title="bbox 181 349 1823 1678">
     <span class='ocr_line' id='line_1_2' title="bbox 185 349 1814 402; baseline -0.002 -10"><span class='ocrx_word' id='word_1_5' title='bbox 185 352 418 393; x_wconf 87' lang='lat' dir='ltr'>mentibus</span> <span class='ocrx_word' id='word_1_6' title='bbox 446 363 607 392; x_wconf 91' lang='lat' dir='ltr'>eorum</span> <span class='ocrx_word' id='word_1_7' title='bbox 639 351 990 402; x_wconf 77' lang='lat' dir='ltr'>demandatam,</span> <span class='ocrx_word' id='word_1_8' title='bbox 1028 351 1302 402; x_wconf 75' lang='lat' dir='ltr'>suscipiunt,</span> <span class='ocrx_word' id='word_1_9' title='bbox 1335 349 1514 390; x_wconf 80' lang='lat' dir='ltr'>Aderat</span> <span class='ocrx_word' id='word_1_10' title='bbox 1549 354 1659 389; x_wconf 93' lang='lat' dir='ltr'>tunc</span> <span class='ocrx_word' id='word_1_11' title='bbox 1695 349 1814 389; x_wconf 91' lang='lat' dir='ltr'>forte</span> 
     </span>
     <span class='ocr_line' id='line_1_3' title="bbox 183 420 1816 474; baseline -0.002 -11"><span class='ocrx_word' id='word_1_12' title='bbox 183 423 368 463; x_wconf 81' lang='lat' dir='ltr'>fortuna</span> <span class='ocrx_word' id='word_1_13' title='bbox 394 428 557 474; x_wconf 90' lang='lat' dir='ltr'>pastor</span> <span class='ocrx_word' id='word_1_14' title='bbox 583 422 705 462; x_wconf 90' lang='lat' dir='ltr'>illius</span> <span class='ocrx_word' id='word_1_15' title='bbox 733 422 848 472; x_wconf 84' lang='lat' dir='ltr'>vici,</span> <span class='ocrx_word' id='word_1_16' title='bbox 877 422 971 462; x_wconf 90' lang='lat' dir='ltr'>iam</span> <span class='ocrx_word' id='word_1_17' title='bbox 1001 433 1144 462; x_wconf 88' lang='lat' dir='ltr'>senex</span> <span class='ocrx_word' id='word_1_18' title='bbox 1179 428 1223 461; x_wconf 93' lang='lat' dir='ltr'>et</span> <span class='ocrx_word' id='word_1_19' title='bbox 1252 421 1354 472; x_wconf 89' lang='lat' dir='ltr'>ipsa</span> <span class='ocrx_word' id='word_1_20' title='bbox 1382 420 1553 460; x_wconf 86' lang='lat' dir='ltr'>canitie</span> <span class='ocrx_word' id='word_1_21' title='bbox 1586 431 1816 459; x_wconf 87' lang='lat' dir='ltr'>veneran-</span> 
     </span>
     <span class='ocr_line' id='line_1_4' title="bbox 186 490 1820 545; baseline -0.002 -12"><span class='ocrx_word' id='word_1_22' title='bbox 186 493 292 544; x_wconf 89' lang='lat' dir='ltr'>dus,</span> <span class='ocrx_word' id='word_1_23' title='bbox 335 493 412 545; x_wconf 92' lang='lat' dir='ltr'>qui</span> <span class='ocrx_word' id='word_1_24' title='bbox 445 505 545 533; x_wconf 90' lang='lat' dir='ltr'>rem</span> <span class='ocrx_word' id='word_1_25' title='bbox 587 504 772 533; x_wconf 91' lang='lat' dir='ltr'>omnem</span> <span class='ocrx_word' id='word_1_26' title='bbox 815 504 1011 533; x_wconf 90' lang='lat' dir='ltr'>cernens</span> <span class='ocrx_word' id='word_1_27' title='bbox 1052 499 1096 532; x_wconf 90' lang='lat' dir='ltr'>et</span> <span class='ocrx_word' id='word_1_28' title='bbox 1136 492 1275 532; x_wconf 86' lang='lat' dir='ltr'>altius</span> <span class='ocrx_word' id='word_1_29' title='bbox 1316 491 1661 542; x_wconf 85' lang='lat' dir='ltr'>contemplans,</span> <span class='ocrx_word' id='word_1_30' title='bbox 1704 490 1820 530; x_wconf 91' lang='lat' dir='ltr'>adiit</span> 
     </span>
     <span class='ocr_line' id='line_1_5' title="bbox 184 561 1818 614; baseline -0.001 -11"><span class='ocrx_word' id='word_1_31' title='bbox 184 563 355 603; x_wconf 86' lang='lat' dir='ltr'>fratres</span> <span class='ocrx_word' id='word_1_32' title='bbox 389 570 576 604; x_wconf 89' lang='lat' dir='ltr'>nostros</span> <span class='ocrx_word' id='word_1_33' title='bbox 610 570 653 603; x_wconf 90' lang='lat' dir='ltr'>et</span> <span class='ocrx_word' id='word_1_34' title='bbox 684 564 743 603; x_wconf 91' lang='lat' dir='ltr'>ad</span> <span class='ocrx_word' id='word_1_35' title='bbox 779 574 934 613; x_wconf 83' lang='lat' dir='ltr'>genua</span> <span class='ocrx_word' id='word_1_36' title='bbox 965 563 1241 614; x_wconf 78' lang='lat' dir='ltr'>provolutus</span> <span class='ocrx_word' id='word_1_37' title='bbox 1276 561 1483 612; x_wconf 91' lang='lat' dir='ltr'>fusisque</span> <span class='ocrx_word' id='word_1_38' title='bbox 1519 572 1602 613; x_wconf 93' lang='lat' dir='ltr'>per</span> <span class='ocrx_word' id='word_1_39' title='bbox 1636 573 1720 601; x_wconf 89' lang='lat' dir='ltr'>ora</span> <span class='ocrx_word' id='word_1_40' title='bbox 1756 562 1818 601; x_wconf 85' lang='lat' dir='ltr'>la-</span> 
     </span>
     <span class='ocr_line' id='line_1_6' title="bbox 182 632 1814 686; baseline -0.002 -12"><span class='ocrx_word' id='word_1_41' title='bbox 182 635 392 686; x_wconf 87' lang='lat' dir='ltr'>chrymis</span> <span class='ocrx_word' id='word_1_42' title='bbox 412 647 461 674; x_wconf 91' lang='lat' dir='ltr'>se</span> <span class='ocrx_word' id='word_1_43' title='bbox 481 634 817 685; x_wconf 79' lang='lat' dir='ltr'>gravissimum</span> <span class='ocrx_word' id='word_1_44' title='bbox 833 639 1132 685; x_wconf 91' lang='lat' dir='ltr'>peccatorem</span> <span class='ocrx_word' id='word_1_45' title='bbox 1152 632 1408 672; x_wconf 76' lang='lat' dir='ltr'>humillime</span> <span class='ocrx_word' id='word_1_46' title='bbox 1428 632 1687 683; x_wconf 84' lang='lat' dir='ltr'>profitetur,</span> <span class='ocrx_word' id='word_1_47' title='bbox 1712 643 1814 683; x_wconf 89' lang='lat' dir='ltr'>sup-</span> 
     </span>
     <span class='ocr_line' id='line_1_7' title="bbox 182 702 1816 757; baseline -0.001 -13"><span class='ocrx_word' id='word_1_48' title='bbox 182 705 384 757; x_wconf 86' lang='lat' dir='ltr'>plexque</span> <span class='ocrx_word' id='word_1_49' title='bbox 405 704 685 756; x_wconf 88' lang='lat' dir='ltr'>deprecatur</span> <span class='ocrx_word' id='word_1_50' title='bbox 706 710 755 744; x_wconf 92' lang='lat' dir='ltr'>ut</span> <span class='ocrx_word' id='word_1_51' title='bbox 776 715 941 756; x_wconf 90' lang='lat' dir='ltr'>preces</span> <span class='ocrx_word' id='word_1_52' title='bbox 970 703 1029 743; x_wconf 88' lang='lat' dir='ltr'>ad</span> <span class='ocrx_word' id='word_1_53' title='bbox 1056 702 1209 743; x_wconf 88' lang='lat' dir='ltr'>Deum</span> <span class='ocrx_word' id='word_1_54' title='bbox 1235 702 1429 743; x_wconf 89' lang='lat' dir='ltr'>fundere</span> <span class='ocrx_word' id='word_1_55' title='bbox 1458 714 1541 753; x_wconf 88' lang='lat' dir='ltr'>pro</span> <span class='ocrx_word' id='word_1_56' title='bbox 1574 714 1628 743; x_wconf 94' lang='lat' dir='ltr'>eo</span> <span class='ocrx_word' id='word_1_57' title='bbox 1656 703 1816 753; x_wconf 90' lang='lat' dir='ltr'>digna-</span> 
     </span>
     <span class='ocr_line' id='line_1_8' title="bbox 184 773 1815 826; baseline -0.001 -11"><span class='ocrx_word' id='word_1_58' title='bbox 184 781 362 826; x_wconf 86' lang='lat' dir='ltr'>rentur,</span> <span class='ocrx_word' id='word_1_59' title='bbox 384 775 456 815; x_wconf 92' lang='lat' dir='ltr'>his</span> <span class='ocrx_word' id='word_1_60' title='bbox 479 775 704 815; x_wconf 90' lang='lat' dir='ltr'>adiiciens</span> <span class='ocrx_word' id='word_1_61' title='bbox 725 775 851 826; x_wconf 88' lang='lat' dir='ltr'>ipsos</span> <span class='ocrx_word' id='word_1_62' title='bbox 872 786 936 825; x_wconf 86' lang='lat' dir='ltr'>se,</span> <span class='ocrx_word' id='word_1_63' title='bbox 961 785 1253 826; x_wconf 90' lang='lat' dir='ltr'>quocumque</span> <span class='ocrx_word' id='word_1_64' title='bbox 1275 774 1409 823; x_wconf 87' lang='lat' dir='ltr'>irent,</span> <span class='ocrx_word' id='word_1_65' title='bbox 1435 779 1704 814; x_wconf 91' lang='lat' dir='ltr'>secuturum</span> <span class='ocrx_word' id='word_1_66' title='bbox 1725 773 1815 813; x_wconf 89' lang='lat' dir='ltr'>nisi</span> 
     </span>
     <span class='ocr_line' id='line_1_9' title="bbox 183 844 1819 896; baseline -0.001 -10"><span class='ocrx_word' id='word_1_67' title='bbox 183 846 302 886; x_wconf 84' lang='lat' dir='ltr'>obex</span> <span class='ocrx_word' id='word_1_68' title='bbox 333 851 458 896; x_wconf 91' lang='lat' dir='ltr'>tunc,</span> <span class='ocrx_word' id='word_1_69' title='bbox 488 858 515 886; x_wconf 92' lang='lat' dir='ltr'>a</span> <span class='ocrx_word' id='word_1_70' title='bbox 545 845 773 886; x_wconf 85' lang='lat' dir='ltr'>daemone</span> <span class='ocrx_word' id='word_1_71' title='bbox 802 845 1001 886; x_wconf 80' lang='lat' dir='ltr'>forsitan</span> <span class='ocrx_word' id='word_1_72' title='bbox 1031 845 1240 885; x_wconf 86' lang='lat' dir='ltr'>obiectus</span> <span class='ocrx_word' id='word_1_73' title='bbox 1274 844 1304 895; x_wconf 89' lang='lat'>¹,</span> <span class='ocrx_word' id='word_1_74' title='bbox 1338 844 1598 896; x_wconf 85' lang='lat' dir='ltr'>impediret.</span> <span class='ocrx_word' id='word_1_75' title='bbox 1622 844 1819 884; x_wconf 86' lang='lat' dir='ltr'>Postero</span> 
     </span>
     <span class='ocr_line' id='line_1_10' title="bbox 183 915 1819 968; baseline -0.001 -12"><span class='ocrx_word' id='word_1_76' title='bbox 183 917 257 957; x_wconf 90' lang='lat' dir='ltr'>die</span> <span class='ocrx_word' id='word_1_77' title='bbox 279 916 338 957; x_wconf 89' lang='lat' dir='ltr'>ad</span> <span class='ocrx_word' id='word_1_78' title='bbox 359 917 500 957; x_wconf 90' lang='lat' dir='ltr'>alium</span> <span class='ocrx_word' id='word_1_79' title='bbox 521 928 697 968; x_wconf 86' lang='lat' dir='ltr'>pagum</span> <span class='ocrx_word' id='word_1_80' title='bbox 719 929 861 968; x_wconf 89' lang='lat' dir='ltr'>quum</span> <span class='ocrx_word' id='word_1_81' title='bbox 881 916 1222 968; x_wconf 88' lang='lat' dir='ltr'>pervenissent,</span> <span class='ocrx_word' id='word_1_82' title='bbox 1249 915 1498 955; x_wconf 86' lang='lat' dir='ltr'>audierunt</span> <span class='ocrx_word' id='word_1_83' title='bbox 1521 915 1633 954; x_wconf 87' lang='lat' dir='ltr'>inibi</span> <span class='ocrx_word' id='word_1_84' title='bbox 1654 916 1819 956; x_wconf 87' lang='lat' dir='ltr'>adesse</span> 
     </span>
     <span class='ocr_line' id='line_1_11' title="bbox 183 986 1821 1040; baseline -0.001 -12"><span class='ocrx_word' id='word_1_85' title='bbox 183 988 444 1039; x_wconf 83' lang='lat' dir='ltr'>mulierem,</span> <span class='ocrx_word' id='word_1_86' title='bbox 482 1000 602 1040; x_wconf 92' lang='lat' dir='ltr'>quae</span> <span class='ocrx_word' id='word_1_87' title='bbox 636 1001 662 1028; x_wconf 84' lang='lat' dir='ltr'>a</span> <span class='ocrx_word' id='word_1_88' title='bbox 697 994 876 1040; x_wconf 90' lang='lat' dir='ltr'>septem</span> <span class='ocrx_word' id='word_1_89' title='bbox 907 987 1041 1028; x_wconf 91' lang='lat' dir='ltr'>annis</span> <span class='ocrx_word' id='word_1_90' title='bbox 1073 987 1321 1027; x_wconf 83' lang='lat' dir='ltr'>vehemens</span> <span class='ocrx_word' id='word_1_91' title='bbox 1357 987 1515 1026; x_wconf 88' lang='lat' dir='ltr'>odium</span> <span class='ocrx_word' id='word_1_92' title='bbox 1550 986 1738 1026; x_wconf 79' lang='lat' dir='ltr'>fovebat</span> <span class='ocrx_word' id='word_1_93' title='bbox 1775 987 1821 1026; x_wconf 91' lang='lat' dir='ltr'>in</span> 
     </span>
     <span class='ocr_line' id='line_1_12' title="bbox 182 1057 1820 1110; baseline -0.001 -11"><span class='ocrx_word' id='word_1_94' title='bbox 182 1066 373 1110; x_wconf 80' lang='lat' dir='ltr'>pectore</span> <span class='ocrx_word' id='word_1_95' title='bbox 395 1059 623 1099; x_wconf 87' lang='lat' dir='ltr'>adversus</span> <span class='ocrx_word' id='word_1_96' title='bbox 644 1059 885 1110; x_wconf 82' lang='lat' dir='ltr'>proximos</span> <span class='ocrx_word' id='word_1_97' title='bbox 913 1070 1043 1099; x_wconf 87' lang='lat' dir='ltr'>suos:</span> <span class='ocrx_word' id='word_1_98' title='bbox 1073 1069 1159 1098; x_wconf 90' lang='lat' dir='ltr'>nec</span> <span class='ocrx_word' id='word_1_99' title='bbox 1187 1058 1406 1098; x_wconf 87' lang='lat' dir='ltr'>inventus</span> <span class='ocrx_word' id='word_1_100' title='bbox 1436 1064 1505 1097; x_wconf 93' lang='lat' dir='ltr'>est</span> <span class='ocrx_word' id='word_1_101' title='bbox 1534 1058 1611 1109; x_wconf 87' lang='lat' dir='ltr'>qui</span> <span class='ocrx_word' id='word_1_102' title='bbox 1639 1057 1820 1097; x_wconf 87' lang='lat' dir='ltr'>mulier-</span> 
     </span>
     <span class='ocr_line' id='line_1_13' title="bbox 184 1128 1822 1182; baseline -0.001 -13"><span class='ocrx_word' id='word_1_103' title='bbox 184 1130 316 1170; x_wconf 87' lang='lat' dir='ltr'>culae</span> <span class='ocrx_word' id='word_1_104' title='bbox 344 1129 562 1170; x_wconf 86' lang='lat' dir='ltr'>duritiem</span> <span class='ocrx_word' id='word_1_105' title='bbox 589 1131 797 1170; x_wconf 89' lang='lat' dir='ltr'>emollire</span> <span class='ocrx_word' id='word_1_106' title='bbox 824 1130 1040 1182; x_wconf 89' lang='lat' dir='ltr'>potuerit.</span> <span class='ocrx_word' id='word_1_107' title='bbox 1076 1129 1152 1169; x_wconf 86' lang='lat' dir='ltr'>Ad</span> <span class='ocrx_word' id='word_1_108' title='bbox 1181 1128 1303 1168; x_wconf 90' lang='lat' dir='ltr'>hanc</span> <span class='ocrx_word' id='word_1_109' title='bbox 1338 1128 1478 1168; x_wconf 89' lang='lat' dir='ltr'>acciti</span> <span class='ocrx_word' id='word_1_110' title='bbox 1509 1135 1614 1168; x_wconf 90' lang='lat' dir='ltr'>sunt</span> <span class='ocrx_word' id='word_1_111' title='bbox 1649 1128 1822 1168; x_wconf 89' lang='lat' dir='ltr'>fratres</span> 
     </span>
     <span class='ocr_line' id='line_1_14' title="bbox 184 1200 1816 1253; baseline -0.001 -13"><span class='ocrx_word' id='word_1_112' title='bbox 184 1200 357 1251; x_wconf 87' lang='lat' dir='ltr'>nostri,</span> <span class='ocrx_word' id='word_1_113' title='bbox 381 1201 602 1253; x_wconf 80' lang='lat' dir='ltr'>pannosi,</span> <span class='ocrx_word' id='word_1_114' title='bbox 625 1213 855 1253; x_wconf 87' lang='lat' dir='ltr'>pauperes</span> <span class='ocrx_word' id='word_1_115' title='bbox 876 1208 919 1241; x_wconf 95' lang='lat' dir='ltr'>et</span> <span class='ocrx_word' id='word_1_116' title='bbox 942 1200 1162 1251; x_wconf 86' lang='lat' dir='ltr'>mendici,</span> <span class='ocrx_word' id='word_1_117' title='bbox 1187 1211 1385 1251; x_wconf 92' lang='lat' dir='ltr'>quorum</span> <span class='ocrx_word' id='word_1_118' title='bbox 1411 1200 1644 1239; x_wconf 85' lang='lat' dir='ltr'>mentibus</span> <span class='ocrx_word' id='word_1_119' title='bbox 1672 1206 1716 1239; x_wconf 92' lang='lat' dir='ltr'>et</span> <span class='ocrx_word' id='word_1_120' title='bbox 1737 1200 1816 1239; x_wconf 89' lang='lat' dir='ltr'>lin-</span> 
     </span>
     <span class='ocr_line' id='line_1_15' title="bbox 183 1270 1817 1324; baseline -0.001 -13"><span class='ocrx_word' id='word_1_121' title='bbox 183 1283 305 1323; x_wconf 87' lang='lat' dir='ltr'>guae</span> <span class='ocrx_word' id='word_1_122' title='bbox 326 1278 422 1313; x_wconf 91' lang='lat' dir='ltr'>tam</span> <span class='ocrx_word' id='word_1_123' title='bbox 445 1273 689 1313; x_wconf 88' lang='lat' dir='ltr'>abundans</span> <span class='ocrx_word' id='word_1_124' title='bbox 709 1273 892 1324; x_wconf 87' lang='lat' dir='ltr'>gratiae</span> <span class='ocrx_word' id='word_1_125' title='bbox 914 1273 1088 1312; x_wconf 89' lang='lat' dir='ltr'>donum</span> <span class='ocrx_word' id='word_1_126' title='bbox 1118 1271 1286 1311; x_wconf 88' lang='lat' dir='ltr'>infudit</span> <span class='ocrx_word' id='word_1_127' title='bbox 1312 1271 1542 1321; x_wconf 87' lang='lat' dir='ltr'>benignus</span> <span class='ocrx_word' id='word_1_128' title='bbox 1570 1270 1817 1320; x_wconf 77' lang='lat' dir='ltr'>Dominus,</span> 
     </span>
     <span class='ocr_line' id='line_1_16' title="bbox 183 1340 1821 1392; baseline -0.002 -8"><span class='ocrx_word' id='word_1_129' title='bbox 183 1350 233 1384; x_wconf 93' lang='lat' dir='ltr'>ut</span> <span class='ocrx_word' id='word_1_130' title='bbox 254 1356 348 1384; x_wconf 88' lang='lat' dir='ltr'>non</span> <span class='ocrx_word' id='word_1_131' title='bbox 369 1345 519 1384; x_wconf 90' lang='lat' dir='ltr'>solum</span> <span class='ocrx_word' id='word_1_132' title='bbox 547 1344 702 1384; x_wconf 88' lang='lat' dir='ltr'>cordis</span> <span class='ocrx_word' id='word_1_133' title='bbox 731 1343 1082 1384; x_wconf 85' lang='lat' dir='ltr'>adamantinam</span> <span class='ocrx_word' id='word_1_134' title='bbox 1112 1342 1328 1383; x_wconf 88' lang='lat' dir='ltr'>duritiem</span> <span class='ocrx_word' id='word_1_135' title='bbox 1356 1342 1641 1392; x_wconf 86' lang='lat' dir='ltr'>emollirent,</span> <span class='ocrx_word' id='word_1_136' title='bbox 1672 1340 1753 1381; x_wconf 90' lang='lat' dir='ltr'>sed</span> <span class='ocrx_word' id='word_1_137' title='bbox 1776 1348 1821 1381; x_wconf 90' lang='lat' dir='ltr'>et</span> 
     </span>
     <span class='ocr_line' id='line_1_17' title="bbox 181 1413 1821 1467; baseline -0.002 -12"><span class='ocrx_word' id='word_1_138' title='bbox 181 1416 365 1466; x_wconf 91' lang='lat' dir='ltr'>penitus</span> <span class='ocrx_word' id='word_1_139' title='bbox 409 1415 705 1467; x_wconf 85' lang='lat' dir='ltr'>frangerent:</span> <span class='ocrx_word' id='word_1_140' title='bbox 754 1415 932 1455; x_wconf 88' lang='lat' dir='ltr'>factum</span> <span class='ocrx_word' id='word_1_141' title='bbox 971 1422 1041 1455; x_wconf 89' lang='lat' dir='ltr'>est</span> <span class='ocrx_word' id='word_1_142' title='bbox 1083 1414 1205 1454; x_wconf 91' lang='lat' dir='ltr'>enim</span> <span class='ocrx_word' id='word_1_143' title='bbox 1244 1420 1293 1453; x_wconf 92' lang='lat' dir='ltr'>ut</span> <span class='ocrx_word' id='word_1_144' title='bbox 1333 1425 1438 1453; x_wconf 91' lang='lat' dir='ltr'>cum</span> <span class='ocrx_word' id='word_1_145' title='bbox 1482 1413 1738 1464; x_wconf 84' lang='lat' dir='ltr'>lachrymis</span> <span class='ocrx_word' id='word_1_146' title='bbox 1778 1420 1821 1452; x_wconf 92' lang='lat' dir='ltr'>et</span> 
     </span>
     <span class='ocr_line' id='line_1_18' title="bbox 185 1484 1822 1538; baseline -0.002 -12"><span class='ocrx_word' id='word_1_147' title='bbox 185 1498 342 1526; x_wconf 87' lang='lat' dir='ltr'>amore</span> <span class='ocrx_word' id='word_1_148' title='bbox 364 1486 692 1526; x_wconf 86' lang='lat' dir='ltr'>ardentissimo</span> <span class='ocrx_word' id='word_1_149' title='bbox 715 1498 795 1526; x_wconf 91' lang='lat' dir='ltr'>eos</span> <span class='ocrx_word' id='word_1_150' title='bbox 822 1487 1187 1538; x_wconf 87' lang='lat' dir='ltr'>amplexaretur,</span> <span class='ocrx_word' id='word_1_151' title='bbox 1218 1496 1335 1536; x_wconf 91' lang='lat' dir='ltr'>quos</span> <span class='ocrx_word' id='word_1_152' title='bbox 1362 1484 1503 1535; x_wconf 88' lang='lat' dir='ltr'>paulo</span> <span class='ocrx_word' id='word_1_153' title='bbox 1527 1489 1633 1523; x_wconf 89' lang='lat' dir='ltr'>ante</span> <span class='ocrx_word' id='word_1_154' title='bbox 1659 1484 1822 1523; x_wconf 85' lang='lat' dir='ltr'>lethali</span> 
     </span>
     <span class='ocr_line' id='line_1_19' title="bbox 183 1553 1823 1609; baseline -0.001 -14"><span class='ocrx_word' id='word_1_155' title='bbox 183 1556 554 1607; x_wconf 88' lang='lat' dir='ltr'>prosequebatur</span> <span class='ocrx_word' id='word_1_156' title='bbox 583 1556 710 1607; x_wconf 91' lang='lat' dir='ltr'>odio;</span> <span class='ocrx_word' id='word_1_157' title='bbox 742 1557 900 1609; x_wconf 92' lang='lat' dir='ltr'>sicque</span> <span class='ocrx_word' id='word_1_158' title='bbox 931 1557 978 1596; x_wconf 94' lang='lat' dir='ltr'>in</span> <span class='ocrx_word' id='word_1_159' title='bbox 1012 1556 1217 1607; x_wconf 84' lang='lat' dir='ltr'>gratiam</span> <span class='ocrx_word' id='word_1_160' title='bbox 1247 1566 1408 1595; x_wconf 92' lang='lat' dir='ltr'>omnes</span> <span class='ocrx_word' id='word_1_161' title='bbox 1442 1553 1681 1594; x_wconf 90' lang='lat' dir='ltr'>redierunt</span> <span class='ocrx_word' id='word_1_162' title='bbox 1717 1566 1823 1594; x_wconf 91' lang='lat' dir='ltr'>cum</span> 
     </span>
     <span class='ocr_line' id='line_1_20' title="bbox 185 1625 1817 1678; baseline -0.001 -12"><span class='ocrx_word' id='word_1_163' title='bbox 185 1638 357 1678; x_wconf 88' lang='lat' dir='ltr'>magna</span> <span class='ocrx_word' id='word_1_164' title='bbox 378 1628 632 1668; x_wconf 88' lang='lat' dir='ltr'>astantium</span> <span class='ocrx_word' id='word_1_165' title='bbox 658 1628 967 1668; x_wconf 87' lang='lat' dir='ltr'>admiratione</span> <span class='ocrx_word' id='word_1_166' title='bbox 988 1634 1033 1668; x_wconf 93' lang='lat' dir='ltr'>et</span> <span class='ocrx_word' id='word_1_167' title='bbox 1063 1627 1243 1677; x_wconf 86' lang='lat' dir='ltr'>ingenti</span> <span class='ocrx_word' id='word_1_168' title='bbox 1263 1626 1407 1666; x_wconf 86' lang='lat' dir='ltr'>totius</span> <span class='ocrx_word' id='word_1_169' title='bbox 1439 1625 1597 1677; x_wconf 86' lang='lat' dir='ltr'>populi</span> <span class='ocrx_word' id='word_1_170' title='bbox 1626 1625 1817 1665; x_wconf 86' lang='lat' dir='ltr'>laetitia.</span> 
     </span>
    </p>

    <p class='ocr_par' dir='ltr' id='par_1_3' title="bbox 152 1697 1825 2961">
     <span class='ocr_line' id='line_1_21' title="bbox 264 1697 1823 1751; baseline -0.001 -13"><span class='ocrx_word' id='word_1_171' title='bbox 264 1698 363 1738; x_wconf 90' lang='lat' dir='ltr'>Iam</span> <span class='ocrx_word' id='word_1_172' title='bbox 383 1699 443 1739; x_wconf 89' lang='lat' dir='ltr'>ad</span> <span class='ocrx_word' id='word_1_173' title='bbox 463 1698 601 1740; x_wconf 90' lang='lat' dir='ltr'>finem</span> <span class='ocrx_word' id='word_1_174' title='bbox 620 1699 847 1751; x_wconf 89' lang='lat' dir='ltr'>perducta</span> <span class='ocrx_word' id='word_1_175' title='bbox 875 1705 976 1739; x_wconf 91' lang='lat' dir='ltr'>erat</span> <span class='ocrx_word' id='word_1_176' title='bbox 1003 1699 1221 1750; x_wconf 90' lang='lat' dir='ltr'>epistola,</span> <span class='ocrx_word' id='word_1_177' title='bbox 1246 1709 1389 1750; x_wconf 92' lang='lat' dir='ltr'>quum</span> <span class='ocrx_word' id='word_1_178' title='bbox 1409 1697 1521 1737; x_wconf 90' lang='lat' dir='ltr'>mihi</span> <span class='ocrx_word' id='word_1_179' title='bbox 1552 1697 1598 1736; x_wconf 87' lang='lat' dir='ltr'>in</span> <span class='ocrx_word' id='word_1_180' title='bbox 1619 1702 1823 1736; x_wconf 91' lang='lat' dir='ltr'>mentem</span> 
     </span>
     <span class='ocr_line' id='line_1_22' title="bbox 187 1767 1821 1821; baseline -0.001 -13"><span class='ocrx_word' id='word_1_181' title='bbox 187 1770 316 1809; x_wconf 86' lang='lat' dir='ltr'>venit</span> <span class='ocrx_word' id='word_1_182' title='bbox 353 1770 478 1821; x_wconf 93' lang='lat' dir='ltr'>quod</span> <span class='ocrx_word' id='word_1_183' title='bbox 503 1782 627 1810; x_wconf 90' lang='lat' dir='ltr'>nunc</span> <span class='ocrx_word' id='word_1_184' title='bbox 658 1770 947 1810; x_wconf 89' lang='lat' dir='ltr'>subnectam.</span> <span class='ocrx_word' id='word_1_185' title='bbox 976 1770 1059 1810; x_wconf 85' lang='lat' dir='ltr'>Est</span> <span class='ocrx_word' id='word_1_186' title='bbox 1085 1769 1215 1809; x_wconf 80' lang='lat' dir='ltr'>iuxta</span> <span class='ocrx_word' id='word_1_187' title='bbox 1246 1769 1436 1809; x_wconf 89' lang='lat' dir='ltr'>domum</span> <span class='ocrx_word' id='word_1_188' title='bbox 1470 1774 1681 1808; x_wconf 89' lang='lat' dir='ltr'>nostram</span> <span class='ocrx_word' id='word_1_189' title='bbox 1717 1767 1821 1807; x_wconf 86' lang='lat' dir='ltr'>insi-</span> 
     </span>
     <span class='ocr_line' id='line_1_23' title="bbox 185 1838 1822 1892; baseline -0.002 -11"><span class='ocrx_word' id='word_1_190' title='bbox 185 1841 292 1892; x_wconf 85' lang='lat' dir='ltr'>gnis</span> <span class='ocrx_word' id='word_1_191' title='bbox 319 1842 518 1882; x_wconf 89' lang='lat' dir='ltr'>ecclesia</span> <span class='ocrx_word' id='word_1_192' title='bbox 545 1842 669 1882; x_wconf 85' lang='lat' dir='ltr'>Divo</span> <span class='ocrx_word' id='word_1_193' title='bbox 696 1841 858 1882; x_wconf 89' lang='lat' dir='ltr'>Ioanni</span> <span class='ocrx_word' id='word_1_194' title='bbox 889 1847 1187 1891; x_wconf 87' lang='lat' dir='ltr'>consecrata,</span> <span class='ocrx_word' id='word_1_195' title='bbox 1226 1851 1366 1892; x_wconf 88' lang='lat' dir='ltr'>quam</span> <span class='ocrx_word' id='word_1_196' title='bbox 1399 1839 1539 1879; x_wconf 83' lang='lat' dir='ltr'>habet</span> <span class='ocrx_word' id='word_1_197' title='bbox 1569 1838 1822 1890; x_wconf 86' lang='lat' dir='ltr'>habuitque</span> 
     </span>
     <span class='ocr_line' id='line_1_24' title="bbox 186 1910 1820 1965; baseline -0.001 -14"><span class='ocrx_word' id='word_1_198' title='bbox 186 1923 369 1964; x_wconf 90' lang='lat' dir='ltr'>semper</span> <span class='ocrx_word' id='word_1_199' title='bbox 400 1912 449 1953; x_wconf 83' lang='lat' dir='ltr'>P.</span> <span class='ocrx_word' id='word_1_200' title='bbox 486 1913 699 1965; x_wconf 86' lang='lat' dir='ltr'>Baptista</span> <span class='ocrx_word' id='word_1_201' title='bbox 727 1914 822 1954; x_wconf 90' lang='lat' dir='ltr'>suis</span> <span class='ocrx_word' id='word_1_202' title='bbox 851 1912 1155 1953; x_wconf 87' lang='lat' dir='ltr'>concionibus</span> <span class='ocrx_word' id='word_1_203' title='bbox 1190 1911 1490 1963; x_wconf 87' lang='lat' dir='ltr'>peculiariter</span> <span class='ocrx_word' id='word_1_204' title='bbox 1522 1910 1820 1950; x_wconf 81' lang='lat' dir='ltr'>destinatam.</span> 
     </span>
     <span class='ocr_line' id='line_1_25' title="bbox 185 1981 1824 2036; baseline -0.002 -13"><span class='ocrx_word' id='word_1_205' title='bbox 185 1983 227 2023; x_wconf 91' lang='lat' dir='ltr'>Is</span> <span class='ocrx_word' id='word_1_206' title='bbox 249 1989 423 2035; x_wconf 85' lang='lat' dir='ltr'>autem,</span> <span class='ocrx_word' id='word_1_207' title='bbox 448 1985 526 2036; x_wconf 91' lang='lat' dir='ltr'>qui</span> <span class='ocrx_word' id='word_1_208' title='bbox 546 1996 649 2024; x_wconf 90' lang='lat' dir='ltr'>eam</span> <span class='ocrx_word' id='word_1_209' title='bbox 680 1985 965 2034; x_wconf 86' lang='lat' dir='ltr'>moderatur,</span> <span class='ocrx_word' id='word_1_210' title='bbox 990 1996 1048 2024; x_wconf 76' lang='lat' dir='ltr'>ex</span> <span class='ocrx_word' id='word_1_211' title='bbox 1069 1995 1263 2023; x_wconf 89' lang='lat' dir='ltr'>numero</span> <span class='ocrx_word' id='word_1_212' title='bbox 1285 1988 1354 2022; x_wconf 89' lang='lat' dir='ltr'>est</span> <span class='ocrx_word' id='word_1_213' title='bbox 1376 1993 1559 2032; x_wconf 87' lang='lat' dir='ltr'>eorum,</span> <span class='ocrx_word' id='word_1_214' title='bbox 1584 1981 1662 2032; x_wconf 91' lang='lat' dir='ltr'>qui</span> <span class='ocrx_word' id='word_1_215' title='bbox 1684 1992 1824 2021; x_wconf 91' lang='lat' dir='ltr'>cruce</span> 
     </span>
     <span class='ocr_line' id='line_1_26' title="bbox 186 2052 1822 2107; baseline -0.001 -14"><span class='ocrx_word' id='word_1_216' title='bbox 186 2055 357 2105; x_wconf 87' lang='lat' dir='ltr'>signati</span> <span class='ocrx_word' id='word_1_217' title='bbox 379 2062 508 2106; x_wconf 88' lang='lat' dir='ltr'>sunt;</span> <span class='ocrx_word' id='word_1_218' title='bbox 531 2056 606 2096; x_wconf 83' lang='lat' dir='ltr'>vir</span> <span class='ocrx_word' id='word_1_219' title='bbox 631 2056 843 2107; x_wconf 89' lang='lat' dir='ltr'>profecto</span> <span class='ocrx_word' id='word_1_220' title='bbox 872 2055 1041 2106; x_wconf 88' lang='lat' dir='ltr'>dignus</span> <span class='ocrx_word' id='word_1_221' title='bbox 1070 2054 1153 2094; x_wconf 92' lang='lat' dir='ltr'>tali</span> <span class='ocrx_word' id='word_1_222' title='bbox 1181 2065 1389 2094; x_wconf 89' lang='lat' dir='ltr'>munere.</span> <span class='ocrx_word' id='word_1_223' title='bbox 1421 2053 1511 2093; x_wconf 93' lang='lat' dir='ltr'>Hic</span> <span class='ocrx_word' id='word_1_224' title='bbox 1542 2052 1683 2103; x_wconf 88' lang='lat' dir='ltr'>igitur</span> <span class='ocrx_word' id='word_1_225' title='bbox 1715 2064 1822 2092; x_wconf 92' lang='lat' dir='ltr'>cum</span> 
     </span>
     <span class='ocr_line' id='line_1_27' title="bbox 186 2122 1822 2178; baseline -0.001 -14"><span class='ocrx_word' id='word_1_226' title='bbox 186 2126 404 2177; x_wconf 86' lang='lat' dir='ltr'>caeteris,</span> <span class='ocrx_word' id='word_1_227' title='bbox 441 2138 639 2178; x_wconf 92' lang='lat' dir='ltr'>quorum</span> <span class='ocrx_word' id='word_1_228' title='bbox 673 2126 780 2166; x_wconf 88' lang='lat' dir='ltr'>fidei</span> <span class='ocrx_word' id='word_1_229' title='bbox 815 2122 1042 2166; x_wconf 86' lang='lat' dir='ltr'>ecclesiae</span> <span class='ocrx_word' id='word_1_230' title='bbox 1077 2126 1222 2165; x_wconf 90' lang='lat' dir='ltr'>tutela</span> <span class='ocrx_word' id='word_1_231' title='bbox 1257 2124 1508 2164; x_wconf 85' lang='lat' dir='ltr'>commissa</span> <span class='ocrx_word' id='word_1_232' title='bbox 1543 2129 1637 2173; x_wconf 90' lang='lat' dir='ltr'>est,</span> <span class='ocrx_word' id='word_1_233' title='bbox 1674 2134 1822 2174; x_wconf 92' lang='lat' dir='ltr'>nuper</span> 
     </span>
     <span class='ocr_line' id='line_1_28' title="bbox 187 2193 1823 2249; baseline -0.002 -14"><span class='ocrx_word' id='word_1_234' title='bbox 187 2194 234 2235; x_wconf 87' lang='lat' dir='ltr'>P.</span> <span class='ocrx_word' id='word_1_235' title='bbox 276 2196 524 2237; x_wconf 86' lang='lat' dir='ltr'>Rectorem</span> <span class='ocrx_word' id='word_1_236' title='bbox 557 2197 805 2249; x_wconf 92' lang='lat' dir='ltr'>alloquuti,</span> <span class='ocrx_word' id='word_1_237' title='bbox 842 2203 1008 2249; x_wconf 90' lang='lat' dir='ltr'>sponte</span> <span class='ocrx_word' id='word_1_238' title='bbox 1043 2197 1324 2246; x_wconf 90' lang='lat' dir='ltr'>obtulerunt,</span> <span class='ocrx_word' id='word_1_239' title='bbox 1361 2194 1569 2247; x_wconf 88' lang='lat' dir='ltr'>quinimo</span> <span class='ocrx_word' id='word_1_240' title='bbox 1604 2193 1823 2245; x_wconf 90' lang='lat' dir='ltr'>precibus</span> 
     </span>
     <span class='ocr_line' id='line_1_29' title="bbox 188 2265 1820 2320; baseline -0.002 -14"><span class='ocrx_word' id='word_1_241' title='bbox 188 2267 329 2307; x_wconf 88' lang='lat' dir='ltr'>etiam</span> <span class='ocrx_word' id='word_1_242' title='bbox 348 2268 630 2320; x_wconf 89' lang='lat' dir='ltr'>institerunt,</span> <span class='ocrx_word' id='word_1_243' title='bbox 654 2278 703 2309; x_wconf 92' lang='lat' dir='ltr'>ut</span> <span class='ocrx_word' id='word_1_244' title='bbox 723 2269 846 2309; x_wconf 90' lang='lat' dir='ltr'>intra</span> <span class='ocrx_word' id='word_1_245' title='bbox 874 2274 1006 2320; x_wconf 89' lang='lat' dir='ltr'>septa</span> <span class='ocrx_word' id='word_1_246' title='bbox 1035 2267 1263 2307; x_wconf 88' lang='lat' dir='ltr'>ecclesiae</span> <span class='ocrx_word' id='word_1_247' title='bbox 1291 2278 1404 2306; x_wconf 86' lang='lat' dir='ltr'>suae</span> <span class='ocrx_word' id='word_1_248' title='bbox 1423 2266 1579 2306; x_wconf 89' lang='lat' dir='ltr'>locum</span> <span class='ocrx_word' id='word_1_249' title='bbox 1600 2265 1820 2315; x_wconf 90' lang='lat' dir='ltr'>deligere-</span> 
     </span>
     <span class='ocr_line' id='line_1_30' title="bbox 189 2335 1823 2390; baseline -0.002 -13"><span class='ocrx_word' id='word_1_250' title='bbox 189 2350 291 2378; x_wconf 88' lang='lat' dir='ltr'>mus</span> <span class='ocrx_word' id='word_1_251' title='bbox 331 2338 549 2380; x_wconf 87' lang='lat' dir='ltr'>idoneum</span> <span class='ocrx_word' id='word_1_252' title='bbox 590 2339 851 2380; x_wconf 87' lang='lat' dir='ltr'>extruendo</span> <span class='ocrx_word' id='word_1_253' title='bbox 897 2338 1106 2390; x_wconf 90' lang='lat' dir='ltr'>Collegio</span> <span class='ocrx_word' id='word_1_254' title='bbox 1152 2337 1378 2378; x_wconf 84' lang='lat' dir='ltr'>Societati</span> <span class='ocrx_word' id='word_1_255' title='bbox 1421 2343 1638 2386; x_wconf 86' lang='lat' dir='ltr'>nostrae,</span> <span class='ocrx_word' id='word_1_256' title='bbox 1685 2335 1823 2386; x_wconf 90' lang='lat' dir='ltr'>idque</span> 
     </span>
     <span class='ocr_line' id='line_1_31' title="bbox 190 2406 1824 2462; baseline -0.002 -13"><span class='ocrx_word' id='word_1_257' title='bbox 190 2411 377 2449; x_wconf 87' lang='lat' dir='ltr'>omnino</span> <span class='ocrx_word' id='word_1_258' title='bbox 415 2411 587 2462; x_wconf 86' lang='lat' dir='ltr'>gratis,</span> <span class='ocrx_word' id='word_1_259' title='bbox 633 2410 858 2451; x_wconf 88' lang='lat' dir='ltr'>addentes</span> <span class='ocrx_word' id='word_1_260' title='bbox 906 2410 1118 2462; x_wconf 89' lang='lat' dir='ltr'>insuper,</span> <span class='ocrx_word' id='word_1_261' title='bbox 1160 2421 1218 2448; x_wconf 92' lang='lat' dir='ltr'>ne</span> <span class='ocrx_word' id='word_1_262' title='bbox 1256 2408 1378 2448; x_wconf 91' lang='lat' dir='ltr'>forte</span> <span class='ocrx_word' id='word_1_263' title='bbox 1415 2408 1546 2447; x_wconf 90' lang='lat' dir='ltr'>locus</span> <span class='ocrx_word' id='word_1_264' title='bbox 1585 2406 1824 2446; x_wconf 88' lang='lat' dir='ltr'>videretur</span> 
     </span>
     <span class='ocr_line' id='line_1_32' title="bbox 152 2476 1822 2534; baseline -0.002 -14"><span class='ocrx_word' id='word_1_265' title='bbox 152 2477 156 2480; x_wconf 79' lang='grc'><strong>’</strong></span> <span class='ocrx_word' id='word_1_266' title='bbox 190 2482 435 2532; x_wconf 88' lang='lat' dir='ltr'>angustior</span> <span class='ocrx_word' id='word_1_267' title='bbox 468 2493 609 2534; x_wconf 88' lang='lat' dir='ltr'>quam</span> <span class='ocrx_word' id='word_1_268' title='bbox 633 2494 719 2534; x_wconf 92' lang='lat' dir='ltr'>par</span> <span class='ocrx_word' id='word_1_269' title='bbox 746 2488 893 2532; x_wconf 89' lang='lat' dir='ltr'>esset,</span> <span class='ocrx_word' id='word_1_270' title='bbox 924 2481 1061 2521; x_wconf 89' lang='lat' dir='ltr'>facile</span> <span class='ocrx_word' id='word_1_271' title='bbox 1095 2479 1313 2532; x_wconf 90' lang='lat' dir='ltr'>protendi</span> <span class='ocrx_word' id='word_1_272' title='bbox 1345 2490 1506 2530; x_wconf 90' lang='lat' dir='ltr'>posse,</span> <span class='ocrx_word' id='word_1_273' title='bbox 1539 2478 1717 2529; x_wconf 85' lang='lat' dir='ltr'>aliquot</span> <span class='ocrx_word' id='word_1_274' title='bbox 1746 2476 1822 2517; x_wconf 95' lang='lat' dir='ltr'>do-</span> 
     </span>
     <span class='ocr_line' id='line_1_33' title="bbox 190 2547 1823 2604; baseline -0.002 -13"><span class='ocrx_word' id='word_1_275' title='bbox 190 2553 435 2604; x_wconf 89' lang='lat' dir='ltr'>munculis,</span> <span class='ocrx_word' id='word_1_276' title='bbox 459 2565 577 2604; x_wconf 88' lang='lat' dir='ltr'>quae</span> <span class='ocrx_word' id='word_1_277' title='bbox 599 2553 646 2593; x_wconf 88' lang='lat' dir='ltr'>in</span> <span class='ocrx_word' id='word_1_278' title='bbox 667 2553 865 2593; x_wconf 89' lang='lat' dir='ltr'>circuitu</span> <span class='ocrx_word' id='word_1_279' title='bbox 886 2559 1007 2600; x_wconf 87' lang='lat' dir='ltr'>sunt,</span> <span class='ocrx_word' id='word_1_280' title='bbox 1030 2563 1180 2603; x_wconf 83' lang='lat' dir='ltr'>parvo</span> <span class='ocrx_word' id='word_1_281' title='bbox 1203 2562 1310 2591; x_wconf 86' lang='lat' dir='ltr'>aere</span> <span class='ocrx_word' id='word_1_282' title='bbox 1328 2548 1627 2599; x_wconf 84' lang='lat' dir='ltr'>comparatis.</span> <span class='ocrx_word' id='word_1_283' title='bbox 1650 2547 1823 2599; x_wconf 87' lang='lat' dir='ltr'>Ignoro</span> 
     </span>
     <span class='ocr_line' id='line_1_34' title="bbox 190 2619 1823 2675; baseline -0.004 -11"><span class='ocrx_word' id='word_1_284' title='bbox 190 2624 299 2675; x_wconf 88' lang='lat' dir='ltr'>quid</span> <span class='ocrx_word' id='word_1_285' title='bbox 326 2624 414 2663; x_wconf 92' lang='lat' dir='ltr'>hac</span> <span class='ocrx_word' id='word_1_286' title='bbox 448 2624 496 2664; x_wconf 93' lang='lat' dir='ltr'>in</span> <span class='ocrx_word' id='word_1_287' title='bbox 516 2635 567 2664; x_wconf 91' lang='lat' dir='ltr'>re</span> <span class='ocrx_word' id='word_1_288' title='bbox 592 2623 691 2664; x_wconf 88' lang='lat' dir='ltr'>fiet:</span> <span class='ocrx_word' id='word_1_289' title='bbox 719 2623 864 2663; x_wconf 88' lang='lat' dir='ltr'>faciat</span> <span class='ocrx_word' id='word_1_290' title='bbox 898 2622 1129 2663; x_wconf 87' lang='lat' dir='ltr'>Dominus</span> <span class='ocrx_word' id='word_1_291' title='bbox 1157 2622 1286 2662; x_wconf 86' lang='lat' dir='ltr'>Iesus</span> <span class='ocrx_word' id='word_1_292' title='bbox 1320 2620 1443 2672; x_wconf 91' lang='lat' dir='ltr'>quod</span> <span class='ocrx_word' id='word_1_293' title='bbox 1472 2620 1646 2659; x_wconf 93' lang='lat' dir='ltr'>bonum</span> <span class='ocrx_word' id='word_1_294' title='bbox 1674 2626 1743 2658; x_wconf 90' lang='lat' dir='ltr'>est</span> <span class='ocrx_word' id='word_1_295' title='bbox 1777 2619 1823 2657; x_wconf 92' lang='lat' dir='ltr'>in</span> 
     </span>
     <span class='ocr_line' id='line_1_35' title="bbox 191 2690 1819 2746; baseline -0.005 -10"><span class='ocrx_word' id='word_1_296' title='bbox 191 2695 338 2736; x_wconf 90' lang='lat' dir='ltr'>oculis</span> <span class='ocrx_word' id='word_1_297' title='bbox 374 2696 485 2736; x_wconf 87' lang='lat' dir='ltr'>suis.</span> <span class='ocrx_word' id='word_1_298' title='bbox 515 2695 608 2746; x_wconf 91' lang='lat' dir='ltr'>Ipsi</span> <span class='ocrx_word' id='word_1_299' title='bbox 641 2695 765 2745; x_wconf 88' lang='lat' dir='ltr'>laus,</span> <span class='ocrx_word' id='word_1_300' title='bbox 793 2695 945 2734; x_wconf 92' lang='lat' dir='ltr'>honor</span> <span class='ocrx_word' id='word_1_301' title='bbox 972 2700 1017 2734; x_wconf 92' lang='lat' dir='ltr'>et</span> <span class='ocrx_word' id='word_1_302' title='bbox 1037 2693 1188 2745; x_wconf 91' lang='lat' dir='ltr'>gloria</span> <span class='ocrx_word' id='word_1_303' title='bbox 1220 2693 1267 2732; x_wconf 94' lang='lat' dir='ltr'>in</span> <span class='ocrx_word' id='word_1_304' title='bbox 1297 2692 1486 2732; x_wconf 87' lang='lat' dir='ltr'>saecula</span> <span class='ocrx_word' id='word_1_305' title='bbox 1509 2690 1819 2730; x_wconf 89' lang='lat' dir='ltr'>saeculorum.</span> 
     </span>
     <span class='ocr_line' id='line_1_36' title="bbox 190 2761 1825 2813; baseline -0.005 -6"><span class='ocrx_word' id='word_1_306' title='bbox 190 2766 357 2807; x_wconf 89' lang='lat' dir='ltr'>Amen.</span> <span class='ocrx_word' id='word_1_307' title='bbox 393 2766 469 2807; x_wconf 89' lang='lat' dir='ltr'>Ad</span> <span class='ocrx_word' id='word_1_308' title='bbox 502 2766 626 2806; x_wconf 91' lang='lat' dir='ltr'>hanc</span> <span class='ocrx_word' id='word_1_309' title='bbox 659 2771 817 2806; x_wconf 90' lang='lat' dir='ltr'>autem</span> <span class='ocrx_word' id='word_1_310' title='bbox 845 2766 1108 2805; x_wconf 89' lang='lat' dir='ltr'>ultroneam</span> <span class='ocrx_word' id='word_1_311' title='bbox 1142 2763 1426 2804; x_wconf 89' lang='lat' dir='ltr'>oblationem</span> <span class='ocrx_word' id='word_1_312' title='bbox 1462 2761 1641 2813; x_wconf 88' lang='lat' dir='ltr'>impulit</span> <span class='ocrx_word' id='word_1_313' title='bbox 1675 2761 1825 2801; x_wconf 90' lang='lat' dir='ltr'>bonos</span> 
     </span>
     <span class='ocr_line' id='line_1_37' title="bbox 191 2832 1823 2889; baseline -0.004 -11"><span class='ocrx_word' id='word_1_314' title='bbox 191 2839 294 2878; x_wconf 91' lang='lat' dir='ltr'>illos</span> <span class='ocrx_word' id='word_1_315' title='bbox 314 2838 444 2878; x_wconf 84' lang='lat' dir='ltr'>viros</span> <span class='ocrx_word' id='word_1_316' title='bbox 465 2848 674 2878; x_wconf 89' lang='lat' dir='ltr'>summus</span> <span class='ocrx_word' id='word_1_317' title='bbox 693 2848 839 2887; x_wconf 89' lang='lat' dir='ltr'>amor,</span> <span class='ocrx_word' id='word_1_318' title='bbox 864 2848 954 2889; x_wconf 92' lang='lat' dir='ltr'>quo</span> <span class='ocrx_word' id='word_1_319' title='bbox 976 2847 1091 2887; x_wconf 81' lang='lat' dir='ltr'>erga</span> <span class='ocrx_word' id='word_1_320' title='bbox 1112 2847 1198 2875; x_wconf 91' lang='lat' dir='ltr'>nos</span> <span class='ocrx_word' id='word_1_321' title='bbox 1215 2840 1518 2884; x_wconf 87' lang='lat' dir='ltr'>nostramque</span> <span class='ocrx_word' id='word_1_322' title='bbox 1536 2832 1823 2873; x_wconf 83' lang='lat' dir='ltr'>Societatem</span> 
     </span>
     <span class='ocr_line' id='line_1_38' title="bbox 191 2909 699 2961; baseline -0.004 -12"><span class='ocrx_word' id='word_1_323' title='bbox 191 2920 375 2961; x_wconf 90' lang='lat' dir='ltr'>semper</span> <span class='ocrx_word' id='word_1_324' title='bbox 397 2909 551 2949; x_wconf 89' lang='lat' dir='ltr'>affecti</span> <span class='ocrx_word' id='word_1_325' title='bbox 577 2914 699 2948; x_wconf 88' lang='lat' dir='ltr'>sunt.</span> 
     </span>
    </p>
   </div>
   <div class='ocr_carea' id='block_1_3' title="bbox 248 3068 1234 3104">
    <p class='ocr_par' dir='ltr' id='par_1_4' title="bbox 248 3068 1234 3104">
     <span class='ocr_line' id='line_1_39' title="bbox 248 3068 1234 3104; baseline -0.004 -7"><span class='ocrx_word' id='word_1_326' title='bbox 248 3069 256 3089; x_wconf 86' lang='lat'><strong>¹</strong></span> <span class='ocrx_word' id='word_1_327' title='bbox 297 3069 359 3097; x_wconf 85' lang='lat' dir='ltr'>nisi</span> <span class='ocrx_word' id='word_1_328' title='bbox 376 3070 551 3104; x_wconf 82' lang='lat' dir='ltr'>quaedam</span> <span class='ocrx_word' id='word_1_329' title='bbox 567 3069 638 3096; x_wconf 81' lang='lat' dir='ltr'>sibi</span> <span class='ocrx_word' id='word_1_330' title='bbox 652 3070 794 3096; x_wconf 81' lang='lat' dir='ltr'>omnino</span> <span class='ocrx_word' id='word_1_331' title='bbox 804 3068 1039 3102; x_wconf 81' lang='lat' dir='ltr'>praestanda.</span> <span class='ocrx_word' id='word_1_332' title='bbox 1060 3068 1234 3095; x_wconf 71' lang='lat' dir='ltr'>Polaneus.</span> 
     </span>
    </p>
   </div>
  </div>
 </body>
</html>
