2168 3437
316 286 387 322 526
829 281 1058 318 LITTERAE
1083 288 1442 323 QUADRIMESTRES

317 381 390 432 gis
411 391 553 431 quam
572 377 663 418 Dei
683 378 783 418 zelo
806 377 953 427 ducti,
978 382 1075 416 tam
1094 375 1171 427 pia
1188 381 1377 427 tamque
1394 373 1633 414 salutifera
1651 385 1746 413 non
1764 379 1950 414 cessant

319 450 570 502 reprobare
593 448 841 497 exercitia,
866 447 924 487 ad
942 458 1142 498 quorum
1160 445 1527 486 confutationem
1543 456 1636 484 non
1652 456 1819 496 parum
1836 444 1950 484 acri-

321 522 506 562 moniae
528 520 727 560 accessit
758 531 816 559 ex
845 518 1157 571 positionibus
1187 516 1466 567 theologicis
1493 527 1519 555 a
1549 515 1599 555 P.
1633 515 1692 556 V.
1727 515 1817 555 huc
1847 515 1951 555 mis-

320 594 382 633 sis
411 592 438 642 ¹,
462 603 580 643 quas
599 596 697 631 tam
718 589 888 631 Ven.1is
913 589 1061 629 Dnus.
1087 588 1408 630 Cancellarius
1428 586 1442 605 ²
1464 599 1605 639 quam
1636 586 1715 626 alii
1745 586 1954 626 nonnulli

319 662 535 714 magistri
556 663 644 702 nri.
669 661 682 680 ⁵
705 673 812 702 cum
835 660 1161 701 aedificatione
1181 660 1412 710 legerunt.

399 734 579 774 Tantus
609 734 656 773 in
685 733 900 773 omnibus
929 731 1114 783 templis
1141 729 1586 771 communicantium
1622 728 1707 768 fuit
1733 738 1956 768 numerus

319 818 403 858 per
425 805 638 856 singulos
660 804 780 854 dies,
804 803 969 855 quibus
990 802 1203 842 natalitia
1224 801 1332 841 Dni.
1358 801 1595 841 celebrata
1626 806 1755 850 sunt,
1786 805 1836 839 ut
1861 810 1955 839 non

320 877 552 918 immerito
573 876 853 916 intuentium
876 876 1038 914 oculos
1059 880 1103 914 et
1125 873 1270 913 corda
1291 873 1338 912 in
1359 883 1590 912 summam
1608 877 1795 923 raperet
1813 870 1954 910 admi-

320 949 574 998 rationem,
599 947 699 998 ipso
723 947 817 997 die,
841 957 933 997 quo
955 951 1094 985 natus
1125 950 1194 984 est
1220 943 1465 994 Salvator,
1505 943 1552 983 in
1586 942 1759 993 templo
1795 940 1956 982 Sancti

319 1020 445 1060 Petri
467 1019 556 1059 duo
579 1018 724 1058 millia
745 1017 1007 1065 hominum,
1032 1021 1112 1056 aut
1139 1027 1193 1055 eo
1225 1015 1445 1066 amplius,
1483 1013 1842 1055 Sacratissimae
1869 1013 1956 1053 Eu-

323 1090 578 1132 charistiae
598 1089 854 1141 sumpsisse
876 1087 1259 1138 Sacramentum,
1278 1086 1402 1138 quod
1420 1086 1620 1126 antehac
1638 1084 1847 1125 auditum
1862 1095 1956 1123 non

321 1168 436 1203 erat.
461 1161 504 1202 A
526 1160 897 1201 confessionibus
918 1158 1161 1199 audiendis
1182 1170 1421 1209 nunquam
1442 1162 1679 1197 cessatum
1700 1162 1769 1196 est
1785 1155 1958 1195 diutius

323 1245 462 1286 quam
484 1233 593 1273 dum
615 1232 746 1272 cibus
763 1231 1038 1282 sumendus,
1058 1242 1194 1270 sacra
1213 1229 1515 1280 celebranda,
1540 1234 1619 1268 aut
1635 1227 1831 1268 verbum
1848 1226 1956 1266 Dni.

321 1304 690 1358 praedicandum
711 1303 884 1353 fuerat,
908 1303 954 1342 in
972 1302 1138 1354 quibus
1164 1300 1286 1341 ΚΜ
1310 1300 1385 1341 Pr.
1411 1299 1650 1340 Adrianus
1674 1310 1785 1339 rara
1806 1298 1960 1350 quada

323 1376 570 1428 prudentia
607 1387 714 1416 cum
741 1375 895 1415 fructu
927 1374 1134 1414 maximo
1168 1378 1407 1422 Versatur,
1442 1371 1694 1423 praecipue
1724 1370 1960 1410 studiosae

328 1448 586 1489 iuventutis
621 1453 665 1487 et
699 1446 1029 1495 Sacerdotum,
1067 1446 1145 1496 qui
1180 1443 1432 1490 confitendi
1470 1449 1557 1495 gra
1596 1442 1654 1482 ad
1690 1442 1819 1482 illum
1854 1452 1960 1480 con-

324 1519 497 1569 fluunt;
530 1531 623 1558 non
654 1518 790 1558 huius
819 1517 1064 1557 dumtaxat
1090 1516 1294 1556 ciuitatis
1315 1515 1548 1565 homines,
1573 1514 1654 1553 sed
1672 1525 1697 1553 a
1716 1513 1865 1552 tribus
1882 1517 1962 1552 aut

258 1598 260 1601 ’
325 1596 525 1642 quatuor
547 1589 825 1629 milliaribus
845 1588 1008 1628 rustici
1028 1599 1113 1639 pro
1136 1587 1452 1637 conscientiae
1474 1597 1586 1626 suae
1616 1584 1826 1636 aequiori
1853 1594 1960 1624 con-

325 1662 428 1702 silio
451 1661 511 1701 ad
532 1672 637 1701 eum
658 1660 866 1700 veniunt.
890 1658 1150 1699 Puerorum
1172 1658 1361 1709 insuper
1383 1662 1511 1697 tanta
1534 1656 1593 1696 ad
1621 1655 1962 1696 confessionem

324 1734 454 1774 venit
483 1730 731 1773 multitudo
761 1736 810 1771 ut
839 1730 1012 1782 integri
1039 1741 1267 1782 persaepe
1289 1729 1387 1769 dies
1409 1727 1654 1768 audiendis
1677 1725 1961 1767 erudiendis-

326 1817 414 1857 que
435 1804 524 1844 illis
546 1804 861 1852 insumantur,
882 1802 960 1853 qui
977 1801 1086 1841 hinc
1108 1812 1310 1852 magnae
1331 1799 1430 1851 spei
1448 1806 1492 1839 et
1511 1798 1850 1839 aedificationis
1871 1796 1960 1836 fra-

325 1881 543 1928 grantem
564 1874 812 1927 quemdam
835 1874 1046 1923 odorem,
1071 1872 1197 1912 haud
1218 1883 1353 1912 secus
1377 1883 1432 1911 ac
1454 1871 1494 1911 si
1521 1882 1628 1910 cum
1658 1871 1779 1910 lacte
1807 1868 1962 1909 animo

325 1935 635 1996 imbibissent,
659 1957 773 1997 prae
795 1957 843 1985 se
864 1945 1044 1995 ferunt;
1068 1950 1132 1995 et,
1156 1950 1207 1983 ut
1224 1943 1279 1983 de
1297 1943 1456 1983 multis
1473 1941 1705 1993 quaedam
1723 1940 1964 1991 sigillatim

325 2018 547 2068 referam,
568 2018 659 2057 duo
677 2017 869 2067 ingenui
886 2016 1099 2066 iuvenes,
1121 2003 1269 2055 annos
1288 2014 1474 2054 circiter
1491 2013 1663 2064 viginti
1679 2012 1792 2061 nati,
1812 2023 1964 2052 susce-

324 2096 404 2142 pta
424 2089 472 2130 in
492 2089 763 2129 liberalibus
786 2087 966 2128 artibus
987 2087 1307 2138 promotione,
1330 2086 1534 2136 laxaque
1551 2084 1689 2124 nimis
1708 2083 1817 2124 freti
1834 2082 1965 2123 liber-

327 2168 443 2212 tate,
468 2160 634 2201 studiis
655 2159 951 2212 postpositis,
975 2164 1318 2210 parentumque
1348 2156 1518 2207 spretis
1545 2155 1758 2205 monitis,
1793 2154 1839 2194 in
1865 2164 1963 2205 per-

327 2232 473 2273 ditam
493 2231 875 2282 luxuriosamque
897 2229 1160 2270 inciderant
1182 2229 1345 2269 Vitam.
1370 2227 1505 2268 Unde
1532 2227 1744 2276 tandem,
1776 2226 1832 2265 ob
1863 2236 1965 2276 pec-

329 2304 423 2344 cati
450 2302 855 2352 consuetudinem,
888 2300 975 2341 sibi
1006 2300 1273 2340 reuertendi
1301 2306 1462 2351 patere
1490 2298 1618 2338 viam
1646 2297 1965 2348 desperantes,

328 2387 441 2415 suae
463 2374 766 2426 turpitudinis
788 2385 882 2413 non
902 2373 950 2412 in
971 2383 1020 2412 se
1042 2372 1170 2423 ipsos
1192 2371 1273 2411 sed
1295 2371 1343 2411 in
1363 2370 1517 2410 Deum
1542 2381 1597 2409 ac
1614 2374 1812 2408 naturae
1828 2366 1966 2418 fragi-

328 2447 507 2487 litatem
528 2452 679 2486 totum
700 2445 963 2485 reiecerant
983 2450 1188 2484 reatum:
1213 2443 1295 2483 sed
1315 2442 1506 2482 tandem
1527 2440 1702 2480 devicti
1719 2438 1966 2479 confessio-

330 2518 402 2558 nis
423 2517 574 2557 officio
597 2523 641 2556 et
664 2515 822 2555 diuina
843 2515 1046 2567 promoti
1067 2521 1187 2566 gra„
1218 2514 1365 2554 vitam
1397 2518 1545 2552 totam
1581 2511 1629 2551 in
1656 2510 1819 2550 melius
1848 2520 1967 2549 com-

330 2594 585 2629 mutarunt.
624 2587 800 2627 Retulit
834 2587 949 2627 mihi
983 2586 1123 2637 alter,
1161 2585 1239 2637 qui
1279 2584 1467 2636 saepius
1507 2583 1600 2623 iam
1641 2580 1886 2622 confitetur
1925 2585 1969 2620 et

332 2659 646 2700 communicat
673 2670 681 2698 τ
722 2669 961 2710 nunquam
1000 2657 1256 2709 potuissem
1298 2655 1518 2707 possibile
1559 2653 1751 2694 credere
1791 2656 1969 2691 tantam

332 2744 390 2771 ex
412 2731 742 2772 communione
764 2728 1056 2770 dulcedinem
1077 2734 1121 2768 et
1140 2728 1345 2768 fructum
1362 2725 1556 2776 hauriri,
1575 2724 1664 2764 nisi
1681 2722 1969 2775 experientia

334 2803 528 2842 edoctus
550 2813 716 2842 essem.

389 2962 399 2982 ¹
438 2961 526 2988 Vide
542 2961 711 2990 POLANco.
733 2960 949 2992 chronicon„
964 2964 986 2987 t.
1004 2966 1059 2992 111,
1075 2966 1152 2993 pag.
1170 2958 1198 2993 8,
1213 2966 1243 2985 n.
1257 2958 1283 2986 6.

389 3010 402 3029 ‘-’
440 3009 599 3036 Ruardus
614 3009 760 3043 Tapper.

387 3058 401 3078 5
441 3056 577 3084 Scilicet
593 3056 744 3089 theologi
757 3056 925 3083 doctores.
942 3055 1027 3082 Vide
1054 3054 1211 3088 Cartasy
1228 3055 1321 3080 otros
1336 3052 1483 3079 escrz'tos
1497 3051 1554 3077 del
1568 3050 1610 3078 Β.
1626 3050 1663 3076 Ρ.
1679 3049 1792 3076 Pedro
1806 3047 1921 3075 Fabro
1937 3050 1970 3074 et

336 3105 485 3132 POLANCI
503 3104 704 3131 Chronicon.
