2168 3437
323 274 396 311 634
843 270 1070 307 LITTERAE
1097 278 1457 312 QUADRIMESTRES

947 720 1347 776 OGLXXXVI

399 951 448 989 Ρ.
470 952 668 998 Joannes
688 950 741 988 de
766 950 1101 988 Valderrabano

445 1017 568 1054 Patri
586 1016 756 1064 Ignatio
776 1016 830 1053 de
849 1015 1034 1064 Loyola.

496 1081 772 1127 Vallisoleto‚
795 1082 812 1117 1
833 1080 939 1128 Maji
960 1080 1052 1117 1554
1070 1081 1095 1116 ¹.

1096 1288 1193 1342 jhs.

403 1503 672 1545 Admodum
693 1504 970 1545 Reverende
990 1503 1129 1544 Pater
1150 1504 1198 1543 in
1220 1502 1422 1543 Christo.

400 1574 567 1616 Gratia
588 1582 633 1616 et
654 1588 749 1628 pax
776 1575 967 1616 Domini
994 1575 1142 1616 nostri
1171 1575 1283 1628 Jesu
1314 1574 1489 1615 Christi
1520 1575 1579 1615 sit
1609 1586 1792 1626 semper
1814 1575 1969 1615 nobis-

324 1659 447 1688 cum.
470 1646 641 1688 Amen.
667 1664 670 1666 ·

396 1718 458 1759 Ut
493 1718 783 1759 satisfaciam
816 1724 1068 1770 praecepto
1106 1724 1213 1758 tuae
1241 1717 1294 1758 R.
1328 1716 1377 1758 P.
1412 1717 1460 1757 in
1491 1717 1843 1758 conscribendis
1877 1717 1964 1769 his,

318 1801 438 1841 quae
468 1802 551 1842 per
580 1802 666 1831 nos
698 1790 820 1840 (licet
854 1790 1036 1830 inutilia
1067 1789 1394 1839 instrumenta)
1425 1788 1656 1829 Dominus
1686 1794 1846 1829 noster
1877 1788 1969 1829 hoc

318 1861 649 1913 quadrimestri
676 1862 930 1913 praeterito
962 1861 1150 1913 operari
1183 1860 1404 1912 dignatus
1432 1866 1501 1900 est
1530 1860 1652 1911 (licet
1680 1861 1827 1901 multa
1855 1866 1969 1911 agat

317 1931 549 1972 Dominus
578 1933 625 1972 in
659 1932 811 1973 servis
839 1933 955 1983 suis,
987 1944 1107 1984 quae
1137 1931 1196 1971 ad
1226 1931 1436 1982 ipsarum
1462 1943 1621 1972 rerum
1650 1931 1852 1972 ministri
1872 1943 1968 1971 non

316 2004 595 2056 perveniant
629 2003 875 2054 notitiam),
914 2010 1072 2043 tamen
1105 2014 1283 2053 eorum,
1321 2013 1440 2054 quae
1476 2002 1535 2042 ad
1570 2014 1655 2043 nos
1689 2014 1963 2054 pervenere,

316 2087 470 2127 pauca
492 2075 568 2115 hic
590 2075 860 2115 recensebo.

399 2146 514 2187 Cum
535 2145 611 2186 hic
632 2146 891 2198 principale
914 2145 1192 2185 exercitium
1212 2149 1425 2184 nostrum
1447 2144 1505 2184 sit
1524 2144 1651 2184 circa
1668 2143 1963 2184 administra-

317 2217 491 2257 tionem
513 2223 919 2257 sacramentorum
939 2216 1254 2268 poenitentiae
1281 2222 1326 2255 et
1354 2214 1702 2266 Eucharistiae,
1727 2214 1774 2255 in
1797 2221 1962 2255 sancto

314 2288 540 2340 jubilaeo,
573 2288 696 2340 quod
728 2288 816 2328 hoc
851 2287 1183 2340 quadrimestri
1213 2287 1466 2338 praeterito
1496 2287 1845 2338 promulgatum
1875 2292 1958 2336 est,

314 2359 400 2400 suit
431 2365 589 2400 tantus
617 2371 877 2399 concursus
905 2358 1194 2400 venientium
1223 2357 1282 2398 ad
1309 2357 1433 2397 hanc
1453 2362 1665 2398 nostram
1686 2357 1875 2397 domum
1905 2357 1964 2397 ad

316 2430 632 2471 confitendum
652 2436 849 2483 peccata
870 2441 970 2480 sua,
994 2435 1043 2469 ut
1064 2429 1202 2469 facile
1232 2429 1292 2469 sit
1317 2428 1479 2468 videre
1501 2428 1548 2468 in
1578 2427 1676 2468 dies
1705 2439 1791 2467 nos
1813 2427 1965 2478 magis

317 2507 538 2553 acceptos
559 2513 661 2542 esse
690 2502 736 2541 in
763 2501 854 2541 hoc
876 2500 1072 2552 oppido,
1102 2505 1343 2540 crescente
1371 2510 1556 2550 semper
1589 2499 1799 2550 ipsorum
1826 2497 1964 2538 devo-

316 2573 441 2613 tione
471 2583 586 2624 erga
615 2584 723 2624 nos,
759 2572 1012 2624 praecipue
1047 2571 1094 2611 in
1127 2570 1503 2623 frequentatione
1538 2574 1960 2610 sacramentorum.

316 2644 388 2684 Ex
409 2644 481 2684 his
502 2644 645 2695 enim,
670 2644 748 2693 qui
769 2644 816 2683 in
838 2643 961 2683 dicto
977 2641 1183 2693 jubilaeo
1206 2648 1249 2682 et
1270 2641 1317 2681 in
1338 2640 1704 2693 quadragesima
1727 2639 1851 2691 apud
1873 2651 1960 2679 nos

318 2715 521 2755 confessi
542 2720 668 2766 sunt,
692 2714 825 2755 multi
845 2718 1109 2754 statuerunt
1129 2713 1231 2764 ipsa
1252 2717 1549 2752 sacramenta
1571 2711 1862 2762 frequentius
1882 2711 1962 2750 ite-

316 2796 444 2836 rare;
476 2791 521 2825 et
548 2786 595 2826 in
624 2778 678 2826 eo
705 2790 1064 2837 perseverantes
1095 2783 1154 2824 ad
1184 2795 1270 2824 nos
1301 2783 1551 2832 accedunt,
1582 2782 1647 2822 ita
1675 2787 1725 2822 ut
1758 2781 1837 2833 qui
1858 2781 1966 2821 huic

318 2857 385 2896 rei
416 2857 722 2908 intendimus,
758 2857 843 2897 vix
877 2855 1088 2896 sufficere
1117 2855 1351 2906 possimus
1380 2853 1439 2893 ad
1470 2852 1751 2893 audiendum
1785 2863 1962 2901 omnes,

379 3040 387 3059 ¹
428 3040 695 3074 Autographum
710 3039 743 3067 in
764 3040 844 3067 folio
859 3039 982 3074 duplici
999 3039 1099 3066 nullis
1115 3037 1265 3065 numeris
1286 3036 1458 3071 distincto,
1480 3036 1512 3064 in
1528 3043 1592 3071 quo
1617 3036 1725 3062 solum
1748 3043 1867 3063 nomen
1889 3036 1966 3062 sub—

318 3086 485 3121 scriptum
508 3091 559 3115 est
575 3095 678 3114 manu
695 3087 802 3121 ipsius
816 3087 956 3120 Joannis
971 3086 1247 3114 Valderrabano.
