2168 3437
288 261 358 298 030
800 262 1028 300 LITTERAE
1055 274 1415 306 QUADRIMESTRES

288 368 411 396 nunc
433 357 524 408 illo,
550 356 673 408 quod
695 363 940 408 tantopere
958 358 1188 409 cupiebat,
1215 370 1321 398 cum
1340 359 1519 410 ingenti
1542 359 1685 399 animi
1704 362 1925 413 tranquil-

289 427 416 466 litate
452 433 495 466 et
531 427 702 478 gaudio
736 428 1005 479 perfruitur,
1039 430 1327 481 multumque
1361 429 1493 469 nobis
1523 431 1716 481 praebet
1745 437 1789 471 et
1824 432 1926 472 obe-

290 498 492 537 dientiae
528 504 571 538 et
598 498 875 539 humilitatis
903 500 1168 551 exemplum
1192 499 1224 540 ¹.
1254 500 1378 540 Inter
1407 501 1523 540 alios
1552 501 1738 552 quidam
1766 513 1927 542 secun-

290 568 399 608 dum
430 580 625 620 annum,
656 570 846 620 quidam
873 571 1061 610 tertium
1089 571 1135 610 in
1164 571 1333 610 artium
1358 571 1620 612 liberalium
1650 584 1791 613 cursu
1821 585 1927 613 con-

289 646 609 680 sumaverant.
647 640 780 681 Unus
811 647 880 681 est
909 642 1269 693 grammaticus,
1302 642 1385 682 sed
1417 642 1571 683 indole
1598 644 1746 695 proba
1775 650 1819 684 et
1849 657 1925 685 na-

290 710 388 750 tiva
409 711 612 762 quadam
634 712 842 752 bonitate
865 712 1063 763 insignis
1151 712 1253 763 Quo
1280 713 1330 752 fit
1350 718 1419 764 ut,
1451 714 1667 765 quamvis
1694 715 1785 755 alio
1819 714 1928 756 hinc

288 782 599 822 amandentur
632 782 823 833 fratres,
862 783 1008 823 minui
1041 789 1207 824 tamen·
1235 795 1457 824 numerus
1490 790 1703 826 nostrum
1739 798 1833 826 non
1863 787 1928 827 vi-

291 852 439 893 detur.

369 924 455 964 His
475 925 703 976 proximis
726 925 887 965 diebus
910 926 1001 966 duo
1024 926 1273 977 Gandiam,
1298 927 1436 967 ambo
1457 927 1662 979 theologi
1678 928 1867 979 ingenio
1884 935 1930 969 et

289 996 457 1036 litteris
474 997 619 1036 multa
637 997 692 1036 de
709 1009 758 1036 se
775 997 1062 1048 pollicentes,
1082 1009 1201 1038 unus
1219 997 1501 1049 Cordubam,
1517 1005 1560 1038 et
1576 999 1649 1039 his
1665 999 1927 1051 theologus,

290 1067 408 1107 alius
443 1066 676 1118 Pinciam‚
715 1068 844 1108 missi
880 1074 1002 1109 sunt.
1038 1069 1318 1119 Magistrum
1354 1070 1495 1110 etiam
1530 1070 1883 1111 Emmanuelem
1916 1070 1931 1089 ³

288 1138 337 1178 P.
361 1137 543 1178 Natalis
564 1139 744 1179 socium
766 1139 852 1179 sibi
874 1139 1227 1191 itineris-elegit.
1253 1139 1422 1181 Sumus
1450 1147 1609 1181 tamen
1631 1141 1931 1182 nihilominus

289 1208 477 1249 Christo
498 1210 652 1261 gratia
674 1209 698 1249 6
725 1216 770 1250 et
789 1210 842 1250 30
869 1211 993 1250 domi
1020 1210 1254 1263 futurique
1282 1211 1555 1263 propediem
1581 1213 1726 1252 multo
1754 1214 1928 1265 plures.

288 1280 348 1320 Hi
370 1281 448 1332 qui
470 1280 608 1321 modo
630 1281 913 1333 tyrocinium
943 1281 1118 1322 Christi
1139 1288 1374 1334 exercent,
1399 1284 1635 1323 veteranis
1656 1284 1798 1324 etiam
1818 1284 1932 1336 ipsis

288 1352 562 1392 humilitatis
583 1358 627 1393 et
649 1353 940 1393 obedientiae
969 1355 1182 1405 exemplo
1212 1365 1315 1394 esse
1342 1361 1561 1406 possunt;
1593 1355 1674 1395 sed
1705 1356 1822 1396 haec
1854 1368 1932 1396 ve-

229 1441 243 1451 ··
288 1429 389 1463 tera
410 1429 532 1464 sunt:
556 1424 669 1464 illud
690 1436 865 1464 novum
887 1430 930 1464 et
947 1425 1208 1465 inauditum
1224 1426 1399 1477 aliquot
1418 1438 1476 1466 ex
1492 1427 1564 1466 his
1583 1428 1822 1478 accepisse
1841 1427 1931 1479 epi-

287 1496 434 1536 stolas
455 1508 482 1535 a
503 1496 776 1546 parentibus
797 1497 1024 1536 benevole
1045 1496 1247 1548 scriptas
1269 1502 1550 1549 praeterque
1578 1499 1821 1550 antiquam
1850 1510 1930 1550 pa-

287 1573 471 1607 rentum
504 1567 916 1617 consuetudinem,
953 1567 999 1608 in
1033 1567 1199 1619 quibus
1231 1579 1569 1620 saepenumero
1600 1570 1703 1621 plus
1739 1569 1932 1610 affectus

288 1649 429 1690 quarn
457 1638 577 1678 ratio
609 1639 851 1678 dominare
881 1640 1045 1678 solent.
1079 1638 1278 1679 Multum
1311 1639 1359 1679 in
1388 1639 1478 1680 illis
1504 1640 1744 1680 exhortari
1773 1646 1934 1692 patres

287 1709 405 1749 filios
426 1715 474 1749 ut
494 1715 813 1761 perseverent,
836 1716 887 1750 ut
910 1715 1075 1761 coepta
1097 1716 1457 1762 prosequantur3
1488 1722 1537 1751 se
1565 1711 1752 1763 quidem
1781 1712 1932 1763 primo

288 1780 343 1821 de
365 1781 575 1821 discessu
596 1780 799 1821 filiorum
821 1781 1039 1832 doluisse3
1063 1781 1251 1832 signum
1271 1781 1382 1821 illud
1404 1783 1643 1823 tenerrimi
1659 1783 1834 1823 amoris
1850 1795 1932 1834 pa-

289 1858 473 1892 rentum
495 1863 609 1903 erga
630 1852 803 1892 liberos
825 1863 940 1903 esse3
962 1858 1010 1893 at
1027 1858 1275 1905 postquam
1294 1853 1512 1894 affectum
1529 1854 1658 1894 illum
1675 1855 1930 1906 exuissent,

288 1929 399 1963 tunc
420 1923 724 1963 foelicitatem
747 1934 879 1963 suam
900 1935 1059 1975 nosse3
1090 1924 1271 1975 gratias
1300 1923 1488 1965 Christo
1516 1936 1658 1976 agere
1686 1937 1770 1977 pro
1802 1932 1933 1966 tanto

288 1993 534 2045 beneficio;
557 1994 644 2034 sibi
665 1994 778 2046 ipsis
798 1994 1030 2045 gratulari
1052 1994 1177 2046 quod
1192 2000 1289 2035 tam
1306 1995 1560 2046 benignam
1577 1996 1786 2036 divinam
1806 1996 1933 2037 boni-

289 2071 434 2105 tatem
459 2065 506 2105 in
526 2064 647 2105 filios
669 2066 762 2105 imo
785 2066 831 2105 in
852 2077 902 2105 se
923 2065 1105 2117 experti
1124 2065 1312 2116 fuerint;
1337 2066 1446 2106 illuc
1467 2078 1614 2118 usque
1637 2067 1832 2107 odorem
1852 2068 1933 2107 hu-

287 2136 361 2188 jus
384 2137 626 2187 religionis
646 2137 910 2188 pertigisse3
933 2137 1164 2189 reliquum
1185 2148 1289 2177 esse
1316 2143 1365 2178 ut
1391 2138 1439 2178 in
1466 2143 1707 2189 posterum
1734 2139 1853 2178 tales
1882 2150 1932 2178 se

290 2208 565 2259 exhibeant,
602 2214 652 2249 ut
685 2208 885 2248 filiorum
919 2208 1098 2248 meritis
1132 2209 1328 2249 multum
1361 2209 1628 2250 foelicitatis
1658 2209 1931 2261 parentibus

291 2285 546 2329 accrescat3
568 2280 861 2331 plurimaque
879 2279 925 2319 id
939 2290 1102 2330 genus,
1124 2291 1244 2331 quae
1260 2279 1447 2319 insolita
1460 2281 1730 2331 parentibus
1744 2292 1846 2321 esse
1863 2292 1932 2321 so—

291 2352 400 2402 lent,
425 2350 504 2402 qui
526 2350 639 2390 nihil
660 2351 813 2390 minus
837 2362 977 2402 quam
998 2349 1131 2401 filios,
1156 2362 1271 2402 quos
1293 2350 1427 2390 unice
1449 2351 1660 2402 diligunt,
1695 2364 1721 2391 a
1743 2363 1792 2391 se
1823 2351 1934 2391 alie-

291 2422 395 2462 nari
416 2423 463 2462 in
485 2422 741 2473 religiones
763 2422 942 2461 volunt.

370 2493 551 2534 Verum
572 2505 666 2533 non
694 2492 883 2532 defuere
911 2491 1104 2544 antiqua
1129 2492 1305 2532 veteris
1337 2492 1512 2533 inimici
1540 2493 1818 2543 certamina,
1854 2493 1932 2545 qui

290 2565 468 2605 nullum
504 2576 598 2604 non
629 2570 785 2604 movet
816 2562 1020 2615 lapidem
1054 2569 1103 2603 ut
1134 2563 1413 2603 accedentes
1447 2564 1508 2604 ad
1542 2564 1694 2604 Deum
1728 2569 1928 2611 avertat;

290 2641 421 2676 tanto
445 2636 551 2676 odio
573 2635 619 2675 in
639 2646 790 2686 genus
817 2635 1073 2674 humanum
1094 2634 1284 2685 flagrat3
1318 2633 1399 2674 sed
1429 2634 1658 2686 benignus
1687 2634 1816 2675 Deus
1846 2641 1930 2685 est,

292 2707 370 2758 qui
389 2718 475 2758 pro
497 2718 581 2746 suo
602 2706 789 2746 nomine
812 2705 1098 2745 certantibus
1119 2710 1308 2756 praesto
1331 2705 1477 2756 adest,
1509 2704 1641 2756 cujus
1670 2706 1932 2757 patrocinio

292 2778 403 2829 quid
424 2784 493 2818 est
514 2777 603 2817 nisi
624 2777 852 2817 imbecille
874 2788 928 2816 ac
947 2776 1181 2816 infirmum
1199 2775 1420 2827 quidquid
1438 2775 1741 2817 adversarius
1758 2777 1932 2817 machi-

349 2891 360 2911 ¹
399 2890 495 2917 Hunc
513 2890 660 2916 Petrum
678 2890 830 2924 appellat
844 2889 879 2915 P.
895 2888 1110 2916 CHRISTOBAL
1125 2895 1168 2914 DE
1183 2887 1325 2919 Casmo,
1340 2888 1502 2915 Historia
1519 2896 1579 2916 ms.
1599 2889 1656 2915 del
1671 2888 1804 2922 Colegz'o
1819 2889 1861 2915 de
1876 2888 1930 2915 Al-

294 2938 384 2970 σαὶά,
397 2938 453 2965 lib.
472 2946 500 2970 v,
516 2945 591 2972 cap.
607 2945 653 2965 xx.
668 2937 732 2964 Est
747 2940 860 2963 tamen
876 2936 1063 2963 Antonius

347 2985 361 3004 ²
399 2984 525 3011 Eorum
539 2985 686 3017 nomina,
703 2985 758 3018 qui
774 2984 836 3010 hoc
864 2991 950 3011 anno
974 2982 1008 3010 in
1028 2982 1180 3016 Collegio
1204 2982 1436 3017 Complutensi
1462 2982 1670 3011 Societatem
1690 2983 1835 3017 ingressi
1853 2987 1930 3011 sunt

296 3032 370 3059 vide
385 3032 419 3059 in
434 3032 582 3059 POLANCI
600 3031 776 3065 Clzrontco,
792 3036 814 3059 t.
830 3039 877 3058 1v.

346 3080 361 3100 3
399 3078 441 3106 M.
458 3079 659 3106 Emmanuel
676 3079 715 3106 de
733 3079 810 3106 Saa.
827 3078 1013 3112 ΡοιΑΝευε,
1032 3078 1237 3110 Chronicon,
1251 3081 1274 3105 t.
1290 3085 1337 3106 1v.
