2168 3437
834 277 918 314 AN.
949 276 1041 314 1554
1691 274 1761 311 577

119 380 358 427 pastorem
379 361 640 426 agnoscant
661 373 913 426 aliquando
936 385 991 414 ac
1013 373 1294 414 desiderent.
1319 372 1449 412 Haec
1477 377 1526 411 ut
1553 376 1759 423 praeste-

120 457 244 496 mus,
267 445 321 486 R.
346 446 394 486 in
414 445 553 486 Chro.
576 445 730 494 Pater,
754 452 884 486 tuam
913 456 1049 496 opem
1075 455 1337 496 precamur,
1371 454 1511 495 quam
1542 442 1760 494 precibus

122 522 286 557 nostro
307 516 494 556 nomine
514 515 630 555 fusis
652 515 775 556 feres
796 515 1241 567 praesentissimam.
1268 514 1401 555 Vale.

204 586 438 628 Perusiae.
462 586 615 627 Pridie
636 598 746 626 non.
769 587 860 627 feb.
889 586 1004 626 1554.

206 657 257 698 T.
280 658 334 698 R.
360 658 408 699 P.

204 728 297 769 Rdi
317 729 365 769 in
386 690 524 769 C’hro.
549 727 702 768 Patris
722 727 954 768 Everardi
975 727 1126 777 iussu,

204 799 380 841 Servus
400 799 575 839 inutilis
596 799 644 839 in
664 798 821 849 Chro.,

1027 941 1250 982 EMONDUS
1280 941 1542 982 AUGERIUS.

204 1154 558 1207 superscriptio
575 1154 624 1194 in
641 1158 815 1206 quarta
829 1154 1038 1206 pagina:
1053 1153 1154 1194 R.d0
1176 1154 1223 1194 in
1245 1154 1385 1195 Chro.
1404 1155 1532 1196 Patri
1549 1155 1606 1195 D.
1626 1155 1758 1205 Igna-

125 1225 189 1266 tio
211 1224 267 1266 de
287 1226 482 1278 Loyola,
506 1225 780 1277 Praeposito
801 1225 1010 1276 generali
1030 1224 1278 1266 Societatis
1298 1225 1423 1277 Jesu.

499 1297 691 1338 Romae.

203 1369 315 1409 Alia
337 1380 505 1409 manu:
526 1368 675 1419 Quad.
700 1368 936 1408 Perusiae.
960 1367 1108 1419 pridie
1130 1380 1238 1408 non.
1261 1367 1351 1408 feb.
1378 1368 1494 1408 1554.

205 1440 266 1480 In
288 1440 429 1480 tertia
443 1440 658 1491 pagina,
680 1451 798 1490 quae
818 1439 1029 1490 alioquin
1051 1439 1202 1479 nitida
1224 1438 1413 1479 omnino
1435 1442 1560 1488 erat,
1589 1449 1760 1477 memus

125 1510 222 1551 alm
243 1511 418 1551 calami
433 1510 811 1562 experc'mentum
832 1521 1042 1560 smnens,
1057 1509 1207 1561 plum
1228 1509 1362 1561 sigla
1384 1510 1600 1560 confecit,
1619 1513 1688 1549 nt:
1709 1508 1761 1549 In

125 1582 214 1623 Dei
234 1583 435 1633 nomine,
460 1582 511 1623 In
532 1582 734 1633 nomine,
759 1595 884 1635 muy,
908 1581 958 1622 In
979 1593 1102 1622 nom.
1128 1594 1268 1632 nom.,
1295 1588 1382 1622 etc.

321 1956 473 1990 Eaedem
487 1955 656 1982 Edmundi
673 1955 816 1989 Auge1·ii
832 1955 970 1982 litterae
987 1962 1063 1982 cum
1078 1954 1215 1982 Polanci
1230 1954 1520 1982 emendationibus
1539 1954 1558 1981 ¹.

202 2153 337 2193 Aliae
359 2164 418 2192 ex
439 2151 615 2203 eodem,
640 2150 862 2191 Perusiae
882 2151 1032 2202 pridie
1055 2163 1204 2192 nonas
1225 2151 1467 2192 Februarii
1491 2151 1607 2191 1554.

205 2223 306 2264 Pax
324 2223 432 2275 Xpi.

203 2294 303 2335 Etsi
323 2295 371 2334 in
392 2294 490 2334 dies
515 2307 640 2334 nova
668 2295 715 2335 in
744 2295 1012 2346 proximum
1039 2293 1189 2334 officia
1222 2301 1486 2344 praestare,
1518 2305 1657 2345 quam
1689 2307 1763 2333 ve-

127 2372 231 2406 tera
263 2365 469 2405 scribere
501 2366 646 2406 multo
681 2366 740 2406 sit
775 2371 819 2405 et
844 2365 1003 2405 utilius
1030 2372 1074 2406 et
1095 2365 1362 2416 acceptius,
1392 2365 1470 2404 illa
1499 2372 1656 2405 tamen
1685 2371 1764 2405 tuo

126 2437 271 2488 iussu,
304 2435 598 2476 observande
628 2436 674 2476 in
708 2436 828 2488 Xpo.
862 2436 1016 2487 Pater,
1040 2448 1133 2476 non
1160 2436 1313 2476 minus
1334 2447 1526 2476 necesse
1547 2436 1633 2476 erit
1654 2437 1765 2476 scri-

128 2509 294 2560 psisse,
317 2519 459 2559 quam
477 2519 602 2547 nova
623 2508 916 2559 praestitisse
938 2507 1205 2548 iucundum.

204 2579 410 2619 Numero
436 2577 636 2618 fratrum
664 2584 934 2618 nostrorum
960 2579 1220 2618 undenario
1246 2578 1342 2630 jam
1370 2579 1460 2618 duo
1489 2579 1662 2618 vellent
1689 2590 1763 2618 ac-

125 2649 345 2698 cessisse,
383 2660 581 2700 quorum
616 2649 747 2697 alter,
779 2655 938 2689 scotus
965 2660 1159 2700 genere,
1190 2649 1262 2690 vir
1291 2656 1360 2689 est
1390 2656 1435 2690 et
1472 2649 1685 2690 doctrina
1721 2654 1766 2689 et

122 2732 282 2762 rerum
303 2719 592 2772 experientia
614 2720 785 2770 clarus,
810 2721 928 2760 alter
948 2720 1090 2760 etiam
1110 2720 1325 2761 doctrina
1348 2720 1550 2761 fortasse
1571 2720 1652 2761 sed
1672 2721 1763 2772 pie-

123 2798 219 2833 tate
240 2804 352 2832 sane
374 2791 521 2831 altero
541 2802 838 2842 nequaquam
859 2790 1066 2832 inferior.
1087 2792 1186 2832 Hos
1203 2792 1331 2832 Deus
1351 2791 1435 2844 Op.
1455 2791 1582 2832 Max.
1604 2791 1766 2832 fideles

127 2862 376 2915 aliquando
396 2861 534 2913 hujus
555 2862 659 2913 agri
680 2862 800 2902 aridi
815 2863 953 2913 plane
975 2869 1019 2902 et
1040 2863 1188 2903 divini
1208 2875 1325 2914 pene
1346 2863 1536 2903 seminis
1557 2863 1765 2915 expertis

179 2999 190 3019 1
230 2998 374 3026 Praeter
395 2996 656 3031 autographum.
682 3003 713 3023 n.
737 2996 781 3030 48,
797 2996 837 3023 de
853 3004 917 3031 quo
932 3004 1047 3031 supra,
1062 3005 1140 3032 pag.
1152 2998 1214 3029 571.
1230 3002 1344 3026 annot.
1362 2999 1385 3031 1,
1399 2999 1457 3026 ubi
1479 3006 1617 3027 cernere
1632 3002 1683 3026 est
1698 3006 1767 3025 ma-

127 3045 206 3074 nuin
221 3044 432 3073 emendantis
445 3044 594 3078 Polanci,
611 3044 690 3071 bina
705 3048 792 3075 sun-t.
808 3052 849 3071 ex
864 3052 902 3071 eo
918 3048 1146 3079 transumpta,
1161 3046 1373 3080 apographa,
1389 3054 1491 3074 unum
1506 3047 1538 3074 in
1550 3046 1640 3080 folio,
1657 3054 1712 3073 nn.
1727 3046 1763 3072 46

128 3094 180 3120 v.⁰
196 3097 230 3121 et
243 3093 289 3127 47,
302 3093 448 3120 alterum
463 3092 545 3118 item
559 3092 591 3118 in
607 3091 695 3125 folio,
713 3098 767 3118 nn.
781 3091 816 3118 56
830 3091 882 3117 v.⁰
900 3095 932 3118 et
947 3091 992 3119 57.

272 3151 322 3187 Τ.
345 3163 384 3187 11.
1530 3164 1572 3199 37
