2168 3437
903 263 986 299 AN.
1019 261 1109 298 1553
1756 260 1826 296 297

191 370 318 409 mus;
344 372 453 401 nam
474 360 712 411 sigillatim
731 359 886 399 omnia
902 358 1120 410 persequi
1137 369 1308 408 operae
1324 357 1524 409 pretium
1539 369 1631 396 non
1655 362 1738 406 est,
1758 362 1822 406 ut,

193 432 355 472 humili
386 431 676 471 obedientiae
709 430 858 470 officio
885 429 1053 479 functi,
1083 440 1240 468 rerum
1272 434 1542 468 nostrarum
1580 428 1696 467 adeo
1724 439 1824 478 per-

192 504 486 543 turbatarum
530 502 890 542 commotionem
940 505 1345 552 repraesentemus
1395 499 1671 539 Paternitati
1717 505 1825 538 tuae

194 573 651 614 observandissimae
669 572 896 623 simulque
913 571 1130 611 Patribus
1148 582 1203 610 ac
1219 570 1441 610 fratribus
1458 571 1630 610 nostris
1651 569 1824 610 charis-

192 645 337 695 simis,
369 645 446 696 qui
480 644 697 695 precibus
733 649 776 683 et
811 642 1055 682 sacrificiis
1090 641 1191 681 Deo
1227 642 1523 692 gratissimis,
1563 641 1827 681 orationum

187 725 376 755 tuarum
399 714 621 765 suffragio
645 713 906 761 cumulatis,
930 712 1063 752 nobis
1086 712 1131 751 in
1153 712 1242 752 hac
1263 718 1539 763 tempestate
1567 712 1825 752 fluctuanti-

191 787 278 827 bus
312 786 681 837 tranquilliorem
716 795 880 824 auram
909 784 1120 835 aspirare
1147 783 1449 831 contendent,
1480 789 1529 823 ut
1557 790 1601 823 et
1623 783 1706 834 illi,
1731 783 1823 834 qui,

187 858 324 897 nobis
346 857 634 903 reluctando,
659 868 708 895 se
736 855 1007 895 existimant
1028 854 1301 905 obsequium
1331 853 1432 893 Deo
1461 860 1506 893 et
1533 853 1827 894 Christianae

192 928 491 980 Reipublicae
519 927 796 967 beneficium
816 931 1074 978 praestare,
1098 925 1311 965 veritatis
1328 925 1500 964 lumine
1522 925 1824 976 illustrentur,

191 1006 235 1040 et
258 999 335 1050 illi,
360 1000 454 1051 qui,
474 1005 626 1039 mente
644 998 751 1038 odio
767 997 1006 1049 religionis
1024 1003 1068 1037 et
1084 996 1189 1037 fidei
1206 996 1498 1037 orthodoxae
1516 996 1827 1047 abnegatione

188 1077 429 1122 corrupta,
454 1069 736 1110 Societatem
763 1069 1105 1109 calumniantur
1127 1074 1172 1108 et
1197 1073 1556 1120 persequuntur,
1588 1067 1646 1107 ad
1672 1068 1826 1107 melio-

192 1153 292 1182 rem
311 1141 597 1181 reducantur
618 1141 817 1192 frugem,
843 1151 1041 1192 quorum
1070 1139 1238 1191 impios
1269 1144 1464 1179 conatus
1492 1138 1722 1178 Dominus
1752 1139 1825 1178 eli-

190 1212 301 1253 dere
323 1218 462 1264 atque
483 1222 710 1252 enervare
732 1211 949 1262 dignetur
970 1216 1015 1250 et
1037 1210 1249 1251 omnibus
1270 1210 1326 1250 de
1347 1209 1579 1250 Societate
1600 1210 1717 1250 bene
1738 1221 1827 1249 me-

191 1284 295 1323 ritis
317 1284 568 1323 coelestem
589 1282 854 1322 mercedem
876 1282 1105 1322 retribuat
1125 1293 1210 1333 pro
1241 1293 1325 1321 sua
1347 1281 1578 1332 bonitate;
1607 1292 1696 1332 qua
1723 1281 1829 1321 freti

192 1354 400 1394 omnium
431 1354 630 1394 salutem
660 1364 908 1404 precamur
938 1358 983 1392 et
1010 1358 1226 1404 optamus
1258 1364 1341 1404 per
1372 1358 1570 1392 mortem
1599 1351 1829 1402 unigeniti

190 1425 263 1466 sui
282 1425 392 1478 Jesu
414 1425 602 1475 Christi,
638 1424 718 1476 qui
738 1424 1075 1464 Paternitatem
1100 1430 1244 1474 tuam,
1274 1423 1379 1463 filiis
1408 1423 1500 1463 tuis
1531 1434 1829 1474 summopere

190 1496 523 1545 necessariam,
546 1495 624 1535 diu
645 1495 780 1535 nobis
801 1501 958 1535 servet
978 1495 1260 1535 incolumem
1277 1495 1336 1534 ad
1352 1494 1625 1546 obsequium
1642 1493 1830 1534 divinae

192 1567 453 1608 maiestatis
474 1579 587 1607 suae
609 1573 653 1607 et
673 1566 922 1607 Societatis
942 1578 1055 1607 suae
1076 1567 1435 1618 promotionem.
1460 1565 1627 1605 Amen.

270 1639 554 1691 Prosperum
594 1639 772 1689 negotii
809 1638 959 1678 nostri
995 1649 1267 1679 successum
1304 1637 1497 1677 Patrum
1537 1649 1592 1677 ac
1630 1636 1829 1677 fratrum

192 1712 400 1753 omnium
423 1711 716 1751 orationibus
738 1710 1068 1751 commendare
1090 1710 1374 1762 dignaberis,
1406 1716 1454 1749 ut
1486 1709 1563 1749 diu
1590 1715 1829 1761 speratum

191 1783 332 1823 finem
353 1782 721 1833 controversiae,
745 1782 975 1822 hactenus
995 1787 1265 1833 protractae
1287 1781 1344 1821 ab
1365 1781 1466 1832 ipso
1491 1781 1725 1832 Episcopo
1746 1780 1828 1821 Pa-

192 1853 378 1894 risiensi
413 1865 467 1893 ac
490 1853 669 1904 pariter
700 1864 728 1892 a
758 1853 967 1893 Concilio
995 1853 1290 1904 theologicae
1324 1852 1604 1901 Facultatis‚
1641 1852 1829 1892 tandem

183 1933 460 1971 exoremus3
499 1924 558 1964 ad
592 1925 724 1964 cuius
751 1924 971 1965 desiderii
1004 1924 1153 1964 nostri
1188 1923 1570 1964 consecutionem
1607 1930 1830 1975 paternae

191 2007 358 2047 preces
379 2001 486 2036 tuae
507 1995 673 2036 efficax
694 1995 953 2036 subsidIum
972 1996 1108 2036 nobis
1131 1994 1509 2046 suppeditabunt.
1536 1995 1669 2045 Vale,
1693 1994 1832 2035 Pater

190 2068 239 2108 in
278 2066 465 2108 Christo
507 2067 952 2107 observandissime.
994 2066 1160 2107 Gratia
1194 2066 1385 2106 Domini
1418 2066 1506 2106 Dei
1540 2066 1689 2106 nostri
1721 2067 1833 2119 Jesu

192 2138 369 2179 Christi
390 2138 597 2178 abundet
617 2144 662 2178 et
684 2144 867 2178 crescat
888 2149 1072 2190 semper
1093 2138 1140 2177 in
1161 2138 1328 2178 animis
1349 2138 1537 2177 nostris.
1562 2137 1729 2177 Amen.

272 2208 488 2250 Lutetiae
509 2199 814 2260 Parisiorum,
837 2221 861 2249 e
883 2209 1039 2250 Domo
1061 2209 1458 2259 Claramontensi,
1492 2208 1698 2260 Septimo
1719 2208 1831 2248 Maii

191 2281 438 2320 millesimo
460 2281 833 2332 quingentesimo
852 2281 1242 2332 quinquagesimo
1260 2281 1412 2320 tertio.

273 2352 346 2392 Ex
367 2351 696 2392 commissione
718 2351 809 2392 R.di
827 2351 980 2392 Patris
1000 2352 1149 2392 nostri
1170 2351 1416 2391 Paschasii
1436 2351 1590 2391 Broet.

274 2421 397 2462 ΗΜΘ·
422 2421 471 2462 Ρ.
495 2421 624 2462 Tuae
645 2422 864 2463 minimus
884 2422 932 2462 in
953 2422 1139 2463 Christo
1156 2422 1277 2462 filius
1298 2434 1353 2462 ac
1370 2433 1536 2462 servus
1558 2421 1746 2470 inutilis,

753 2510 999 2553 RoBERTUs
1021 2512 1316 2554 CLAYSONIUS
1336 2512 1613 2552 BRUGENSIS.

274 2635 652 2687 Superscriptlo:
672 2635 732 2676 Al
753 2636 896 2676 molto
917 2635 1019 2676 R.d0
1046 2636 1093 2676 in
1114 2636 1195 2676 X.⁰
1217 2636 1378 2688 padre,
1401 2636 1431 2675 il
1452 2636 1596 2687 padre
1617 2634 1678 2674 M.
1696 2635 1828 2686 Igna-

192 2707 256 2747 tio
282 2706 338 2746 de
372 2706 552 2758 Loyola
573 2707 812 2758 preposito
839 2708 1061 2758 generale
1089 2707 1210 2747 della
1240 2706 1532 2759 Compagnia
1569 2706 1624 2746 de
1657 2706 1769 2759 Jesu
1803 2718 1830 2746 a

187 2776 290 2818 Sta.
314 2778 464 2818 maria
486 2777 606 2818 della
627 2778 803 2818 strada.

273 2848 325 2889 In
346 2848 510 2889 Roma.

274 2920 338 2960 Et
352 2919 502 2971 paulo
524 2919 736 2970 inferius
753 2931 767 2959 .·
787 2919 877 2960 Pro
898 2926 1037 2971 portu
1056 2920 1145 2974 Jul.
1169 2932 1330 2960 unum.

276 2990 340 3030 Et
358 2989 454 3030 alia
476 3002 619 3030 maun
638 3002 652 3030 .·
675 2989 728 3041 Q.
752 2989 1040 3031 Parisiorum
1063 3003 1087 3031 e
1114 2990 1266 3031 Domo
1294 2990 1668 3031 Claramontensi
1695 2990 1832 3042 septi-

197 3072 273 3102 mo
290 3061 403 3101 Maii
428 3061 543 3101 1553.
566 3061 630 3100 7³
649 3060 776 3101 Maii.
