2168 3437
898 239 982 276 AN.
1014 239 1106 277 1554
1746 238 1818 276 695

188 340 348 375 tantur
374 335 557 376 efficiat.
582 335 632 376 In
652 347 743 387 qua
772 348 858 376 nos
888 347 1007 387 eum,
1037 341 1133 376 toto
1161 336 1329 376 mentis
1356 335 1525 375 affectu
1553 334 1813 386 diligentes,

187 406 414 456 colamuS‚
439 407 720 447 veneremur
748 419 805 447 ac
832 418 917 458 pro
947 407 1126 447 viribus
1155 406 1348 447 laudare
1379 417 1616 446 conemur.
1647 405 1814 446 Amen.

266 477 608 527 Conimbricae,
636 477 682 517 17
704 470 885 519 calend.
909 478 1048 531 Junii,
1073 489 1197 518 anno
1223 478 1336 517 1554.

266 547 325 588 V.
349 547 400 587 Ρ.

266 619 411 659 Filius
432 619 479 659 in
498 619 715 670 Domino,

988 763 1276 804 FRANCISCUs
1306 763 1595 809 HENRIQUEZ.

268 974 704 1026 Stcperscrz‘ptiom's
724 975 825 1015 loco
846 975 896 1015 in
913 979 1086 1027 quarta
1097 976 1287 1027 pagina
1304 988 1317 1016 .·
1338 977 1409 1016 Ex
1432 976 1748 1017 Conimbrica.

266 1045 378 1085 Alia
402 1058 547 1086 mauu
564 1058 578 1086 .·
603 1046 716 1086 1554.
745 1046 894 1097 Quad.
915 1046 1227 1095 Conimbrica,
1256 1046 1302 1086 16
1324 1047 1447 1087 Maii.
1473 1047 1527 1098 Q.
1551 1047 1609 1088 V.

882 1472 1129 1527 GGXGV

256 1707 302 1744 P.
323 1707 542 1745 Antonius
561 1707 614 1746 de
631 1707 856 1756 Quadros,

303 1771 372 1809 Ex
391 1773 713 1811 commissione
732 1774 876 1812 Patris
896 1773 1052 1820 Jacobi
1070 1773 1232 1820 Miron‚

351 1839 472 1875 Patri
491 1839 661 1887 Ignatio
680 1839 733 1876 de
752 1839 936 1887 Loyola.

397 1903 685 1952 Ulyssipone,
710 1904 754 1942 16
773 1904 878 1953 Maji
898 1905 989 1942 1554
1009 1905 1034 1942 ¹.

951 2114 1048 2166 jhs.

235 2321 242 2335 ⁸
262 2337 375 2388 Muy
396 2330 674 2377 Reverendo
697 2341 755 2370 en
775 2328 930 2370 Cristo
950 2328 1116 2369 Pasire.

261 2407 362 2448 Pax
384 2405 578 2455 Christi,
601 2409 689 2444 etc.

263 2479 332 2519 Lo
354 2489 442 2530 que
465 2477 520 2517 de
541 2481 667 2516 estos
689 2473 716 2513 4
735 2483 887 2513 meses
907 2483 957 2512 se
986 2471 1140 2511 ofrece
1168 2469 1362 2510 escribir
1384 2481 1433 2510 es
1454 2481 1542 2521 que
1570 2469 1612 2509 el
1638 2470 1686 2510 P.
1710 2469 1818 2510 Don

185 2549 396 2590 Gonzalo
420 2548 434 2567 ²
456 2547 679 2588 continiia
701 2555 780 2584 sus
801 2554 1041 2584 sermones
1064 2544 1092 2582 ἐι
1108 2542 1177 2581 105
1194 2541 1444 2592 domingos
1461 2553 1492 2592 y
1508 2539 1610 2581 dias
1626 2547 1788 2581 santos
1804 2539 1818 2559 ⁵

186 2633 273 2661 con
295 2619 464 2661 mucho
483 2628 729 2666 concurso,
754 2628 785 2667 y
806 2615 862 2655 de
883 2614 1079 2655 muchas
1104 2623 1333 2664 personas
1359 2611 1536 2663 nobleS,
1560 2623 1649 2663 que
1675 2612 1716 2652 le
1738 2612 1817 2652 tie-

183 2704 274 2732 nen
301 2691 505 2743 especial
534 2688 765 2730 devocion
794 2698 881 2738 por
907 2686 952 2726 la
978 2684 1144 2737 gracia
1174 2695 1262 2735 que
1291 2688 1484 2723 nuestro
1511 2681 1659 2723 Sefior
1685 2683 1727 2723 16
1756 2683 1817 2723 ha

237 2875 247 2895 ¹
287 2874 361 2902 Duo
376 2878 452 2902 sunt
468 2874 589 2901 harum
604 2873 800 2900 litterarum
814 2871 986 2905 exempla,
1001 2872 1181 2903 utrumque
1198 2868 1230 2895 in
1245 2867 1324 2895 folio
1340 2867 1476 2902 duplici.
1491 2867 1642 2895 Primum
1657 2871 1819 2903 autogra-

183 2923 302 2957 phum,
318 2930 349 2949 n.
364 2922 433 2954 1135.
449 2912 480 2949 in
499 2929 561 2956 quo
577 2922 649 2948 sola
663 2918 886 2954 subscriptio,
903 2918 954 2945 De
977 2917 1012 2945 V.
1028 2917 1066 2944 P.
1081 2916 1152 2951 hijo
1167 2916 1325 2949 indigna,
1340 2914 1490 2942 Antonio
1509 2915 1551 2942 de
1572 2915 1744 2949 quadros,
1766 2920 1818 2943 est

183 2977 285 2997 manu
299 2970 404 3004 ipsius
419 2969 570 2996 Antonii.
588 2968 745 2995 Alterum
762 2966 998 3001 apographum
1013 2964 1046 2992 in
1060 2964 1139 2991 folio
1154 2963 1235 2990 item
1250 2963 1392 2996 duplici,
1408 2969 1439 2989 n.
1453 2961 1516 2990 434.

238 3019 250 3037 *-‘
289 3018 325 3049 Ρ,
342 3017 573 3045 Gundisalvus
594 3016 633 3043 de
649 3014 820 3051 Sylveira,
837 3012 1108 3049 Olyssiponensis
1124 3011 1241 3038 domus
1257 3010 1487 3044 praepositus.

237 3066 251 3086 ³
288 3066 369 3093 dias
383 3067 504 3092 santos
513 3087 522 3099 ¹.
535 3064 632 3091 festis
647 3063 775 3091 diebus.
