2168 3437
876 255 960 292 AN.
991 255 1082 293 1554
1726 255 1794 291 541

162 362 327 396 auctor
359 355 498 395 huius
533 354 662 394 aedis
698 354 832 394 nobis
867 353 1048 394 dandae
1083 352 1252 403 fuerat,
1290 352 1578 392 immortales
1614 352 1798 402 gratias

160 432 321 478 agunt:
345 436 578 466 summum
598 437 648 464 se
670 424 961 475 beneficium,
985 424 1065 475 qui
1085 424 1131 463 in
1152 435 1300 463 nram.
1328 422 1712 463 consuetudinem
1730 422 1793 462 fa-

158 497 569 548 miliaritatemque
589 508 671 547 per
692 495 818 535 illam
839 495 1075 544 venerint,
1100 494 1362 545 accepisse,
1395 494 1610 546 quamvis
1636 499 1794 543 antea,

158 580 253 608 non
273 568 337 608 ita
358 568 474 608 bene
496 567 555 607 ad
576 566 704 606 illam
726 565 906 615 affecti,
937 566 992 605 de
1020 566 1097 605 illa
1125 565 1345 616 Regeque
1373 566 1518 605 multa
1547 576 1794 615 quereren-

159 646 249 690 tur;
272 639 332 679 ad
352 639 469 679 haec
488 638 609 678 nolle
631 637 755 688 quod
774 637 1004 688 principio
1026 643 1327 686 convenerat,
1351 643 1400 676 ut
1421 648 1507 676 suo
1533 635 1705 676 Sancto
1723 647 1793 675 sa-

160 710 327 750 cellum
355 715 516 749 nostro
546 708 719 760 templo
748 708 1022 758 contiguum
1052 714 1417 757 construeretur-3
1448 708 1584 746 malle
1612 718 1661 746 se
1693 718 1796 746 nra.

160 780 498 821 consuetudine
518 780 610 820 frui
630 780 730 819 sine
752 779 940 827 sacello,
966 779 1066 817 sine
1090 789 1226 817 cerae
1249 778 1576 829 apparatione,
1601 777 1798 828 aliisque

160 850 481 902 hujuscemodi
502 851 782 902 rebus,quae
800 849 856 889 ab
874 849 987 900 ipsis
1004 849 1053 889 in
1068 849 1253 899 magnis
1275 848 1521 898 liabentur3
1545 847 1660 888 satis
1681 848 1797 887 bene

159 933 319 962 secum
340 922 418 972 agi
440 921 710 961 existimare
731 932 795 971 se,
826 920 864 960 si
891 920 979 960 sibi
1006 930 1213 959 nrarum.
1244 930 1437 970 precum
1463 918 1641 958 fructus
1673 930 1798 958 com-

159 994 466 1043 municemus,
490 992 744 1043 diebusque
767 991 1012 1031 dumtaxat
1034 990 1281 1030 dominicis
1302 1001 1464 1029 mensa
1492 990 1691 1040 parvula
1719 989 1799 1029 ha—

162 1065 263 1105 beri
283 1065 478 1104 sinatur.
943 1103 950 1109 ,

238 1135 295 1175 Et
316 1135 502 1187 quidem
523 1135 613 1174 hoc
634 1146 762 1174 nrae.
787 1133 1035 1174 Societatis
1057 1132 1262 1172 studium
1285 1131 1674 1182 devotionemque
1702 1142 1797 1170 non

159 1218 206 1246 m
228 1206 285 1246 iis
305 1206 444 1246 modo
473 1217 640 1246 verum
665 1205 807 1244 etiam
834 1204 881 1244 in
914 1203 1150 1256 primariis
1180 1202 1447 1254 perspicere
1475 1208 1564 1251 est,
1595 1202 1672 1253 qui
1700 1208 1799 1241 tum

158 1277 425 1328 confitendi,
451 1283 548 1317 tum
569 1282 763 1316 sanctae
784 1275 1111 1316 Eucharistiae
1133 1274 1459 1325 suscipiendae
1489 1273 1666 1324 gratia,
1701 1278 1799 1312 tum

157 1354 206 1387 ut
227 1348 462 1399 accipiant
483 1348 744 1399 spiritualia
765 1347 990 1387 exercitia
1011 1353 1055 1386 et
1077 1346 1336 1394 consulant,
1357 1344 1434 1395 qui
1451 1344 1631 1395 possint
1648 1345 1794 1383 multa

157 1419 368 1470 piissima
398 1419 591 1470 Deoque
618 1419 889 1469 gratissima
913 1429 1055 1469 opera
1090 1416 1280 1467 exequi,
1305 1421 1603 1455 concurrunt.
1630 1413 1800 1464 Quam-

158 1490 320 1530 obrem
341 1496 569 1541 quotquot
590 1490 664 1529 hic
687 1501 848 1529 sumus
869 1489 1054 1539 Patres,
1078 1493 1146 1528 tot
1178 1487 1454 1527 distinemur
1483 1485 1799 1537 occupationi-

157 1560 258 1611 bus,
282 1567 332 1601 ut
353 1561 443 1601 nisi
464 1561 724 1600 subsecivis
745 1560 1035 1612 temporibus
1057 1559 1212 1598 cibum
1244 1569 1414 1609 capere
1442 1568 1700 1608 precesque
1721 1556 1798 1595 ho-

154 1632 308 1672 rarias
328 1632 529 1672 recitare
546 1642 848 1683 nequeamus;
867 1630 990 1682 quod
1006 1630 1045 1669 si
1061 1631 1218 1681 piures
1236 1639 1459 1678 essemus,
1480 1639 1586 1667 cum
1603 1627 1796 1667 assidue

159 1710 376 1755 quatuor,
400 1703 516 1743 alias
535 1703 575 1753 5,
600 1703 717 1742 alias
737 1713 849 1742 vero
870 1701 895 1740 6
916 1701 1075 1751 simus,
1095 1712 1182 1740 nec
1199 1711 1335 1739 mane
1353 1710 1438 1738 nec
1458 1710 1484 1737 a
1502 1697 1699 1749 prandio
1717 1698 1800 1737 sed

160 1775 350 1815 minime
373 1781 527 1824 noctu,
552 1774 591 1813 si
611 1773 830 1813 mulieres
850 1779 900 1812 ut
922 1772 1137 1812 homines
1153 1770 1524 1819 admitterentur,
1545 1768 1798 1808 confessio-

160 1846 297 1886 nibus
318 1844 648 1885 sufficeremus.
672 1845 852 1885 Tantus
874 1843 1087 1894 profecto
1111 1848 1179 1882 est
1202 1841 1502 1893 quotidianus
1523 1851 1798 1889 concursus,

161 1923 211 1957 ut
228 1928 395 1968 parum
408 1923 581 1968 putem,
602 1916 641 1956 si
658 1916 746 1956 hoc
765 1915 1061 1956 Christianae
1079 1913 1350 1954 Nativitatis
1366 1913 1500 1963 festo,
1520 1911 1722 1952 interdiu
1740 1911 1796 1950 ad

158 1988 360 2039 primam
380 1987 753 2039 pomeridianam
774 1987 956 2036 horam,
980 1991 1121 2025 noctu
1145 1996 1274 2034 vero,
1299 1984 1448 2023 cereis
1470 1983 1516 2023 in
1534 1983 1705 2033 templo
1724 1993 1797 2021 ac-

161 2059 331 2109 censis
357 2070 518 2098 omnes
535 2063 761 2109 quotquot
778 2057 853 2097 hic
871 2069 1032 2097 sumus
1050 2055 1421 2096 confessionibus
1438 2054 1640 2094 intentos
1655 2053 1799 2092 fuisse

158 2141 431 2171 recenseam
449 2162 456 2180 ‚
494 2135 543 2169 ut
582 2130 663 2169 vix
698 2128 823 2169 aliud
858 2133 1127 2180 suppeteret
1162 2134 1369 2178 tempus,
1405 2137 1544 2177 quam
1582 2125 1704 2176 quod
1739 2124 1796 2163 ad

159 2202 366 2253 psalmos
386 2201 604 2241 horarios
624 2201 893 2241 recitandos
916 2206 994 2240 aut
1017 2200 1075 2239 ad
1098 2199 1266 2251 quietis
1287 2196 1460 2249 aliquid
1478 2196 1795 2247 capiebamus.

241 2271 315 2312 Ad
338 2272 459 2312 idem
479 2272 635 2311 multis
657 2272 760 2311 aliis
782 2272 829 2311 in
852 2271 967 2311 locis
988 2271 1255 2311 faciendum
1278 2268 1442 2309 Patres
1470 2267 1796 2313 sollicitantur;

160 2349 209 2384 at
223 2355 309 2383 nos
325 2343 559 2382 nonnullis
576 2342 910 2392 satisfacimus,
928 2348 1177 2394 propterea
1191 2340 1315 2392 quod
1327 2339 1467 2391 pauci
1481 2348 1656 2387 sumus;
1677 2337 1799 2377 idem

160 2415 208 2455 in
236 2413 605 2457 confessionibus
639 2425 908 2464 servamus,
949 2419 998 2452 ut
1029 2413 1262 2464 possimus
1297 2422 1391 2458 eos,
1432 2409 1509 2461 qui
1543 2408 1602 2448 ad
1632 2420 1718 2448 nos
1752 2408 1799 2447 in

159 2496 310 2525 nram.
334 2483 582 2524 ecclesiam
602 2484 809 2534 veniunt,
831 2483 1006 2523 audire.
1027 2483 1347 2523 Concionatur
1364 2480 1503 2521 Pater
1520 2479 1577 2519 D.
1598 2479 1800 2528 Goncal>

158 2567 248 2596 vus
270 2555 443 2606 optime
464 2560 509 2594 et
529 2555 952 2605 vehementissime,
977 2566 1068 2606 quo
1086 2554 1133 2593 in
1149 2552 1409 2593 ministerio
1428 2562 1527 2591 rem
1548 2551 1676 2590 illum
1692 2560 1796 2600 gra-

160 2627 392 2667 tissimam
412 2625 514 2666 Deo
535 2625 691 2665 facere
714 2625 961 2665 credimus.
985 2625 1068 2665 Est
1090 2625 1136 2665 in
1158 2624 1354 2664 dicendo
1382 2629 1478 2662 tam
1505 2621 1678 2671 facilis,
1701 2626 1799 2660 tam

162 2698 381 2749 copiosus
398 2702 442 2736 et
452 2696 637 2741 ardens,
653 2696 816 2747 suique
834 2696 1066 2736 maximas
1083 2695 1259 2735 excitat
1275 2693 1640 2745 expectationes;
1659 2703 1799 2743 quem

161 2769 222 2809 ad
242 2767 526 2808 audiendum
547 2766 880 2818 cujuscumque
908 2766 1035 2806 modi
1062 2766 1304 2806 hominum
1332 2764 1412 2804 sed
1440 2763 1643 2803 maxime
1673 2763 1797 2802 nobi-

161 2840 275 2880 lium
306 2838 656 2879 innumerabilis
690 2837 935 2877 multitudo
969 2837 1210 2886 convenit,
1241 2835 1407 2887 quibus
1435 2835 1531 2883 ille,
1562 2839 1611 2874 ut
1637 2833 1801 2873 videre

161 2917 246 2961 est,
269 2911 438 2962 placet.
461 2908 639 2949 Diebus
660 2920 841 2960 quoque
856 2895 1096 2959 mercurii,
1120 2907 1209 2947 nisi
1229 2907 1399 2946 festum
1427 2906 1472 2945 in
1503 2904 1797 2945 hebdomada

161 2982 352 3034 aliquod
372 2981 672 3030 intercurrat,
696 2991 789 3019 non
811 2979 914 3030 sine·
930 2990 1102 3030 magno
1120 2983 1357 3018 conventu
1376 2988 1429 3016 ac
1446 2976 1710 3028 frequentia
1728 2986 1797 3014 sa-

163 3064 273 3092 crae
293 3051 495 3108 paginae
516 3050 762 3090 lectionem
784 3055 988 3089 enarrat.
1018 3049 1157 3089 Pater
1186 3048 1458 3098 Goncalvus
1479 3046 1614 3088 Vaaz
1635 3046 1799 3086 diebus
