2168 3437
842 232 926 270 AN.
958 233 1049 271 1552
1720 234 1767 271 43

130 341 256 370 mum
294 334 393 377 est,
437 328 626 380 quidam
667 329 824 381 iniqua
864 331 1130 370 valetudine
1169 330 1418 371 triennium
1454 331 1762 382 conflictatus,

129 400 370 451 morbique
405 400 664 451 pertinacia
701 401 857 440 animo
886 401 1084 452 fractus,
1118 407 1338 453 coeperat
1368 401 1423 441 de
1451 402 1611 441 divina
1633 402 1763 442 mise-

129 471 334 511 ricordia
362 482 455 510 non
487 471 637 511 solum
666 471 892 527 diffidere,
930 473 1011 512 sed
1039 473 1180 512 etiam
1206 473 1271 512 ita
1304 469 1574 513 'existimare
1602 478 1651 512 ut
1667 472 1764 523 jam

129 542 267 592 nigra
289 541 457 581 inferni
479 542 680 592 caligine
707 543 844 582 modo
877 543 1055 583 involvi
1085 555 1140 583 ac
1171 544 1370 595 opprimi
1397 543 1484 583 sibi
1510 543 1761 583 videretur.

131 613 290 664 Itaque
320 618 508 652 noctem
535 613 651 663 vigil
681 614 871 664 agebat,
906 614 966 654 ad
999 614 1254 654 maximam
1287 621 1474 654 noctem
1503 614 1766 654 abstinebat

130 695 373 735 parvoque
404 683 519 733 (erat
547 684 670 724 enim
700 685 893 736 pauper)
925 696 980 724 ac
1013 685 1155 724 semel
1187 685 1235 724 in
1265 685 1337 725 die
1371 697 1420 725 se
1455 686 1764 726 sustentabat.

130 753 264 794 Hanc
284 754 409 794 vitae
431 754 664 794 rationem
691 754 879 806 quidam
908 755 1115 806 religiosi
1141 756 1232 795 viri
1263 756 1501 807 corrigere
1530 768 1585 796 ac
1616 768 1766 796 emen-

125 825 241 865 dare
262 826 524 876 voluerunt,
557 826 639 866 sed
670 826 806 866 nullis
834 826 1051 877 precibus
1072 826 1195 866 flecti
1215 833 1425 878 poterat,
1458 833 1507 867 ut
1538 828 1663 867 solus
1694 839 1764 867 su-

129 907 318 947 peresse
340 897 581 937 videretur
602 896 650 937 P.
674 897 914 948 Philippus
939 897 964 944 ¹,
989 898 1066 949 qui
1082 898 1334 947 hominem,
1354 910 1436 949 spe
1454 899 1642 938 divinae
1662 909 1767 949 gra-

129 967 224 1007 tiae
261 967 554 1017 destitutum,
593 967 651 1006 ad
692 979 987 1008 communem
1025 968 1219 1008 vivendi
1253 980 1468 1009 normam
1504 976 1765 1010 revocaret.

129 1037 250 1078 Hinc
270 1038 411 1089 igitur
434 1039 587 1090 coepit
608 1038 658 1079 Ρ.
682 1039 922 1091 Philippus
953 1040 1145 1080 alternis
1168 1040 1350 1091 diebus,
1387 1052 1526 1092 saepe
1555 1041 1766 1091 singulis,

132 1108 256 1148 hunc
279 1109 514 1149 hominem
530 1110 747 1161 invisere,
768 1122 962 1162 eamque
980 1110 1271 1162 diligentiam
1292 1123 1346 1152 ac
1364 1123 1525 1151 curam
1543 1112 1768 1161 adhibuit,

129 1186 179 1219 ut
199 1191 348 1231 parvo
369 1181 560 1231 negotio
583 1181 641 1221 ad
668 1189 972 1232 peccatorum
1001 1182 1341 1222 confessionem
1363 1183 1621 1234 pellexerit;
1646 1183 1771 1234 quod

130 1250 194 1290 illi
215 1262 322 1291 cum
341 1252 676 1303 persuasisset,
699 1252 885 1293 facilius
915 1253 1262 1304 quodammodo
1290 1253 1375 1294 fuit
1402 1254 1449 1293 in
1479 1255 1687 1294 animum
1707 1255 1768 1294 in-

125 1321 300 1361 ducere
323 1328 371 1362 ut
393 1323 533 1362 certis
557 1323 685 1363 horis
707 1323 765 1363 ad
787 1335 1081 1364 communem
1102 1336 1238 1375 usum
1264 1325 1418 1364 cibum
1439 1332 1643 1377 caperet,
1668 1337 1769 1366 cae-

130 1398 322 1444 teraque
347 1393 594 1445 perficere,
626 1406 745 1446 quae
773 1394 833 1434 ad
860 1395 1101 1447 pereuntis
1128 1396 1313 1436 animae
1344 1397 1541 1436 salutem
1571 1397 1771 1448 pertine-

131 1464 256 1504 bant.
280 1463 342 1504 Ut
373 1464 420 1504 in
451 1476 634 1505 summa
662 1465 834 1516 dicam,
873 1478 927 1506 eo
961 1466 1223 1517 profectum
1255 1473 1345 1518 est,
1379 1473 1426 1507 ut
1461 1473 1557 1507 tam
1586 1468 1770 1508 animae

127 1546 271 1586 quam
291 1535 502 1586 corporis
530 1536 783 1576 sanitatem
812 1537 870 1576 sit
898 1550 925 1577 a
954 1536 1054 1577 Deo
1082 1544 1377 1578 consecutus.
1410 1537 1497 1578 Rei
1523 1537 1770 1579 difficultas

131 1606 254 1645 hunc
294 1607 468 1646 exitum
507 1608 674 1648 sortita
714 1614 802 1659 est,
845 1614 894 1648 ut
933 1609 1035 1648 loco
1074 1609 1290 1649 miraculi
1328 1609 1593 1649 haberetur.
1635 1610 1770 1650 Alius

127 1677 321 1729 quidam
349 1683 444 1717 tam
472 1679 793 1719 inconstanter
823 1691 877 1719 ac
905 1679 1061 1731 iniquo
1094 1680 1249 1720 animo
1278 1681 1561 1721 valetudinis
1594 1681 1772 1721 ferebat

131 1749 453 1800 incommoda,
477 1755 526 1788 ut
555 1749 761 1790 animum
793 1750 1118 1802 desponderet.
1153 1750 1293 1802 Cujus
1320 1763 1503 1804 quoque
1524 1764 1644 1792 uxor
1666 1765 1771 1792 cum

130 1819 284 1859 Deum
304 1831 444 1871 saepe
465 1827 658 1871 precata
680 1827 803 1861 esset
824 1828 872 1861 ut
902 1834 951 1862 se
983 1823 1252 1863 calamitate
1282 1830 1523 1874 premente
1554 1824 1768 1864 subleva-

132 1896 203 1930 ret
231 1902 515 1943 suarumque
543 1904 701 1933 rerum
729 1894 1052 1934 misericordia
1084 1903 1352 1946 caperetur3
1382 1896 1497 1935 nihil
1523 1896 1676 1935 minus
1706 1902 1770 1935 ta-

131 1972 237 2001 men
258 1962 419 2002 irritae
440 1975 606 2014 preces
627 1963 781 2003 surdis
803 1965 993 2005 auribus
1016 1967 1173 2018 respui
1196 1965 1333 2019 [cum]
1356 1966 1650 2017 viderentur,
1676 1968 1772 2007 ani-

130 2043 258 2072 mum
279 2032 446 2084 abjecit
466 2035 601 2086 quasi
622 2046 878 2086 numquam
898 2036 1220 2087 impetratura.
1254 2038 1595 2089 Indignataque
1618 2038 1773 2090 hujus·

133 2104 259 2144 modi
279 2105 488 2156 cogitare
510 2118 566 2146 ac
588 2106 713 2157 loqui
735 2107 909 2158 coepit,
934 2114 983 2147 ut
1005 2108 1051 2148 in
1072 2109 1193 2149 hanc
1225 2116 1488 2161 erumperet
1517 2110 1772 2150 verborum

129 2176 476 2227 contumeliam,
497 2188 546 2217 se
562 2189 588 2217 a
601 2177 702 2217 Deo
719 2178 1030 2219 incommodis
1051 2179 1191 2231 affici,
1212 2180 1268 2221 de
1285 2192 1375 2232 quo
1393 2181 1451 2221 sit
1467 2181 1770 2221 benemerita.

212 2245 331 2286 Huic
362 2247 499 2287 simul
520 2254 564 2288 et
586 2249 754 2288 marito
776 2248 825 2288 P.
853 2250 1123 2290 Ludovicus
1145 2250 1158 2269 ‘²
1179 2263 1352 2303 magno
1379 2252 1466 2292 fuit
1488 2251 1769 2303 adjumento,

132 2328 241 2357 cum
267 2319 601 2359 amantissimis
631 2320 787 2360 verbis
819 2332 900 2360 eos
932 2322 1163 2362 solaretur
1192 2329 1493 2375 moneretque
1522 2323 1707 2363 dolores
1728 2330 1773 2364 et

135 2388 429 2429 infirmitates
464 2389 639 2431 Christi
678 2391 866 2431 nomine
899 2392 1116 2445 bonoque
1147 2394 1303 2434 animo
1337 2395 1660 2444 sustinendas,
1696 2395 1774 2446 qui

134 2460 281 2499 nostri
304 2471 463 2500 amore
484 2462 722 2502 sauciatus
745 2462 991 2514 denudari,
1015 2464 1176 2515 flagris
1198 2465 1401 2517 concidi,
1432 2472 1629 2506 mortem
1651 2472 1771 2506 atro-

132 2530 373 2571 cissimam
394 2533 575 2583 perpeti
595 2533 759 2573 voluit.
791 2533 860 2574 Ita
888 2534 1074 2575 demum
1103 2542 1325 2587 aegrotus
1352 2536 1522 2576 fortem
1550 2537 1771 2588 animum,

134 2601 261 2641 vires
281 2614 431 2642 novas
451 2603 638 2654 collegit
658 2610 708 2643 ut
727 2605 916 2645 morbos
942 2605 1109 2647 fortius
1138 2609 1304 2647 toleret
1335 2613 1380 2647 et
1409 2608 1620 2659 corporis
1641 2609 1773 2648 dolor

134 2683 192 2711 ac
213 2672 459 2713 infirmitas
481 2674 528 2713 in
548 2674 716 2714 mentis
745 2682 884 2727 atque
914 2677 1057 2717 animi
1077 2678 1218 2717 robur
1248 2678 1510 2718 redundare
1540 2679 1755 2719 videatur

132 2741 427 2784 Confitentur
447 2744 634 2796 saepius
655 2757 937 2798 sacrumque
958 2747 1284 2788 Eucharistiae
1306 2756 1653 2790 sacramentum
1673 2762 1772 2802 per-

135 2813 336 2866 cipiunt,
379 2827 434 2855 ac
474 2815 637 2855 mulier
676 2817 928 2868 praecipue
967 2818 1027 2858 ad
1062 2819 1187 2859 Vitae
1226 2818 1561 2871 perfectionem
1599 2832 1773 2872 magno

134 2885 289 2934 gradu
310 2886 563 2927 contendit.

191 2996 202 3016 ¹
242 2996 279 3023 P.
294 2997 482 3033 Philippus,
495 2999 607 3034 belga;
625 2999 702 3027 vide
719 3001 888 3037 ΡοιΑΝοο,
906 3002 1062 3031 Clzrom'c.
1080 3003 1151 3030 Soc.
1167 3003 1268 3038 sesa,
1282 3007 1360 3032 tom.
1376 3011 1417 3036 11,
1434 3011 1510 3038 pag.
1525 3004 1588 3031 512.

193 3043 206 3062 ²
246 3043 280 3070 P.
295 3043 490 3073 Ludovicus
505 3046 545 3073 de
562 3046 757 3081 Coudretto,
772 3048 913 3083 Collegii
929 3050 1066 3077 Rector.
