2168 3437
365 231 415 269 38
876 233 1104 270 LITTERAE
1131 243 1493 276 QUADRIMESTRES

365 328 491 369 illico
512 335 781 381 praesentat
802 330 935 370 Rmo.
969 330 1026 370 D.
1061 329 1301 370 Cardinali
1327 330 1562 381 Urbinati,
1593 331 1772 382 Legato
1804 332 2000 384 Aposto-

368 400 459 440 lico
483 399 509 451 ¹,
534 407 578 440 et
598 401 636 441 is
658 412 841 452 quoque
861 412 1036 452 magna
1057 401 1347 441 humanitate
1369 401 1570 441 officium
1600 413 1656 442 ac
1685 414 1876 454 operam
1908 404 2001 455 pol-

369 471 548 511 licetur.
571 472 676 524 Jam
696 483 810 512 vero
832 484 937 512 cum
959 472 1019 512 ad
1038 472 1192 512 locum
1215 483 1422 512 essemus
1455 472 1736 523 deducendi,
1768 474 1846 525 qui
1873 480 2001 515 certo

367 541 501 582 nobis
522 548 831 594 praeparatus
853 543 909 583 ab
932 543 1146 583 omnibus
1169 543 1460 593 credebatur,
1491 549 1541 583 ut
1569 543 1617 583 in
1647 545 1860 585 eumdem
1890 547 2000 585 mul·

368 618 464 652 tam
481 612 578 664 jam
599 620 975 665 comportassent
997 614 1352 665 supellectilem,
1378 614 1434 654 de
1465 625 1555 665 quo
1577 612 1591 632 ²
1613 614 1800 655 demum
1821 622 2002 656 contro-

368 684 490 724 verti
529 691 743 735 coeptum
777 685 866 735 est',
904 685 962 725 ob
995 684 1133 736 idque
1167 685 1356 725 tandem
1389 685 1524 725 nobis
1562 686 1753 725 minime
1788 687 1998 738 contigit.

366 754 499 805 Quae
520 767 594 795 res
623 755 680 795 D.
711 746 956 796 Vicarium
985 756 1139 807 coegit
1169 762 1218 796 ut
1248 757 1476 796 hactenus
1504 756 1628 808 apud
1657 768 1706 797 se
1738 757 2000 809 detinuerit,

366 838 461 866 non
482 826 657 877 absque
675 826 861 878 jactura
882 839 1039 867 rerum
1061 827 1246 878 quidem
1270 828 1597 879 spiritualium,
1622 833 1719 867 tum
1741 829 1863 880 quod
1892 830 2002 869 mul-

365 902 439 936 tos
460 897 668 937 nondum
697 909 843 949 usque
865 898 981 938 adeo
1009 904 1261 949 provectos
1283 898 1546 950 suppudeat
1575 899 1713 938 toties
1740 911 1826 939 nos
1858 900 2001 950 adire,

366 967 570 1008 maxime
606 968 653 1008 in
681 970 783 1008 loco
813 969 1021 1021 publico,
1051 970 1175 1021 quod
1202 970 1333 1010 initio
1370 970 1557 1021 quidem
1592 958 1871 1011 factitabant
1912 983 2003 1011 ma-

365 1050 462 1090 gna
483 1045 527 1079 et
547 1040 808 1091 frequentia
830 1047 874 1080 et
897 1041 1151 1092 diligentia,
1178 1041 1363 1092 quando
1383 1042 1474 1081 alio
1493 1053 1633 1093 quam
1647 1053 1770 1082 nunc
1788 1048 2005 1093 pretextu

364 1110 551 1161 licebat,
575 1117 673 1151 tum
693 1123 806 1151 Vero
829 1112 1051 1163 maxime,
1075 1112 1199 1163 quod
1226 1118 1405 1152 certum
1433 1113 1656 1164 templum
1677 1125 1770 1153 non
1792 1114 2003 1154 habueri—

366 1194 470 1222 mus
508 1182 587 1222 ubi
620 1194 758 1223 sacra
791 1189 1130 1234 peragerentur
1166 1184 1637 1236 ministrarenturque
1677 1184 2001 1235 Sacramenta,

364 1254 449 1294 sed
469 1254 607 1294 modo
629 1254 733 1304 huc,
757 1254 894 1294 modo
916 1254 1025 1294 illuc
1045 1255 1342 1304 itaverimus,
1367 1267 1457 1306 quo
1479 1256 1690 1296 mittebat
1723 1268 1808 1296 nos
1835 1256 1893 1297 D.
1923 1257 2002 1297 Vi-

365 1324 537 1373 car'ius,
560 1325 798 1365 vocabant
821 1326 960 1366 amici
980 1326 1203 1366 nonnulli.

447 1386 696 1437 Caeterum
734 1402 952 1448 putamus
998 1396 1099 1436 Deo
1146 1398 1347 1448 propitio
1394 1399 1684 1449 pensandam
1732 1399 2003 1450 propediem

365 1468 486 1508 hanc
503 1467 737 1519 jacturam
767 1479 862 1507 non
890 1468 1115 1508 mediocri
1144 1468 1357 1519 foenore,
1388 1470 1427 1509 si
1458 1470 1738 1510 successerit
1772 1470 1897 1521 quod
1928 1470 2003 1509 ad-

365 1539 554 1579 modum
575 1538 737 1579 sedulo
759 1539 1010 1579 moliuntur
1033 1539 1123 1579 duo
1146 1539 1362 1579 doctores
1384 1539 1521 1591 hujus
1550 1540 1838 1581 Academiae
1872 1553 1927 1581 ac
1957 1541 2004 1581 in

364 1611 528 1662 primis
549 1611 596 1650 in
618 1621 672 1650 ea
700 1610 1005 1662 professores.
1040 1610 1337 1651 Contendunt
1364 1611 1591 1663 siquidem
1619 1613 1703 1662 illi,
1737 1612 1874 1664 idque
1901 1624 2002 1664 pro-

364 1682 480 1733 priis
500 1681 767 1733 impendiis,
805 1682 928 1733 apud
958 1681 1143 1722 Rmum‚
1176 1681 1473 1722 Cardinalem
1494 1683 1771 1723 Perusinum
1801 1683 1814 1702 ³
1844 1689 1894 1724 ut
1924 1683 2002 1724 So-

364 1753 525 1793 cietati
554 1759 745 1792 nostrae
776 1751 1046 1803 designetur
1074 1754 1204 1793 locus
1232 1753 1421 1804 quidam
1443 1753 1538 1804 jam
1569 1754 1793 1795 aedificiis
1820 1755 2004 1795 abunde

364 1829 560 1864 ornatus
590 1836 646 1864 ac
667 1824 713 1863 in
741 1824 914 1875 optima
945 1824 1152 1864 civitatis
1180 1830 1313 1875 parte
1342 1825 1480 1875 situs,
1517 1837 1606 1877 quo
1635 1826 1854 1866 nimirum
1876 1826 2000 1866 facil-

364 1896 472 1936 lime
494 1901 743 1936 concurret
764 1896 961 1946 populus
991 1894 1194 1946 undique
1215 1896 1554 1936 sacrificiorum
1578 1898 1734 1948 gratia
1765 1898 1864 1937 sive
1897 1909 2002 1938 con-

363 1968 555 2007 cionum
576 1973 655 2006 aut
677 1966 930 2006 lectionum
947 1966 1305 2017 audiendarum3
1330 1978 1386 2007 ac
1407 1968 1583 2019 optimo
1611 1968 1809 2020 denique
1839 1969 1935 2008 aeri
1964 1969 2003 2008 is

364 2038 607 2089 expositus
629 2043 713 2077 est.
737 2037 839 2077 Hac
861 2037 1016 2088 itaque
1039 2049 1140 2088 spe,
1161 2036 1395 2088 jacturam
1427 2050 1566 2089 quam
1595 2039 1812 2089 fecimus,
1843 2040 2003 2091 utique

364 2121 456 2150 non
478 2110 649 2158 levem,
673 2120 832 2148 rerum
859 2108 1028 2159 quippe
1056 2109 1387 2160 spiritualium,
1417 2109 1601 2150 facilius
1632 2111 1871 2161 aliquanto
1902 2122 2000 2162 per-

363 2180 571 2220 ferimus.
609 2179 848 2231 Siquidem
886 2191 944 2219 ex
979 2185 1045 2219 tot
1080 2185 1268 2231 tamque
1308 2180 1454 2220 variis
1489 2181 1748 2222 rationibus
1787 2182 1834 2221 in
1865 2193 2002 2222 exco-

365 2251 502 2291 lenda
522 2252 662 2291 Vinea
688 2250 878 2291 Domini
906 2258 1099 2290 nostrae
1130 2249 1354 2290 Societati
1382 2251 1498 2291 adeo
1527 2251 1856 2302 familiaribUS‚
1892 2264 2001 2304 pau-

364 2322 433 2362 cis
469 2322 720 2362 admodum
753 2322 819 2361 uti
853 2321 1080 2361 hactenus
1115 2322 1335 2372 contigit,
1375 2322 1521 2373 iisque
1556 2324 1854 2373 generalibus
1888 2323 1999 2373 fere,

365 2395 531 2445 quibus
552 2406 646 2434 non
668 2394 732 2434 ita
752 2393 1010 2433 foecundus
1031 2399 1288 2444 proventus
1309 2394 1539 2445 reportari
1562 2395 1698 2443 solet,
1730 2401 1780 2435 ut
1801 2395 2003 2446 primum

364 2477 424 2505 ex
445 2465 688 2505 sacrificiis
709 2465 901 2515 nostris,
926 2475 1044 2515 quae
1064 2464 1212 2504 variis
1236 2465 1281 2503 in
1302 2465 1415 2504 locis
1445 2477 1503 2504 ex
1533 2466 1770 2517 insperato
1801 2466 2002 2506 celebra-

364 2537 550 2585 bantur,
590 2536 705 2576 nihil
739 2547 885 2588 prope
922 2535 1147 2575 accedere
1182 2535 1443 2586 vidcbatur,
1481 2543 1668 2587 praeter
1707 2544 2001 2588 praesentem

365 2607 493 2647 illum
532 2608 737 2648 fructum
778 2606 1136 2656 aedificationiS,
1176 2612 1225 2646 ut
1264 2618 1394 2646 more
1434 2614 1593 2648 nostro
1633 2609 1817 2660 loquar,
1863 2620 1998 2659 quam

365 2684 522 2718 tamen
543 2679 689 2719 variis
713 2677 1002 2729 argumentis
1023 2677 1244 2728 colligere
1266 2678 1449 2724 licebat,
1473 2679 1617 2718 veluti
1639 2690 1698 2719 ex
1719 2679 1999 2729 reverentia,

364 2760 457 2800 qua
480 2750 618 2800 longe
651 2748 817 2800 majori
845 2754 978 2789 erant
999 2749 1211 2788 homines
1233 2748 1290 2788 ob
1312 2756 1608 2799 praesentem
1637 2750 1846 2790 divinam
1867 2749 2002 2801 maje-

423 2909 433 2928 ¹
472 2908 580 2941 Julius
595 2909 633 2936 de
651 2909 683 2936 la
696 2909 839 2941 Rovere,
853 2908 973 2936 Urbini
988 2908 1176 2943 Episcopus
1192 2912 1224 2935 et
1241 2908 1444 2942 Cardinalis,
1462 2909 1591 2935 Perusii
1610 2909 1825 2943 Apostolicus
1839 2909 2004 2944 Legatus.

365 2957 455 2984 Vide
470 2956 639 2990 PoLANco,
657 2956 812 2984 Clzronz'c.
831 2956 902 2984 Soc.
917 2957 1017 2991 Jesu,
1032 2960 1111 2983 tom.
1129 2963 1164 2990 11,
1181 2964 1257 2990 pag.
1271 2957 1333 2983 433.
1756 2968 1758 2970 ·

420 3005 434 3024 2
475 3003 553 3038 Sic,·
569 3004 697 3031 rectius
713 3005 870 3031 fortassis
886 3012 934 3031 eo.

420 3053 434 3072 5
473 3052 616 3080 Fulvius
633 3052 672 3079 de
687 3052 721 3079 la
737 3051 848 3079 Corna
863 3051 1040 3085 (Gorneas)
1057 3051 1247 3079 cardinalis
1263 3056 1295 3079 ct
1311 3052 1499 3086 Episcopus
1516 3053 1708 3081 Perusinus.
