2168 3437
928 214 1010 250 AN.
1043 212 1135 248 1553
1779 211 1846 248 139

870 668 1175 722 CXCVIII

278 897 322 933 P.
346 896 576 934 Arnoldus
596 896 772 933 Hezeus

328 963 446 999 Patri
466 963 635 1010 Ignatio
656 962 709 999 de
729 963 913 1009 Loyola.

373 1028 586 1072 Lovanio,
608 1027 651 1064 lo
669 1027 867 1073 Januarii
885 1027 976 1064 1553
998 1027 1021 1062 ¹.

975 1253 1074 1330 uls

286 1519 452 1561 Gratia
470 1520 662 1561 Domini
680 1521 829 1562 nostri
843 1521 946 1562 Iesu
962 1521 1036 1562 ΧΑ
1064 1522 1122 1562 sit
1139 1533 1324 1575 semper
1340 1534 1446 1563 cum
1464 1523 1679 1563 omnibus
1696 1522 1845 1562 nobis.

284 1591 519 1643 Elapsum
540 1592 636 1632 iam
657 1604 758 1633 esse
782 1596 969 1645 tempus
993 1597 1187 1634 sanctae
1210 1594 1493 1634 obedientiae
1520 1593 1763 1634 vinculum
1793 1594 1847 1633 ob

204 1662 367 1703 oculos
381 1663 538 1715 ponit,
559 1664 825 1704 Reverend.
849 1664 898 1705 in
921 1665 1000 1705 X.0
1021 1666 1196 1716 Pater,
1219 1677 1308 1717 quo
1331 1667 1393 1706 ad
1419 1665 1617 1706 Domini
1635 1665 1727 1705 Dei
1743 1665 1847 1715 glo-

202 1734 326 1774 riam
360 1734 405 1774 V.
431 1735 491 1775 P.
515 1739 567 1775 ut
582 1741 863 1787 pareamus,
885 1740 1093 1788 quatuor
1114 1737 1345 1777 mensium
1362 1737 1495 1777 uobis
1516 1737 1756 1777 reddenda
1777 1739 1847 1776 est

203 1806 342 1846 ratio.
367 1805 561 1846 Rudiori
583 1807 739 1857 igitur
761 1807 972 1848 Minerva
995 1820 1050 1848 ea
1078 1809 1372 1860 potissimum
1400 1815 1697 1858 narraturus,
1728 1820 1846 1860 quae

202 1877 409 1917 maximo
440 1877 531 1918 Dei
556 1878 781 1919 beneficio
809 1879 943 1919 nobis
972 1880 1143 1919 vilibus
1177 1880 1502 1920 instrumentis
1534 1892 1560 1920 a
1593 1880 1846 1930 septembri

201 1960 431 1988 concessa
451 1955 578 1997 sunt,
604 1962 630 1989 a
652 1949 753 1989 R.d0
775 1949 1058 2002 colendoque
1077 1951 1197 1991 milti
1215 1951 1353 1991 Patre
1375 1951 1587 1992 Adriano
1610 1950 1623 1969 ‘²
1645 1951 1845 2003 primum

204 2019 540 2071 auspicandum
561 2021 739 2072 putavi,
759 2022 838 2073 qui
859 2022 1023 2062 statim
1038 2026 1152 2074 post
1168 2028 1352 2074 paucos
1372 2023 1471 2062 dies
1488 2022 1846 2072 mez'adveutzts,

203 2089 418 2130 videlicet
442 2091 490 2130 16
512 2091 734 2132 calendas
765 2093 965 2140 octobr.,
1000 2094 1059 2134 ad
1088 2094 1463 2145 recuperandum
1491 2094 1705 2145 corporis
1726 2094 1845 2134 sani-

205 2168 351 2202 tatem
375 2162 491 2211 (sine
513 2163 644 2203 cuius
665 2163 935 2214 integritate
962 2176 1047 2205 nec
1078 2165 1323 2205 animabus
1354 2165 1506 2206 debite
1537 2166 1652 2206 satis
1682 2166 1846 2205 subve-

203 2233 295 2273 niri
326 2234 493 2284 potest)
522 2233 833 2286 Antuerpiam
860 2236 1097 2288 profectus
1118 2243 1201 2288 est,
1232 2237 1486 2288 eodemque
1508 2237 1604 2287 die,
1636 2248 1725 2287 quo
1753 2247 1846 2276 ma-

203 2309 338 2344 terna
358 2304 498 2344 subiit
525 2310 664 2356 tecta,
696 2312 740 2346 et
760 2306 912 2357 ipsum
934 2306 1229 2359 chirurgum,
1264 2319 1400 2359 quem
1431 2307 1617 2348 aliunde
1646 2319 1844 2347 vocave-

203 2381 302 2426 rat,
344 2375 592 2416 advenisse
627 2377 858 2429 percepit,
897 2378 974 2429 qui
1008 2389 1191 2418 omnem
1223 2390 1362 2419 suam
1395 2379 1614 2430 offerens
1652 2384 1845 2429 operam

203 2445 461 2498 perfectam
483 2458 552 2496 se,
585 2447 745 2487 divino
777 2448 1044 2500 adiutorio,
1075 2450 1250 2501 absque
1278 2451 1371 2490 ulla
1402 2451 1624 2498 scisione,
1657 2450 1846 2501 corpori

202 2517 455 2557 sanitatem
475 2517 774 2559 inducturum
793 2520 1115 2571 pollicebatur.
1139 2521 1319 2562 Verum
1345 2528 1594 2574 postquam
1614 2521 1707 2561 iam
1729 2521 1846 2561 duos

204 2599 324 2639 pene
344 2600 528 2629 menses
550 2589 634 2628 sub
656 2588 761 2629 fidei
782 2590 881 2631 eius
910 2591 1336 2643 commendatione,
1371 2603 1426 2632 czc
1456 2592 1673 2644 corporis
1686 2596 1845 2643 prote-

202 2658 356 2699 ctione
371 2660 606 2711 peregerit
621 2660 667 2700 in
680 2661 838 2701 multis
854 2662 1098 2714 variisque
1113 2663 1241 2704 circa
1258 2664 1426 2713 cibum,
1447 2669 1607 2714 potum
1621 2663 1844 2704 omnium-

261 2797 272 2816 ¹
315 2796 403 2824 Tota
420 2798 637 2831 autographa
653 2798 686 2825 in
702 2798 914 2833 quadruplici
930 2799 1009 2827 folio
1024 2808 1078 2827 nn.
1090 2800 1219 2828 334-337.
1233 2816 1266 2820 —
1277 2800 1314 2827 In
1329 2808 1369 2828 ea
1385 2802 1502 2828 clausa
1517 2804 1595 2827 sunt
1617 2801 1714 2828 lineis
1733 2809 1844 2835 pauca

210 2845 381 2878 quaedam
396 2853 435 2872 ne
449 2846 773 2880 transcriberentur,
791 2851 824 2874 et
840 2847 908 2874 tria
923 2849 1031 2875 verba
1044 2853 1188 2876 mutata.
1205 2849 1259 2876 Ita
1274 2848 1474 2876 emendatae
1490 2849 1655 2882 epistolae
1668 2849 1732 2876 duo
1745 2849 1847 2877 habe-

205 2898 280 2918 mus
298 2892 511 2926 apographa,
530 2900 632 2920 unum
646 2893 679 2920 in
696 2893 812 2920 eodem
827 2895 906 2928 vol..
923 2903 977 2923 nn.
990 2896 1119 2930 331-333,
1136 2897 1295 2929 alterum,
1308 2896 1341 2923 in
1356 2896 1556 2930 Hispaniam
1572 2895 1680 2923 Roma
1694 2897 1844 2929 missum,

207 2939 241 2965 in
258 2938 422 2966 Historia
439 2939 555 2973 varia,
570 2944 593 2967 t.
611 2948 632 2973 ι,
650 2941 706 2968 fol.
725 2940 987 2975 306-308.—Quae
1009 2943 1042 2970 in
1063 2944 1116 2977 his
1138 2944 1347 2978 apographis
1369 2944 1607 2971 desiderantur
1627 2948 1687 2971 aut
1710 2948 1845 2972 mutata

207 2990 304 3021 sunt,
320 2986 446 3014 italicis
461 2988 515 3014 hic
528 2995 588 3015 nos
605 2988 731 3015 litteris
749 2990 1025 3018 transcribemus.

262 3033 276 3052 ²³-
314 3033 349 3060 P.
365 3033 540 3061 Adrianus
556 3035 817 3069 Adriaenssens,
831 3037 930 3064 sociis
945 3037 1091 3066 Lovanii
1107 3038 1306 3073 degentibus
1320 3039 1549 3073 praepositus.
