2168 3437
383 281 454 320 258
896 279 1125 317 LITTERAE
1151 290 1512 323 QUADRIMESTRES

384 377 650 418 coniunctio
671 376 1086 428 reconciliatioque
1106 376 1240 417 bonis
1263 377 1478 417 omnibus
1497 384 1637 429 grata
1659 383 1751 428 est,
1778 379 1842 418 ita
1864 384 1908 419 et
1928 379 2029 419 illo-⁷

382 461 506 497 rum,
544 459 660 499 quos
695 448 844 500 turpis
880 459 1011 488 amor
1039 453 1083 487 et
1111 448 1453 488 concubinatus
1487 449 1664 488 crimen
1695 450 2018 500 coniunxerat,

384 520 519 559 debet
549 530 652 559 esse
682 518 885 559 iucunda
916 519 1179 558 disiunctio.
1212 518 1363 558 Fuere
1393 518 1661 559 huiusmodi
1681 520 1923 571 permulti,
1947 521 2024 572 qui

383 591 441 630 ab
463 602 518 630 ea
538 590 730 630 vivendi
752 590 934 630 ratione
960 591 1147 642 penitus
1173 589 1490 640 discedentes,
1513 590 1684 642 partim
1707 591 1766 631 ad
1788 591 2023 632 connubia

382 661 642 711 redierunt,
667 673 693 700 a
714 661 881 712 quibus
903 672 952 701 se
974 661 1299 711 seiunxerant,
1324 661 1496 712 partim
1524 661 1579 701 iis
1610 673 1659 701 se
1681 662 1890 712 legitimo
1913 674 2020 702 con-

381 732 508 783 iugio
530 733 830 783 copularunt,
856 732 1023 783 quibus
1045 738 1183 772 antea
1205 737 1372 772 contra
1393 731 1481 771 Dei
1507 733 1658 783 legem
1679 744 1928 784 perperam
1949 735 2024 774 usi

380 803 580 844 fuerant.
603 803 692 843 Hic
723 803 760 843 si
793 803 968 843 referre
996 803 1153 855 aliqua
1181 803 1454 854 singulatim
1480 803 1664 854 liceret,
1694 815 1788 843 non
1818 804 1918 844 sine
1947 805 2024 845 ad-

382 874 631 915 miratione
666 874 926 925 audiretur,
960 874 1103 914 fuisse
1138 874 1185 914 in
1219 874 1309 914 illis
1340 874 1585 924 mulieres,
1618 875 1801 926 quibus,
1838 881 2026 926 praeter

382 946 625 995 maritum,
650 951 850 996 quatuor
878 952 1033 985 essent
1063 945 1178 996 viri,
1209 945 1326 984 alias
1359 945 1527 996 quibus
1555 951 1757 997 septem,
1782 946 1905 998 iique
1927 952 2025 986 tum

381 1016 543 1067 soluti,
567 1022 666 1057 tum
687 1016 911 1056 uxoribus
933 1016 1158 1056 obstricti.
1184 1015 1264 1056 Sin
1285 1021 1469 1067 tempus
1492 1022 1753 1067 spectatur,
1773 1022 1896 1057 totos
1915 1017 2022 1057 duo-

380 1087 534 1128 decim
551 1100 699 1128 annos
718 1087 808 1127 hac
825 1087 964 1127 sorde
981 1087 1226 1127 immersos
1244 1086 1419 1126 vixisse
1441 1087 1670 1138 quosdam
1688 1088 2018 1140 comperimus.

379 1159 475 1199 Imo
498 1165 542 1199 et
563 1159 727 1199 mulier
749 1158 982 1210 quaedam
1002 1170 1065 1198 xx
1087 1158 1222 1197 annis
1243 1157 1332 1197 hoc
1353 1157 1479 1197 vitae
1500 1169 1649 1209 genus
1677 1165 1860 1210 egerat,
1885 1170 2019 1210 quae,

381 1231 467 1271 etsi
487 1231 590 1271 Viro
612 1236 756 1282 nupta
779 1236 921 1280 esset,
945 1229 1149 1281 plurium
1176 1234 1333 1268 tamen
1360 1229 1560 1269 aliorum
1587 1241 1690 1269 sese
1717 1229 1896 1270 libidini
1918 1231 2022 1270 sub-

378 1303 574 1352 iecerat,
599 1303 720 1342 inter
742 1313 859 1353 quos
883 1299 1022 1352 <quod
1044 1300 1331 1340 horrendum
1351 1305 1421 1339 est
1443 1300 1618 1350 auditu)
1638 1301 1728 1340 duo
1746 1300 1844 1352 ejus
1861 1301 2023 1352 generi

377 1373 575 1413 fuerant.
599 1373 706 1425 Ipsa
727 1384 840 1412 vero
863 1372 1005 1412 etiam
1026 1371 1270 1411 diabolicis
1299 1371 1709 1423 superstitionibus
1740 1379 1841 1412 erat
1869 1372 2018 1424 impli-

377 1445 485 1485 cita.
521 1445 628 1484 Fuit
658 1456 840 1496 quoque
872 1443 950 1495 qui
980 1454 1177 1482 uxorem
1205 1442 1387 1493 fratris,
1418 1454 1590 1482 noveni
1621 1443 1757 1483 annis
1794 1443 2017 1493 habitam,

377 1516 617 1556 dimiserit.

455 1588 527 1627 EX
554 1587 626 1626 his
654 1592 811 1626 autem
838 1598 932 1626 non
960 1592 1029 1626 est
1057 1586 1240 1626 difficile
1271 1585 1384 1626 illud
1419 1586 1642 1636 colligere
1675 1586 1734 1626 ad
1763 1597 1849 1626 nos
1880 1586 2016 1626 confi-

375 1659 501 1699 tendi
520 1659 677 1710 gratia
699 1658 887 1698 venisse
915 1670 1009 1698 non
1035 1669 1214 1710 paucos
1242 1658 1400 1698 multis
1422 1663 1529 1697 ante
1559 1657 1694 1697 annis
1720 1669 1814 1697 non
1842 1657 2019 1698 confes-

375 1741 472 1781 sos,
496 1730 575 1769 alii
596 1730 719 1770 enirn
740 1730 835 1769 iam
854 1735 1060 1779 sextum,
1085 1729 1164 1769 alii
1181 1729 1435 1779 decimum,
1459 1729 1669 1768 nonnulli
1691 1727 2019 1769 duodecimum

374 1813 548 1841 annum
571 1802 628 1841 ab
651 1801 787 1841 huius
810 1800 1094 1841 sacramenti
1125 1801 1287 1841 ultima
1317 1800 1618 1851 perceptione
1647 1800 1872 1851 agebant:
1898 1812 2017 1840 unus

375 1885 489 1914 vero
526 1873 666 1913 etiam
702 1873 766 1923 (ut
802 1873 899 1924 ipse
935 1872 1105 1922 aiebat)
1142 1872 1436 1923 trigesimum
1468 1879 1547 1911 aut
1583 1871 2013 1923 quadragesimum.

372 1943 468 1984 Nec
490 1944 614 1984 dictu
636 1944 773 1984 facile
795 1944 853 1984 sit
874 1955 1014 1995 quam
1036 1943 1169 1983 multi
1190 1955 1214 1983 e
1235 1942 1452 1994 pessimis
1470 1943 1677 1982 moribus
1695 1942 1754 1982 ad
1776 1943 2019 1985 meliorem

372 2016 520 2056 vitam
542 2016 760 2055 conversi
788 2021 915 2065 sunt,
946 2020 991 2055 et
1018 2015 1064 2054 in
1093 2014 1165 2054 his
1191 2026 1285 2054 non
1313 2014 1452 2065 pauci
1480 2013 1680 2064 nobiles,
1714 2014 2020 2067 integraeque

371 2086 575 2127 familiae
605 2087 866 2126 restitutae.
898 2085 1040 2136 Nam,
1078 2085 1192 2125 Victi
1226 2085 1436 2137 plerique
1474 2073 1682 2125 uxorum*
1709 2085 1935 2137 patientia
1974 2094 2019 2127 et

374 2158 640 2198 obedientia
662 2157 767 2208 viri,
791 2157 867 2197 vel
889 2157 1044 2207 inviti,
1065 2157 1251 2196 illarum
1268 2162 1526 2208 sequuntur
1544 2156 1821 2197 institutum.
1840 2158 1924 2198 Est
1941 2170 2019 2198 au-

371 2235 467 2270 tem
488 2229 799 2280 quarumdam
822 2234 953 2267 tanta
974 2228 1212 2267 humilitas
1236 2233 1283 2266 ut
1306 2239 1332 2267 a
1354 2226 1469 2266 viris
1491 2228 1633 2266 multa
1657 2227 1813 2279 inique
1834 2240 2024 2281 perpes-

374 2312 478 2351 sae,
515 2306 694 2350 tamen,
733 2299 868 2351 quasi
902 2299 1005 2338 illos
1047 2297 1345 2348 offenderint,
1394 2299 1582 2338 veniam
1615 2304 1796 2349 rogent.
1841 2299 1941 2350 Quo
1971 2300 2021 2340 fit

374 2378 423 2412 ut
452 2372 682 2423 ipsorum,
711 2370 1013 2422 quantumvis
1047 2369 1172 2409 feros
1213 2375 1257 2409 et
1285 2380 1399 2419 erga
1430 2380 1478 2409 se
1509 2369 1639 2420 prius
1671 2370 1886 2421 immites,
1923 2372 2020 2411 ani-

374 2454 477 2483 mos
515 2442 776 2492 emolliant,
815 2447 859 2481 et
894 2440 953 2480 ad
996 2440 1068 2480 sui
1098 2440 1406 2480 imitationem
1436 2440 1632 2490 sensim,
1667 2452 2019 2494 nonnumquam

372 2514 516 2554 etiam
545 2519 757 2565 repente,
800 2518 849 2552 ut
891 2516 1044 2552 mente
1075 2523 1270 2563 prorsus
1305 2510 1525 2551 confusos
1555 2518 1600 2551 et
1637 2518 1920 2564 commotos,
1952 2520 2016 2553 at-

373 2585 579 2626 trahant.

456 2656 586 2696 Haec
604 2655 791 2707 quidem
812 2654 999 2694 divinae
1020 2654 1220 2705 primum
1242 2654 1439 2704 gratiae,
1460 2654 1625 2694 deinde
1647 2654 2020 2695 confessionibus

373 2733 418 2767 et
439 2726 742 2767 concionibus
764 2737 901 2766 nemo
924 2725 1101 2765 dubitet
1123 2736 1225 2764 esse
1246 2724 1513 2776 tribuenda;
1536 2725 1618 2765 sed
1641 2731 1711 2765 est
1732 2726 1873 2765 etiam
1895 2726 2017 2778 quod

371 2810 465 2838 non
496 2797 794 2838 mediocriter
817 2797 1031 2837 adiuvat:
1064 2796 1375 2847 quorumdam
1396 2796 1581 2848 piorum
1603 2797 1845 2837 hominum
1866 2798 2015 2837 chari-

373 2876 447 2909 tas
476 2875 520 2908 et
550 2868 816 2919 diligentia,
855 2867 931 2919 qui
965 2867 1098 2907 nobis
1133 2867 1226 2907 iam
1255 2867 1428 2907 dudum
1463 2867 1641 2918 cogniti
1671 2873 1715 2907 et
1742 2867 2012 2919 familiares,

373 2946 512 2991 atque
534 2940 580 2980 in
602 2939 922 2991 spiritualibus
944 2938 1180 2978 exercitiis
1201 2939 1342 2989 paulo
1364 2939 1562 2978 caeteris
1586 2939 1928 2991 provectiores,
1950 2940 2013 2980 di-

374 3010 595 3061 ligentem
625 3011 673 3050 in
699 3011 787 3050 hoc
823 3020 1015 3060 operam
1042 3009 1334 3059 impendunt,
1367 3016 1415 3049 ut
1442 3011 1810 3062 quamplurimos
1840 3011 1899 3051 ad
1927 3011 2015 3051 Dei

377 3082 693 3133 cognitionem
727 3087 772 3120 et
807 3080 934 3120 vitae
971 3080 1368 3130 emendationem,
1398 3082 1740 3134 praecipueque
1769 3083 1826 3122 ad
1857 3095 2016 3123 sacra-
