2168 3437
274 247 348 283 ‘250
800 246 1025 283 LITTERAE
1052 257 1411 289 QUADRIMESTRES

276 343 448 383 dicam:
471 342 651 382 utinam
671 347 738 382 tot
759 343 835 383 hic
856 343 1136 383 haberemus
1153 343 1209 383 de
1227 349 1389 383 nostra
1406 342 1657 395 Societate,
1678 344 1725 385 id
1741 352 1826 396 est,
1848 357 1921 386 ca-

276 413 477 453 tholicos
499 413 816 465 ecclesiastes,
841 419 890 453 ut
918 414 966 454 in
994 414 1406 454 commemorando
1434 415 1800 466 praedicationis
1833 416 1922 456 fru-

277 491 356 524 ctu
374 485 491 523 haec
507 485 672 524 saltem
685 490 886 536 angusta
904 485 1069 526 charta
1087 484 1200 525 mihi
1216 497 1309 525 non
1327 485 1573 526 sufficeret.
1593 485 1814 527 Putarem
1830 499 1926 527 non

281 554 508 594 offensum
529 554 587 594 iri
608 555 715 594 hinc
738 555 787 595 P.
811 556 870 596 V.
896 557 1030 607 quasi
1047 562 1212 596 contra
1231 556 1377 608 ipsius
1393 568 1558 596 recens
1576 558 1850 598 mandatum
1869 557 1925 598 de

278 626 510 665 brevitate
531 626 775 666 literarum
796 627 1151 667 scribendarum
1179 627 1477 667 observanda
1506 628 1682 679 aliquid
1713 628 1924 668 admitte-

279 709 391 736 rem.
416 695 507 737 Sed
529 704 628 737 esto
651 697 767 737 duos
789 704 973 738 tantum
994 699 1268 750 habeamus,
1294 710 1492 750 quorum
1522 700 1638 739 alter
1666 700 1922 751 germaniS,

281 769 398 807 alter
426 768 565 818 italis,
596 768 758 809 diebus
784 769 1033 810 dominicis
1069 781 1124 810 ac
1154 769 1286 809 festis
1321 770 1624 810 concionetur
1660 770 1769 820 (non
1804 771 1926 811 enim

277 845 464 890 praeter
486 838 533 879 Ρ.
560 839 802 880 Canisium
823 846 893 880 est
915 841 1165 892 quisquam
1187 840 1501 891 sacerdotum,
1527 842 1605 893 qui
1626 841 1834 892 linguam
1855 853 1924 881 so-

276 916 357 950 net
376 910 582 962 perfecte
604 911 953 962 germanicam,
987 924 1138 963 neque
1170 917 1358 963 praeter
1386 923 1531 952 unum
1559 924 1675 964 opus
1704 919 1774 953 est
1803 913 1928 952 italis

276 979 644 1036 concionatore);
670 988 865 1034 uterque
887 988 1044 1022 tamen
1066 983 1183 1023 adeo
1207 982 1404 1022 sollicite
1427 995 1483 1023 ac
1505 983 1758 1034 vigilanter
1779 984 1926 1024 verbo

279 1051 368 1091 Dei
388 1064 499 1092 suos
521 1053 720 1093 instituit
748 1053 1011 1104 auditores,
1042 1060 1092 1093 ut
1119 1054 1157 1093 si
1185 1053 1388 1094 fructum
1417 1054 1747 1105 respiciamus,
1781 1055 1926 1094 multo

276 1124 437 1174 plures
460 1123 640 1164 duobus
657 1135 909 1176 possumus
927 1136 1153 1165 asserere.
1176 1124 1407 1165 Dominus
1423 1124 1631 1177 Joannes
1650 1138 1676 1165 a
1694 1125 1925 1172 Victoria,

277 1200 464 1246 praeter
486 1195 798 1236 concionandi
820 1195 1036 1246 officium,
1058 1196 1189 1236 festis
1206 1208 1390 1248 quoque
1406 1196 1568 1237 diebus
1587 1208 1698 1236 suos
1720 1197 1859 1237 italos
1882 1197 1928 1236 in

276 1266 493 1306 doctrina
515 1266 774 1307 christiana
795 1267 962 1317 erudit3
986 1273 1093 1307 sunt
1114 1268 1237 1308 enim
1257 1279 1397 1319 nunc,
1417 1274 1667 1319 postquam
1685 1268 1814 1308 curia
1834 1280 1928 1308 non

282 1337 430 1388 adest,
454 1337 550 1378 fere
572 1337 670 1389 ejus
692 1339 932 1378 auditores
955 1339 1196 1389 tegularii,
1220 1339 1466 1390 lapicidae,
1490 1339 1612 1379 fabri
1633 1339 1847 1390 murarii‚
1881 1346 1925 1379 et

278 1407 417 1460 hujus
437 1410 624 1460 generis
646 1410 875 1460 homines,
901 1421 1100 1461 quorum
1121 1421 1304 1450 summa
1335 1416 1404 1450 est
1426 1411 1473 1450 in
1498 1409 1815 1450 fundamentis
1844 1422 1929 1450 no-

279 1486 407 1520 strae
428 1481 671 1531 religionis
696 1482 991 1532 ignorantia:
1022 1481 1188 1522 deinde
1216 1481 1389 1521 fratres
1419 1482 1563 1533 aliqui
1591 1482 1826 1532 designati
1855 1493 1931 1522 ea-

281 1551 389 1591 dem
410 1551 580 1592 docent
601 1564 696 1604 eos‚
721 1553 799 1604 qui
821 1559 928 1593 sunt
945 1551 1170 1604 juniores.
1205 1552 1264 1592 D.
1293 1564 1407 1592 vero
1437 1551 1653 1593 Canisius
1681 1564 1791 1593 suas
1824 1564 1929 1593 con-

279 1622 445 1662 ciones
464 1624 764 1674 germanicas
786 1624 833 1663 in
853 1624 1025 1676 templo
1047 1624 1221 1664 Beatae
1243 1623 1458 1675 Virginis
1481 1624 1743 1674 continuat,
1770 1636 1930 1676 quam-

284 1705 424 1745 quam
456 1694 562 1745 piae
590 1695 935 1747 importunitati
963 1695 1236 1735 monialium
1263 1694 1559 1735 diversorum
1595 1695 1932 1735 coenobiorum

286 1764 538 1817 aliquando
561 1766 607 1806 in
629 1767 717 1806 hoc
740 1767 891 1807 officio
914 1778 1092 1807 morem
1109 1777 1275 1818 gerere
1294 1767 1494 1818 cogitur.
1515 1767 1633 1806 Boni
1651 1773 1695 1806 et
1714 1767 1935 1807 catholici

286 1836 416 1876 illum
436 1837 632 1878 libenter
654 1844 910 1890 sequuntur
933 1844 977 1878 et
999 1838 1208 1878 audiunt.
1227 1837 1320 1877 Pro
1338 1837 1505 1889 majori
1521 1843 1655 1889 parte
1674 1837 1931 1889 quadrage-

285 1908 434 1948 simae
473 1910 748 1960 peragravit
789 1909 1034 1950 Austriam
1078 1909 1202 1949 hanc
1249 1909 1519 1949 inferiorem
1565 1908 1934 1960 praedicationis

286 1990 417 2030 ergo;
447 1992 557 2020 nam
588 1979 927 2021 Serenissimus
961 1980 1065 2021 Rex
1099 1981 1158 2020 ad
1191 1987 1405 2020 nostrum
1437 1980 1844 2031 collegiumrmisit
1874 1992 1935 2020 ex

288 2049 493 2091 Graecio
516 2051 610 2101 (ubi
636 2058 735 2091 tota
763 2052 915 2092 hieme
943 2063 993 2091 se
1023 2051 1274 2100 continuit)
1306 2051 1595 2103 exemplaria
1625 2058 1825 2103 quatuor
1855 2058 1935 2092 aut

287 2122 491 2174 quinque
512 2122 754 2162 literarum
778 2134 884 2162 cum
905 2122 1128 2162 facultate
1156 2122 1470 2163 concionandi
1500 2128 1545 2162 et
1572 2122 1937 2162 administrandi

289 2199 603 2243 sacramenta,
628 2194 907 2245 praesertim
929 2194 977 2233 in
999 2194 1055 2233 iis
1076 2194 1191 2233 locis
1213 2193 1290 2233 ubi
1318 2205 1431 2233 oves
1460 2192 1637 2233 Christi
1664 2193 1936 2244 pastoribus

287 2264 478 2304 omnino
515 2271 622 2304 sunt
659 2264 924 2304 destitutae.
964 2264 1115 2316 Solus,
1135 2265 1234 2315 ipse
1265 2264 1565 2304 sacerdotum
1593 2264 1781 2315 explere
1804 2262 1935 2315 jussa

288 2335 438 2386 potuit
459 2368 466 2386 ,
503 2336 582 2387 qui
618 2336 695 2386 (ut
731 2336 854 2386 dixi)
891 2337 1017 2375 solus
1052 2337 1191 2375 callet
1234 2335 1444 2386 linguam
1484 2335 1827 2386 germanicam:
1874 2335 1938 2386 pii

288 2406 501 2446 homines
522 2408 569 2447 in
590 2407 648 2447 iis
669 2407 798 2458 locis,
822 2408 869 2447 in
891 2407 1059 2458 quibus
1079 2407 1186 2457 fuit,
1215 2406 1372 2457 gavisi
1396 2413 1503 2446 sunt
1528 2407 1585 2446 de
1607 2406 1684 2457 pio
1701 2407 1800 2446 zelo
1818 2406 1937 2446 chri-

289 2478 564 2518 stianissimi
585 2478 730 2530 Regis
750 2479 923 2529 nostri,
948 2485 992 2518 et
1013 2478 1168 2529 gavisi
1189 2484 1296 2517 sunt
1318 2479 1435 2517 tales
1462 2489 1586 2528 esse,
1608 2477 1687 2529 qui
1703 2477 1767 2517 ita
1784 2479 1938 2517 zelose

290 2561 347 2589 ac
369 2550 551 2589 sincere
572 2550 768 2590 verbum
788 2549 877 2590 Dei
897 2549 1242 2601 praedicarent3
1275 2549 1392 2589 dura
1421 2549 1592 2589 etenim
1620 2560 1696 2588 res
1726 2547 1936 2599 hujusce-

290 2620 417 2660 modi
439 2621 528 2661 illis
548 2621 795 2661 videbatur
816 2621 906 2661 ista
927 2621 984 2661 D.
1006 2620 1184 2661 Canisii
1201 2620 1522 2672 peregrinatio
1539 2620 1586 2659 in
1607 2625 1738 2659 tanta
1756 2619 1938 2659 nivium

289 2691 592 2742 abundantia,
612 2692 658 2732 in
674 2698 804 2732 tanto
823 2693 932 2743 gelu
949 2704 1005 2732 ac
1020 2691 1211 2742 frigore,
1232 2702 1303 2742 ac,
1323 2690 1447 2742 quod
1464 2689 1616 2742 majus
1633 2696 1718 2741 est,
1740 2690 1787 2730 in
1805 2696 1938 2730 tanta

291 2763 531 2803 hominum
548 2763 859 2804 barbarorum
876 2769 1014 2814 atque
1030 2762 1379 2802 haereticorum
1396 2762 1575 2813 passim
1591 2761 1938 2802 occurrentium

290 2834 565 2884 petulantia.
681 2828 705 2854 ⁶

371 2904 618 2956 Reliquum
639 2912 708 2945 est
729 2918 853 2946 nunc
874 2907 1023 2945 solum
1044 2916 1321 2956 percurrere
1344 2904 1467 2955 quod
1489 2904 1550 2944 ad
1571 2903 1939 2955 explicationem

293 2975 473 3016 fructus
508 2976 857 3016 confessionum
883 2982 1084 3028 spectat:
1117 2976 1193 3015 hic
1225 2975 1414 3016 minime
1450 2974 1840 3015 dissimulandum
1868 2982 1938 3015 est

290 3059 383 3087 non
406 3058 509 3088 esse
530 3059 655 3088 nunc
677 3048 875 3088 similem
896 3048 1150 3097 rationem,
1175 3053 1402 3099 quantum
1430 3045 1490 3086 ad
1517 3046 1723 3086 fructum
1754 3046 1936 3093 attinet,
