2168 3437
916 247 1000 283 AN.
1032 247 1123 284 1553
1769 249 1834 286 331

204 353 312 382 cum
333 353 506 393 magna
528 343 626 383 eius
648 342 982 384 satisfactione.
1005 343 1122 384 Nam
1155 355 1262 384 cum
1290 350 1421 385 tanta
1448 345 1737 385 humanitate
1764 345 1837 385 vir

205 418 363 453 tantus
384 424 470 453 nos
491 414 675 465 excepit
699 413 725 464 ¹,
749 420 799 454 ut
820 420 864 455 et
884 414 1054 455 fratres
1075 420 1119 455 et
1141 415 1294 456 socios
1315 416 1589 467 appellitare
1605 428 1699 456 non
1715 415 1836 456 dedi-

205 488 445 533 gnaretur.
483 483 589 524 Alia
625 485 724 524 eius
757 485 804 524 in
840 484 1121 525 Societatem
1154 486 1295 526 studii
1325 486 1674 527 evidentissima
1704 497 1837 538 argu·

205 559 361 593 menta
382 555 549 594 tacebo
571 554 791 595 brevitati
807 555 1012 596 studens.
1032 555 1303 596 Tacendum
1319 562 1477 597 tamen
1493 557 1680 597 minime
1697 556 1835 608 duco,

204 624 404 674 plurium
423 657 431 676 ,
473 625 670 676 singulis
705 626 944 665 mensibus
979 627 1315 667 communicari
1355 627 1620 679 solitorum,
1663 628 1838 679 aliquot

204 695 400 746 singulis
422 695 681 747 quibusque
709 695 1076 737 hebdomadibus
1099 696 1333 748 (plurimis
1354 698 1464 738 licet
1486 699 1560 738 hic
1582 699 1835 739 reclaman-

204 765 349 815 tibus)
369 766 427 805 ad
449 771 805 806 sacrosanctam
826 767 1204 807 communionem
1225 768 1466 809 adductos.

282 836 412 876 Haec
432 841 554 886 sunt,
578 835 679 876 Κάρ·
706 836 774 887 R,
797 848 915 888 quae
941 844 1104 878 nostra
1126 839 1316 888 protulit
1338 839 1599 880 infirmitas.
1624 839 1673 881 Si
1702 841 1836 892 plura

202 907 451 958 protulisse
473 907 629 947 debuit
652 907 790 959 (quod
812 907 1014 959 ingenue
1042 908 1275 959 fatemur),
1304 910 1506 961 petimus
1528 917 1576 950 ut
1597 912 1833 961 ignoscas,

202 989 379 1029 nosque
400 979 579 1018 sanctis
600 978 692 1018 tuis
714 978 1003 1019 orationibus
1034 979 1228 1019 adiuves
1255 986 1305 1020 ut
1333 982 1546 1032 sequenti
1575 982 1832 1032 quadrime-

200 1049 284 1089 stri
312 1047 341 1100 ²,
376 1048 500 1100 quod
528 1049 758 1090 hactenus
787 1049 1099 1101 negligentius
1129 1050 1341 1102 fecimus,
1377 1051 1662 1102 diligentiori
1692 1064 1834 1104 opera

199 1120 501 1160 resarciatur.

278 1191 502 1243 Eugubii,
526 1192 674 1243 pridie
697 1192 928 1233 Calendas
947 1193 1111 1246 Junias
1137 1193 1252 1232 1553.

279 1262 407 1303 Tuae
429 1262 552 1302 ΗΜΘ
573 1262 877 1303 Paternitatis
898 1264 1251 1315 indignissimus
1273 1263 1413 1314 filius,

1287 1354 1304 1366 O

1062 1406 1319 1448 OLIVERIUS
1340 1408 1617 1449 MANAREUS.

283 1619 636 1670 Superscriptio
657 1619 705 1658 in
727 1623 902 1670 quarta
915 1620 1130 1671 pagina:
1160 1620 1427 1662 Admodum
1457 1621 1558 1661 R.d0
1580 1623 1626 1662 in
1646 1622 1727 1662 X.0
1750 1622 1833 1662 Pa-

201 1690 260 1729 tri
280 1689 329 1729 P.
353 1689 536 1740 Ignatio
564 1689 620 1730 de
650 1690 851 1742 Loyola‚
884 1690 1161 1742 Praeposito
1191 1693 1402 1743 generali
1429 1692 1675 1733 Societatis
1706 1693 1831 1745 Jesu,

201 1759 392 1800 Romae.

280 1830 390 1871 Alia
412 1843 580 1872 mann:
600 1832 832 1884 Augubio.

280 1902 343 1942 Et
365 1902 485 1942 alia:
507 1902 624 1954 Qua.
648 1903 834 1954 Augub.
858 1904 911 1944 53
930 1904 1035 1957 Jun.

257 2089 264 2107 ¹
310 2094 367 2120 qm
384 2090 482 2114 tanta
496 2087 711 2115 humanitate
726 2095 785 2115 nos
800 2089 943 2123 excepit.
962 2089 1137 2117 Polancus.

253 2137 266 2155 ”2
304 2135 340 2162 in
360 2137 554 2169 posterum.
570 2135 749 2163 Polancus.
