2168 3437
892 276 974 313 AN.
1006 275 1097 314 1554
1743 275 1816 311 555

179 378 303 412 ctem
325 383 466 424 quam
486 372 600 412 facit
622 374 896 413 concionem
914 373 1231 425 protraheret,
1248 371 1392 424 jejuni
1409 383 1593 423 quoque
1609 371 1812 411 libentis-

180 443 296 484 sime
318 443 600 493 audiremus3
627 449 758 484 tanta
780 456 885 484 eum
907 444 1137 484 audiendo
1155 444 1382 484 afficimur
1399 443 1631 494 spirituali
1652 453 1813 482 conso-

179 514 368 554 latione.
408 514 546 554 Pueri
580 514 668 566 ipsi
701 526 808 554 cum
841 515 888 554 in
917 515 1050 554 bonis
1071 515 1279 555 moribus
1299 520 1397 555 turn
1420 515 1465 554 in
1486 514 1633 554 literis
1654 514 1813 553 huma—

180 585 392 625 nioribus
414 585 587 626 Christi
607 585 763 636 gratia
782 585 1046 636 proficiunt.

261 656 381 697 Vale
402 657 450 697 in
471 656 656 697 Christo
678 656 779 697 Rde
806 662 944 708 atque
965 657 1290 697 colendissime
1311 657 1464 697 Pater.

262 727 476 767 Venetiis
498 740 578 767 xm
598 726 838 767 Kalendas
857 726 1086 767 Februari
1111 727 1232 775 1554,

263 798 484 849 indignus
506 799 552 838 in
575 798 763 839 Christo
786 810 967 847 servus,

1257 940 1414 981 CEsAR
1444 941 1654 982 HELMUS.

263 1154 329 1193 In
350 1157 525 1205 quarta
544 1153 730 1205 pagina
751 1153 849 1193 alla
870 1165 1015 1192 mmm
1029 1165 1043 1192 .·
1063 1153 1285 1203 Venetia,
1309 1153 1374 1192 54.

262 1225 331 1276 p.⁰
353 1225 399 1265 di
418 1225 633 1265 Febraio.
658 1224 761 1264 Hoc
781 1224 930 1264 deleto
944 1257 956 1274 ,
972 1224 1206 1275 scriptum
1222 1228 1292 1264 est
1307 1224 1443 1274 infra
1456 1236 1469 1263 .·
1486 1224 1538 1264 20
1556 1225 1600 1264 di
1618 1224 1814 1265 Genaio.

854 1651 1161 1708 CCLXXV

259 1879 353 1917 Leo
377 1879 447 1917 del
467 1880 615 1927 Giglio

309 1945 434 1982 Patri
451 1945 620 1993 Ignatio
641 1946 694 1984 de
712 1947 896 1995 Loyola.

358 2011 605 2057 Florentia,
627 2012 673 2048 20
690 2012 889 2058 Januarii
910 2013 1002 2050 1554
1020 2013 1046 2048 ¹.

959 2222 1058 2274 jhs.

275 2433 342 2473 La
364 2445 466 2485 gra.
492 2439 536 2473 et
556 2446 672 2485 pace
694 2434 740 2474 di
760 2434 814 2476 N.
839 2435 926 2476 S.re
949 2436 1017 2476 sia
1039 2447 1223 2488 sempre
1245 2447 1333 2476 con
1355 2435 1462 2475 tutti
1482 2433 1560 2473 noi
1583 2444 1734 2472 amen.

275 2505 418 2545 Molto
441 2504 543 2544 R.<¹0
570 2506 615 2545 in
637 2506 720 2546 X.0
745 2506 789 2547 Ρ.

272 2576 460 2616 Benche
481 2578 630 2627 poche
653 2589 761 2618 cose
783 2579 826 2618 ci
847 2579 1092 2619 occorrino
1114 2579 1173 2619 da
1194 2578 1403 2618 scrivere
1425 2590 1451 2616 a
1472 2576 1531 2616 V.
1558 2575 1610 2615 R.
1629 2574 1696 2623 P.;
1715 2586 1832 2614 non-

196 2647 382 2687 dimeno
413 2660 496 2699 per
527 2648 746 2689 satisfare
782 2650 855 2689 all’
894 2651 1173 2699 obedientia,
1210 2650 1509 2690 brevemente
1546 2647 1610 2697 gli
1641 2646 1833 2686 daremo

197 2719 333 2758 aviso
357 2718 465 2758 delli
484 2718 510 2757 4
530 2719 645 2759 mesi
665 2721 858 2771 passati.

275 2789 351 2829 Ρ.Ο
378 2790 444 2841 gli
470 2791 674 2831 scholari
702 2792 849 2832 nostri
874 2792 1018 2832 fanno
1039 2792 1183 2832 frutto
1209 2792 1329 2832 nelle
1358 2792 1519 2831 lettere
1551 2795 1594 2829 et
1624 2788 1733 2829 boni
1758 2800 1833 2828 co-

198 2861 353 2911 smmi,
386 2861 516 2901 molti
536 2861 576 2901 si
612 2861 890 2902 confessario
920 2869 965 2903 et
998 2874 1145 2903 sonno
1181 2862 1433 2902 confessati
1465 2873 1554 2901 con
1589 2860 1655 2911 gli
1686 2859 1835 2899 nostri

198 2931 266 2983 P.‚
301 2932 511 2972 anchora
545 2932 591 2972 di
618 2933 758 2984 quelli
786 2934 871 2974 che
898 2934 1029 2974 molti
1058 2934 1168 2974 anni
1198 2934 1354 2974 inanzi
1380 2944 1474 2973 non
1502 2934 1537 2973 s’
1569 2943 1712 2972 erano
1742 2930 1836 2970 mai

254 3094 265 3113 ¹
304 3093 358 3120 Ex
375 3094 539 3128 exemplo,
555 3094 642 3128 quod
656 3095 797 3122 videtur
814 3095 1077 3130 autographum,
1093 3096 1126 3123 in
1140 3096 1219 3123 folio
1235 3095 1371 3130 duplici,
1388 3103 1419 3123 n.
1435 3095 1479 3122 59.
