2168 3437
396 314 467 351 566
919 316 1148 354 LITTERAE
1174 329 1256 361 QUA
1263 329 1532 356 DRIMESTRES

400 424 611 452 merosus
633 418 723 462 est,
747 424 841 452 non
864 414 1064 465 exiguae
1093 415 1259 455 messis
1289 427 1419 467 spem
1445 416 1553 457 hinc
1580 417 1687 457 inde
1714 417 1868 469 offert,
1897 431 2039 470 quam

403 484 590 535 quidem
611 484 815 524 firmavit
836 484 1034 534 factum,
1059 486 1181 537 quod
1204 488 1390 527 oculata
1410 488 1499 528 fide
1519 500 1667 539 nuper
1688 490 2035 542 conspeximus,

399 566 588 605 nempe:
625 554 749 606 quod
782 567 888 596 cum
923 557 1000 596 vel
1032 556 1349 598 fundamentis
1376 559 1490 610 ipsis
1519 559 1805 600 instruendis
1837 561 2037 611 pecunia

400 637 494 665 non
516 632 799 678 suppeteret,
824 633 1128 679 mercatores,
1152 628 1229 680 qui
1249 634 1359 669 tunc
1381 629 1592 680 aderant,
1616 631 1751 681 quasi
1770 631 1960 682 indigne
1991 632 2037 672 id

398 697 616 748 ferentes,
639 710 733 737 non
754 697 893 738 modo
915 699 1078 738 loculis
1099 711 1193 739 non
1214 700 1471 751 parcebant
1492 701 1574 741 sed
1589 700 1687 752 jam
1708 702 1900 742 coctiles
1925 703 2038 742 late-

400 780 495 819 res,
525 767 623 819 jam
653 769 854 820 calcem,
893 775 937 809 et
965 770 1056 810 alia
1086 769 1408 821 hujuscemodi
1434 778 1700 824 portantes,
1732 784 1899 824 operas
1929 785 2038 813 suas

398 839 585 880 Christo
606 840 826 880 locabant
848 841 1024 881 sedulO.
1044 842 1178 882 Unde
1199 842 1333 882 nobis
1355 842 1543 882 divinae
1564 843 1714 883 laudis
1736 843 2038 884 seminarium

398 923 490 950 non
513 912 656 951 semel
673 913 972 963 sumpsimus,
991 913 1100 953 dum
1119 925 1198 953 eos
1215 920 1381 954 exutos
1397 915 1550 966 palliis
1566 921 1704 966 atque
1720 914 1915 955 festinos
1932 927 2037 956 con-

402 982 759 1033 templabamur,
783 995 980 1035 quorum
1007 984 1176 1024 animis
1206 984 1406 1036 benigne
1437 985 1613 1025 fecerat
1645 985 1877 1026 Dominus
1902 992 1952 1026 ut
1979 987 2038 1027 ad

399 1053 716 1094 aedificandos
737 1067 896 1095 muros
917 1055 1216 1096 Hierusalem
1237 1056 1431 1096 libenter
1457 1057 1678 1097 humeros
1699 1064 2034 1108 supponerent.

400 1125 518 1164 Eam
541 1131 697 1165 autem
717 1126 869 1177 legem
890 1126 976 1166 sibi
997 1127 1201 1167 invicem
1221 1132 1499 1176 statuerunt,
1523 1134 1573 1167 ut
1592 1128 1790 1179 singulis
1820 1129 2038 1169 oneribus

400 1196 631 1247 psalmus,
670 1197 952 1238 salutatiove
980 1198 1215 1248 angelica,
1246 1205 1325 1238 aut
1353 1210 1470 1250 prex
1495 1199 1752 1251 dominica,
1782 1211 1922 1251 quam
1950 1200 2038 1241 sibi

399 1267 615 1319 quisque,
654 1274 734 1308 aut
768 1268 902 1308 fratri
937 1268 1184 1320 indigenti,
1221 1270 1518 1320 precabatur,
1555 1270 1713 1310 statim
1747 1270 2033 1312 succederet.

399 1338 535 1389 Quod
556 1339 743 1391 quidem
761 1345 947 1380 nostras
969 1340 1178 1391 ipsorum
1193 1340 1371 1380 frontes
1392 1341 1526 1392 quasi
1542 1341 1773 1381 inutilium
1788 1353 2037 1382 servorum

398 1409 711 1450 confundebat
733 1411 928 1462 aliquid,
952 1417 1001 1451 ut
1022 1417 1235 1451 sanctam
1256 1412 1442 1452 illorum
1462 1413 1811 1453 contentionem
1833 1425 1888 1453 ac
1918 1425 2037 1464 pene

398 1481 682 1522 indefessum
703 1482 911 1522 laborem
932 1482 1015 1522 vix
1032 1483 1226 1534 quisque
1246 1488 1460 1523 nostrum
1481 1494 1705 1535 superare
1725 1490 1897 1535 posset.
1917 1484 2036 1525 Tan-

394 1558 468 1592 tus
508 1559 609 1593 erat
649 1553 739 1593 illis
775 1553 1020 1594 charitatis
1054 1560 1212 1595 aestus
1246 1560 1385 1605 atque
1424 1566 1650 1606 operosus
1682 1555 1859 1595 fervor.
1901 1555 2039 1596 Nunc

396 1636 510 1664 vero
532 1624 791 1664 trimestres
812 1624 955 1665 ferias
976 1625 1223 1665 habuimus
1244 1624 1485 1666 hactenus.
1508 1625 1771 1666 December
1798 1627 1941 1678 enim,
1968 1626 2033 1678 ja-

398 1695 592 1736 nuarius
613 1708 719 1736 cum
735 1696 972 1737 februario
994 1697 1361 1737 architecturam
1381 1698 1594 1737 exerceri
1613 1709 1707 1737 non
1728 1698 1917 1738 omnino
1933 1710 2032 1750 per-

396 1767 606 1817 mittunt,
631 1773 675 1807 et
697 1768 807 1819 quia
829 1768 1072 1808 imminent
1091 1768 1271 1819 frigora
1293 1774 1336 1808 et
1362 1774 1551 1820 propter
1583 1769 1856 1820 ingruentes
1887 1771 2032 1821 quoti-

394 1838 467 1879 die
487 1839 687 1890 pluvias.
719 1839 781 1879 At
808 1851 923 1879 vero
951 1845 1056 1890 post
1084 1839 1349 1892 quindecim
1377 1840 1564 1880 circiter
1594 1840 1692 1880 dies
1722 1852 1863 1892 quam
1891 1842 2030 1881 celer-

393 1910 508 1951 rime
529 1911 691 1962 possit,
717 1910 888 1951 divinis
911 1911 1147 1963 auspiciis,
1173 1912 1389 1963 incoepto
1412 1912 1542 1963 operi
1563 1911 1882 1963 accingemus,

468 1982 551 2022 Est
587 1988 742 2022 autem
778 1983 961 2022 silentio
996 1994 1090 2023 non
1126 1983 1521 2034 praetereundum
1554 1983 1849 2023 sacerdotem
1884 1984 2030 2034 illum,

392 2065 529 2105 quem
563 2053 884 2105 superioribus
920 2054 1082 2094 diebus
1115 2054 1361 2106 multiplici
1389 2054 1523 2094 titulo
1559 2054 1855 2104 decoratum,
1893 2060 2033 2106 atque

388 2131 485 2165 tum
508 2125 735 2176 temporis
757 2125 882 2176 apud
902 2137 988 2165 nos
1015 2125 1240 2165 exercitia
1266 2125 1596 2175 meditantem,
1624 2125 1897 2176 paternitati
1923 2131 2031 2165 tuae

390 2196 549 2247 retuli,
570 2195 667 2248 jam
688 2196 877 2238 tandem
898 2196 1117 2237 statuisse
1138 2196 1185 2236 in
1210 2208 1406 2248 gregem
1432 2202 1648 2237 nostrum
1680 2208 1783 2236 sese
1809 2197 1937 2237 dare.
1967 2196 2031 2236 At

392 2279 507 2307 vero
529 2268 750 2319 quoniam
771 2268 995 2307 nonnulla
1015 2274 1149 2308 erant
1176 2267 1355 2308 homini
1381 2268 1643 2318 obstacula,
1674 2279 1794 2320 quae
1822 2268 2030 2308 animum

393 2339 535 2379 etiam
555 2339 776 2390 cupidum
797 2338 1006 2379 inhibere
1026 2344 1240 2390 possent,
1265 2345 1313 2379 ut
1335 2351 1437 2379 sese
1457 2339 1548 2379 illis
1568 2338 1850 2390 explicaret,
1879 2339 2032 2390 profe-

387 2416 490 2450 ctus
517 2416 585 2450 est
614 2410 809 2450 subinde
836 2421 1136 2461 reversurus,
1166 2410 1205 2450 si
1232 2411 1376 2450 semel
1401 2409 1448 2450 id
1473 2410 1664 2451 faceret.
1699 2409 1914 2451 Christus
1945 2422 2032 2451 suo

391 2481 612 2532 obsequio
634 2487 861 2532 perpetuo
883 2480 1249 2532 mancipandum
1268 2481 1464 2521 reducat
1484 2481 1733 2521 hominem.

468 2552 621 2603 thue
643 2552 799 2592 omnia
829 2551 978 2592 obiter
1005 2552 1307 2603 complectar,
1335 2551 1427 2592 hoc
1453 2563 1597 2592 unum
1625 2552 1664 2592 si
1692 2557 1800 2592 tuae
1830 2553 2032 2603 paterni-

388 2622 474 2663 tati
495 2622 695 2663 dixerim
715 2635 809 2663 non
830 2623 913 2662 abs
935 2634 986 2662 re
1011 2622 1111 2663 fore
1142 2623 1421 2663 arbitrabor.
1451 2622 1567 2673 Nos,
1592 2623 1790 2673 scilicet,
1825 2622 2034 2663 Domini-

389 2704 473 2733 cae
504 2694 878 2734 circumcisionis
904 2693 1074 2734 festum
1102 2693 1387 2742 celebrasse,
1418 2706 1474 2733 ac
1500 2693 1650 2745 pridie
1678 2692 1777 2744 ejus
1805 2693 1896 2734 diei
1924 2700 2031 2734 ante

389 2765 644 2805 matutinas
671 2776 860 2816 preces,
898 2776 1016 2816 quas
1042 2764 1284 2805 nocturnis
1310 2764 1484 2815 Vigiliis
1510 2764 1776 2815 habuimus,
1808 2764 1855 2804 in
1883 2765 2031 2804 sacel-

391 2842 484 2875 lum
512 2847 674 2876 omnes
701 2836 995 2876 convenisse.
1024 2835 1134 2886 Ubi,
1168 2835 1440 2875 ardentibus
1474 2834 1623 2875 cereis
1652 2835 1878 2886 lucernis,
1913 2847 2031 2887 quas

392 2907 564 2957 singuli
585 2913 884 2958 acceperunt,
909 2913 1021 2947 vota
1041 2918 1297 2958 precesque
1317 2907 1643 2958 persolvimus.
1666 2906 1879 2947 Aderant
1901 2912 1945 2947 et
1966 2907 2031 2946 ibi

391 2979 640 3029 populares
663 2979 860 3030 aliquot,
885 2978 974 3018 viri
996 2978 1186 3029 quidam
1206 2977 1290 3029 pii,
1321 2989 1519 3029 quorum
1546 2978 1690 3018 corda
1720 2989 1813 3018 non
1843 2978 2030 3029 vulgari

392 3048 586 3100 affectu,
610 3055 837 3100 quantum
858 3050 954 3089 oris
979 3050 1229 3100 vultusque
1256 3049 1483 3089 modestia
1514 3048 1773 3100 indicabat,
1803 3048 2029 3088 demulce-

394 3119 473 3159 bat
510 3119 755 3160 Dominus.
792 3120 961 3160 Postea
995 3132 1110 3161 vero
1137 3119 1389 3173 Josephus,
1416 3119 1561 3160 frater
1589 3120 1667 3171 qui
1694 3119 1814 3159 inter
1850 3130 2028 3169 omnes,
