2168 3437
387 256 451 292 114
894 256 1124 292 LlrrERAE
1151 264 1509 297 QUADRIMESTRES

382 352 507 403 quod
539 364 680 392 saeva
717 352 860 403 pestis
895 351 970 391 hic
1005 351 1180 391 scholis
1215 350 1431 391 omnibus
1462 351 1711 392 occluserit
1745 353 1938 403 ostium,
1977 360 2028 394 et

382 429 711 475 praeceptores
734 423 851 463 alios
872 434 978 462 cum
999 421 1221 462 studiosis
1242 427 1286 462 et
1306 421 1472 462 aulicis
1494 423 1708 463 omnibus
1735 423 1843 463 hinc
1865 424 2026 475 profli-

381 495 527 544 gavit.
552 494 735 534 Interea
761 504 897 545 vero,
932 492 1042 533 dum
1071 493 1306 544 permulta
1335 492 1578 533 hominum
1607 494 1752 534 millia
1786 495 1861 534 hic
1890 502 2020 547 peste

382 567 629 616 intereunt,
654 571 697 606 et
717 576 897 616 paucos
917 565 1105 617 quidem
1126 564 1250 605 intra
1272 576 1478 615 menses,
1509 565 1613 606 sani
1640 566 1794 606 adhuc
1825 579 1879 606 ac
1910 567 2019 607 laeti

382 650 481 688 nos,
504 637 694 676 favente
717 636 919 686 Christo,
943 636 1162 676 vivimus.
1186 635 1353 676 Patres
1376 636 1435 676 ad
1461 636 1673 677 infirmos
1696 638 1926 678 accedunt
1955 638 2018 678 in-

380 709 558 760 trepide
579 709 810 760 nullisque
831 707 1060 748 hactenus
1082 707 1152 748 sui
1175 707 1360 758 copiam
1383 707 1697 759 denegarunt,
1727 709 1881 760 parati
1902 721 2016 750 sem-

379 792 460 832 per
481 786 525 820 et
546 779 748 831 expositi
769 779 828 819 ad
844 778 1159 830 dispensanda
1178 778 1435 830 quibusvis,
1456 779 1597 819 etiam
1618 778 1748 830 peste
1766 781 2016 820 laboranti-

378 852 463 891 bus
486 850 512 902 ¹,
537 856 850 891 sacramenta.
882 849 1060 891 Diebus
1088 850 1299 901 veneris,
1333 861 1440 890 cum
1469 862 1528 890 ex
1556 850 1745 891 decreto
1778 851 1927 902 Regio
1960 853 2019 892 ad

377 923 667 974 precandum
686 922 868 974 publice
889 922 1046 962 cuncti
1067 922 1322 962 convenire
1346 922 1600 973 debebant,
1624 923 1773 963 nostri
1801 923 1899 963 fere
1929 924 2020 963 soli

376 1006 434 1035 ex
454 1000 551 1034 toto
573 994 826 1046 gymnasio
849 999 894 1033 et
917 994 1040 1033 clero
1059 1000 1331 1043 cernuntur,
1353 994 1431 1045 qui
1449 993 1640 1034 stationi
1656 994 1721 1034 illi
1737 995 1953 1045 publicae
1971 995 2017 1035 in

375 1077 560 1106 summo
596 1066 768 1117 templo
798 1064 812 1083 ‘²
841 1065 1137 1105 continenter
1166 1065 1403 1116 intersint,
1434 1064 1572 1116 idque
1599 1077 1693 1105 non
1715 1066 1813 1106 sine
1844 1077 2018 1117 magna

375 1137 607 1177 bonorum
631 1136 955 1177 aedificatione
976 1144 1021 1177 et
1044 1136 1387 1176 consolatione.

455 1208 643 1249 Addam
664 1208 720 1248 de
741 1207 843 1248 R.d0
867 1208 940 1248 Re
962 1207 1166 1257 Canisio,
1196 1208 1287 1259 qui,
1318 1214 1650 1259 praeterquam
1679 1208 1802 1260 quod
1828 1208 2014 1249 inferio-

372 1291 476 1320 rum
500 1280 719 1320 classium
742 1286 812 1319 est
839 1278 963 1319 domi
992 1279 1281 1331 praefectus,
1314 1291 1477 1319 curam
1498 1280 1639 1319 etiam
1662 1280 1873 1320 sedulam
1894 1279 2019 1330 gerit

372 1363 548 1401 eorum,
573 1352 651 1403 qui
673 1352 720 1391 in
745 1351 1015 1391 carceribus
1038 1351 1303 1390 detinentur
1325 1349 1353 1390 ⁵.
1380 1351 1454 1402 Hi,
1479 1363 1585 1391 cum
1607 1352 1687 1391 vix
1709 1357 1806 1391 toto
1829 1350 2015 1402 quidem

371 1435 494 1463 anno
516 1424 659 1462 semel
682 1428 837 1472 antea,
862 1433 987 1462 nunc
1010 1422 1160 1462 eidem
1178 1422 1367 1473 saepius
1389 1422 1688 1473 confitentur,
1714 1422 2013 1474 quemadmo-

370 1494 480 1534 dum
501 1493 647 1534 etalii
671 1506 728 1533 ex
749 1494 882 1545 plebe
905 1494 1189 1544 complures.
1219 1493 1377 1544 Nuper
1407 1505 1513 1534 cum
1541 1506 1565 1533 e
1593 1494 1796 1534 vinculis
1823 1493 2016 1545 quidam

369 1566 429 1605 ad
450 1565 734 1617 supplicium
756 1565 1050 1614 educeretur,
1074 1564 1214 1604 Pater
1235 1564 1358 1604 idem
1379 1564 1498 1604 fidus
1519 1565 1584 1605 illi
1605 1565 1819 1605 hortator
1840 1571 1884 1605 et
1907 1577 2014 1605 con-

368 1637 545 1677 solator
566 1636 730 1687 adfuit,
755 1642 799 1676 et
820 1636 889 1676 sic
910 1635 1091 1676 adiuvit
1113 1636 1336 1676 miserum
1358 1636 1406 1676 in
1433 1636 1618 1687 publico
1640 1636 1938 1684 morientem,
1963 1642 2014 1677 ut

367 1708 599 1760 spectanti
633 1707 839 1759 undique
868 1708 1042 1759 populo
1071 1719 1164 1747 non
1192 1719 1373 1759 parvae
1400 1707 1539 1747 fuerit
1567 1708 1902 1759 aedificationi;
1936 1708 2014 1748 ubi

367 1780 691 1830 concionatur,
716 1779 874 1831 plures
896 1779 956 1819 ad
977 1790 1083 1819 eum
1104 1790 1245 1830 quam
1266 1784 1405 1819 antea
1436 1779 1723 1819 conveniunt
1752 1779 2009 1830 auditores,

365 1852 581 1902 bonaque
602 1851 738 1890 nobis
760 1851 903 1890 simul
925 1856 970 1890 et
992 1850 1095 1890 aliis
1116 1861 1224 1901 spes
1247 1855 1316 1890 est
1337 1849 1438 1890 fore
1460 1856 1509 1890 ut
1530 1850 1709 1890 fructus
1727 1851 1833 1891 inde
1850 1851 2013 1891 redeat

365 1923 701 1974 amplissimus:
727 1922 845 1962 adeo
866 1922 1128 1962 ferventem
1152 1921 1307 1961 Patris
1329 1922 1535 1962 animum
1564 1928 1608 1962 et
1637 1923 1787 1962 zelum
1814 1921 2011 1962 indefes-

365 2005 468 2034 sum
490 2005 605 2045 erga
629 1993 832 2045 proximi
854 1994 1055 2033 salutem
1075 1993 1299 2033 admirari
1316 1993 1544 2044 incipiunt
1562 1992 1700 2033 modo
1718 1993 1948 2044 germani.
1972 1993 2013 2034 E

363 2065 665 2106 monasteriis
703 2065 944 2115 virginum
982 2065 1057 2104 hic
1093 2064 1184 2104 duo
1219 2070 1346 2115 sunt,
1387 2070 1432 2104 et
1465 2064 1721 2115 praecipua
1758 2065 1850 2115 illa,
1890 2076 2009 2115 quae

362 2136 684 2177 P.·Canisium
706 2137 993 2186 asciverunt,
1019 2142 1063 2176 et
1091 2136 1186 2175 iam
1216 2140 1494 2187 receperunt
1520 2141 1703 2186 patrem
1733 2141 1872 2186 atque
1902 2147 2009 2175 con-

363 2208 603 2259 fessorem,
628 2208 935 2259 eumdemque
958 2207 1045 2247 sibi
1067 2207 1260 2258 cupiunt
1282 2206 1679 2246 concionatorem.
1700 2205 1791 2247 Sed
1810 2213 2006 2246 senatus

362 2279 645 2320 Viennensis
679 2279 869 2330 rogavit
897 2284 941 2318 et
970 2278 1188 2318 exoravit
1214 2289 1297 2328 per
1328 2278 1568 2317 consulem
1598 2289 1733 2317 suum
1755 2283 1803 2318 ut
1834 2278 1880 2318 in
1914 2278 2008 2317 alio

363 2351 549 2402 templo,
575 2349 697 2402 quod
719 2350 765 2389 in
788 2355 886 2389 tota
907 2349 1097 2389 civitate
1119 2348 1232 2388 mihi
1258 2348 1444 2388 videtur
1470 2359 1572 2388 esse
1600 2355 1705 2399 post
1733 2348 2005 2388 cathedrale

363 2422 459 2463 divi
475 2421 702 2473 Stephani
721 2420 1153 2461 commodissimum
1169 2425 1213 2459 et
1234 2419 1602 2470 pulcherrimum
1620 2418 1649 2469 ²⁴,
1669 2420 1762 2459 iam
1780 2419 2006 2471 deinceps

364 2494 687 2534 concionetur.
979 2524 983 2529 .

444 2563 532 2604 Die
554 2569 719 2604 sancto
742 2562 924 2603 Natalis
953 2561 1126 2602 Christi
1156 2573 1263 2601 cum
1292 2561 1413 2601 idem
1441 2562 1580 2601 Pater
1609 2561 1691 2601 vix
1721 2567 1826 2602 ante
1853 2562 2006 2601 lucem

417 2747 426 2766 ¹
468 2748 577 2774 etiam
593 2749 692 2782 peste
707 2747 965 2775 laborantibus.
982 2746 1075 2773 Haec
1091 2746 1259 2773 Polancus
1281 2746 1456 2773 substituit
1481 2747 1554 2773 loco
1571 2745 1728 2774 vocabuli
1749 2745 2006 2780 pestilentias,

363 2796 449 2829 quod
465 2796 652 2829 scripserat
668 2795 848 2822 Martinus.

415 2845 429 2864 2
472 2844 559 2871 aede
575 2843 719 2870 maiore.
734 2843 921 2870 MART1Nus.

417 2891 431 2911 3
468 2892 561 2925 gerit
578 2891 896 2917 incarceratorum.
911 2889 1099 2917 MARTINUS.

415 2939 429 2959 4
465 2938 536 2966 Hoc
553 2942 628 2965 erat
645 2939 807 2971 templum
825 2937 973 2964 Sanctae
994 2935 1124 2964 Mariae
1141 2937 1183 2963 ad
1200 2936 1338 2970 Ripam,
1354 2939 1390 2963 ut
1406 2936 1523 2963 videre
1546 2940 1598 2963 est
1621 2936 1653 2963 in
1668 2935 1831 2963 Historia
1848 2935 2000 2962 Societa-

361 2987 421 3017 tis,
435 2985 538 3012 Prov.
556 2985 674 3012 Anser.
691 2993 710 3012 a
728 2986 760 3012 Ρ.
778 2985 928 3019 SocassR,
956 2985 1009 3012 lib.
1030 2992 1040 3011 1
1055 2984 1188 3011 —Unde
1204 2985 1292 3011 male
1318 2983 1537 3018 transcripsit
1558 2983 1644 3011 haec
1667 2983 1804 3011 Polanci
1826 2983 2001 3016 librarius,

361 3033 465 3067 quiin
481 3033 613 3066 chron„
630 3037 653 3060 t.
668 3040 701 3064 11,
716 3040 793 3067 pag.
809 3033 871 3064 574,
887 3040 962 3060 ann.
978 3032 1057 3066 1552,
1076 3039 1108 3058 n.
1122 3030 1184 3065 373,
1203 3032 1250 3058 sic
1267 3035 1325 3058 ait:
1342 3032 1403 3058 “....
1419 3035 1455 3058 ut
1472 3032 1505 3058 in
1520 3032 1646 3066 templo
1663 3031 1702 3058 D.
1719 3030 1894 3066 Stephani,
1912 3031 1998 3065 quod

362 3083 438 3115 post
450 3080 650 3108 cathedrale
667 3080 972 3107 commodissimum
989 3082 1074 3112 crat,
1091 3079 1250 3113 deinceps
1268 3079 1558 3112 conciona1·etur„.
