2168 3437
907 233 990 270 AN.
1022 233 1114 271 1553
1759 236 1828 273 301

882 684 1135 739 CCXXV

258 913 299 948 Ρ.
323 911 549 949 Arnoldus
570 912 747 949 Hezeus

304 977 425 1014 Patri
443 978 611 1025 Ignatio
632 977 684 1014 de
704 977 889 1025 Loyola.

352 1043 565 1089 LovanIo,
587 1043 630 1080 17
650 1042 861 1091 Maj11553
882 1044 907 1079 ¹.

946 1305 1045 1347 IHs

262 1534 427 1575 Gratia
451 1542 496 1576 et
517 1535 724 1577 charitas
745 1536 854 1577 Dni.
876 1537 973 1578 Nri.
1006 1538 1118 1590 Jesu
1138 1537 1212 1578 Xss
1241 1538 1299 1578 sit
1325 1550 1510 1590 semper
1537 1550 1643 1580 cum
1671 1540 1817 1580 omni·

178 1605 265 1646 bus
286 1606 434 1646 nobis.
460 1606 627 1647 Amen.

262 1677 547 1718 Labentibus
569 1678 736 1729 quavis
767 1679 891 1719 unda
922 1680 1132 1720 velocius
1154 1679 1336 1732 diebus,
1368 1680 1468 1721 R.de
1496 1687 1634 1733 atque
1655 1682 1702 1722 in
1732 1682 1821 1722 X.O

181 1748 333 1788 obser.
357 1747 512 1800 Pater,
547 1749 682 1790 citius
710 1756 894 1802 tempus
924 1762 1065 1802 quam
1098 1763 1292 1803 operum
1326 1763 1411 1792 nos
1445 1763 1820 1804 praeoccupasse

177 1818 358 1860 fructus
379 1820 629 1871 cernimus,
654 1821 778 1872 quod
794 1833 888 1861 non
905 1833 1164 1873 paucorum
1181 1822 1425 1864 dumtaxat
1441 1823 1635 1874 dierum,
1654 1836 1820 1865 verum

179 1891 385 1930 omnium
409 1891 546 1931 huius
564 1892 674 1932 anni
696 1898 898 1943 actuum,
924 1905 1091 1945 nempe
1118 1900 1319 1945 quatuor
1345 1894 1590 1944 mensium,
1625 1894 1816 1935 redden-

179 1960 286 2002 dam
306 1962 442 2002 nobis
459 1963 605 2014 exigit
620 1963 865 2015 rationem,
885 1975 1026 2015 quam
1042 1965 1228 2016 quidem
1245 1965 1391 2005 variis
1407 1965 1548 2006 Pater
1568 1966 1820 2017 impeditus

178 2033 393 2084 negotiis,
417 2034 533 2073 meis
559 2035 922 2085 persolvendam
949 2035 1169 2087 imposuit
1198 2036 1420 2077 humeris.
1452 2036 1608 2088 Atque
1636 2037 1816 2077 utinam

177 2104 298 2144 lectu
321 2103 464 2155 digna
487 2104 592 2156 Opt.
619 2104 744 2145 Max.
768 2107 1080 2157 praestitisset
1102 2106 1252 2157 Deus,
1276 2108 1352 2148 vel
1380 2114 1542 2148 nostra
1575 2108 1729 2149 oblata
1751 2109 1819 2148 vi-

174 2175 378 2226 gilanter
399 2182 685 2227 prosequuta
706 2176 870 2217 fuisset
891 2177 1150 2229 diligentia,
1174 2185 1223 2219 ut
1244 2191 1339 2219 non
1360 2179 1497 2219 nudis
1519 2180 1654 2231 quasi
1678 2191 1815 2220 aures

175 2246 348 2297 verbis,
373 2247 455 2287 sed
476 2248 629 2299 magis
645 2247 826 2288 RdOsum
848 2261 1060 2290 meorum
1088 2249 1281 2290 Patrum
1301 2250 1613 2302 Fratrumque
1640 2250 1817 2291 charis-

175 2317 400 2358 simorum
422 2319 566 2359 corda
596 2319 832 2360 fructuum
853 2321 1045 2361 daretur
1074 2321 1267 2372 implere
1288 2322 1438 2373 copia.
1462 2320 1539 2362 Sic
1567 2321 1814 2362 delectabi-

174 2388 266 2428 lem
284 2389 423 2440 plane
445 2389 650 2429 oblatam
676 2390 820 2431 fuisse
842 2391 1136 2442 provinciam
1158 2392 1337 2432 inficias
1367 2392 1433 2432 ire
1455 2404 1548 2432 non
1575 2393 1813 2434 auderem.

172 2458 498 2510 Nihilominus,
517 2465 567 2499 ut
587 2460 757 2501 Dnum.
782 2461 942 2502 Nrum.
962 2462 1122 2515 Jesum
1137 2464 1474 2514 pauperculam
1490 2463 1680 2503 viduam
1697 2463 1815 2505 duos

174 2529 447 2571 offerentem
464 2530 749 2582 quadrantes
765 2532 1002 2584 laudasse,
1022 2545 1108 2573 nec
1129 2533 1251 2574 V.am
1266 2533 1374 2574 Rem
1396 2534 1587 2574 minima
1601 2547 1813 2587 quaeque

173 2601 437 2653 repudiare,
462 2613 798 2654 cognoveram,
818 2615 845 2643 a
866 2604 1001 2644 nobis
1022 2604 1162 2645 etiam
1181 2605 1257 2645 vel
1278 2604 1368 2646 duo
1391 2610 1592 2656 tantum,
1612 2606 1659 2646 in
1674 2617 1812 2657 gazo-

172 2672 427 2724 philacium
448 2673 604 2713 oblata
634 2685 764 2714 nrae.
801 2673 1072 2726 Societatis,
1105 2676 1284 2716 minuta
1315 2675 1421 2716 V.ae
1453 2675 1519 2716 P.i
1545 2683 1683 2728 grata
1711 2677 1814 2719 fore

171 2743 349 2784 firmius
370 2743 604 2785 confidere
626 2745 772 2796 coepi.

228 2905 238 2925 1
277 2905 527 2940 Autographae
543 2909 636 2934 totae
652 2914 753 2934 manu
768 2905 881 2934 Patris
894 2907 1040 2934 Arnoldi
1061 2906 1165 2934 Hezei
1186 2907 1220 2934 in
1235 2906 1448 2941 quadruplici
1464 2907 1553 2940 folio,
1569 2916 1623 2936 nn.
1643 2909 1812 2938 338641.-

172 2952 324 2980 Plurima
338 2953 371 2981 in
385 2953 434 2981 eis
448 2954 655 2981 cancellavit
671 2954 850 2988 Polaticus,
866 2958 899 2981 et
913 2954 1029 2989 aliqua
1043 2954 1250 2987 immutavit;
1264 2962 1368 2988 quare
1383 2954 1432 2981 sic
1448 2955 1699 2990 castigatarum
1713 2958 1808 2985 litte-

171 3007 288 3027 rarum
299 3001 535 3035 apographum
547 3002 748 3036 exemplum,
762 3001 849 3036 quod
860 3005 975 3029 exstat
990 3002 1023 3029 in
1038 3002 1117 3029 folio
1134 3002 1261 3037 triplici
1276 3009 1330 3028 nn.
1347 3001 1476 3036 326-328,
1488 3002 1553 3037 hic,
1569 3003 1696 3032 litteris
1707 3011 1810 3039 prout

172 3048 215 3074 ab
230 3047 383 3076 Arnoldo
395 3048 545 3083 scriptae
560 3048 666 3083 fuere,
687 3049 918 3084 subjiciemus.
