2168 3437
351 241 423 278 652
863 239 1090 276 LITTERAE
1118 250 1476 281 QUADRIMESTRES

347 338 571 378 cubinatu
591 348 904 387 perseverans
922 369 929 387 ,
963 348 1181 377 asserens¹
1202 348 1386 388 quoque
1407 337 1526 376 velle
1554 336 1718 377 deinde
1749 349 1918 388 panem
1940 339 1986 378 in

346 409 435 448 Dei
455 407 650 448 servitio
673 408 935 459 comedere,
966 414 1010 448 et
1032 407 1090 448 ad
1122 408 1471 448 sanctissimum
1493 407 1800 447 confessionis
1831 420 1984 448 sacra-

345 483 554 519 mentum
573 478 841 530 frequenter
864 479 1110 530 accedere3
1135 479 1213 530 qui
1239 479 1338 530 ipse
1368 490 1474 519 cum
1495 478 1634 518 simili
1664 479 1755 518 alio
1783 478 1984 519 Eboram

345 550 475 590 missi
510 555 617 590 sunt
652 551 712 590 ad
747 549 1021 590 facultatem
1049 549 1429 601 consequendam
1457 549 1657 590 ducendi
1683 561 1855 589 uxores
1884 549 1988 589 illas

347 621 558 666 easdem,
591 621 869 673 quibuscum
890 621 950 662 ad
970 621 1016 661 id
1037 621 1261 673 temporis
1293 621 1680 661 consuetudinem
1709 620 1985 661 habuerant.

345 692 491 733 Porro
514 705 619 733 cum
648 704 702 732 eo
733 692 806 732 die
836 704 862 732 a
894 692 1122 732 concione
1153 693 1465 743 venissemus,
1495 692 1738 743 ingressus
1766 698 1835 732 est
1866 692 1988 731 idem

345 763 421 805 Pr.
450 764 498 804 in
524 775 785 814 carcerem,
818 763 896 803 ubi
923 775 1076 815 pauca
1107 764 1316 815 quidem,
1354 763 1436 803 sed
1465 775 1519 803 ea
1555 763 1657 815 ipsa
1694 762 1989 803 auditoribus

345 834 483 875 valde
505 846 736 886 congrua,
762 835 909 875 verba
930 834 1057 883 fecit3
1083 835 1203 875 inter
1225 846 1341 886 quos
1362 846 1481 874 unus
1503 834 1694 886 quidam
1725 834 1888 874 aderat
1916 833 1990 873 vir

345 906 534 955 nobilis,
573 906 651 957 qui
681 905 770 946 Dei
796 918 989 957 nomen,
1023 905 1312 946 horrendum
1341 906 1388 945 in
1418 906 1629 954 modum,
1662 905 1989 956 blasphemare

345 988 401 1016 ac
430 977 530 1017 sine
559 977 652 1016 ullo
688 977 865 1017 honore
894 983 939 1017 et
969 977 1238 1017 reverentia
1266 983 1472 1016 tractare
1503 976 1666 1016 solitus
1703 982 1826 1026 erat,
1859 976 1990 1016 cuius

345 1059 524 1088 morem
545 1048 637 1088 iam
659 1048 907 1099 aliquoties
929 1049 1013 1088 als:
1036 1048 1111 1088 Pr.
1135 1048 1461 1098 damnaverat,
1489 1054 1817 1087 verumtamen
1844 1048 1918 1087 1116
1941 1059 1990 1087 se

344 1125 681 1171 excusaverat,
706 1126 750 1160 et
772 1131 821 1160 se
843 1132 869 1159 a
893 1120 1029 1171 culpa
1052 1130 1258 1159 vacuum
1280 1130 1383 1159 esse
1406 1118 1534 1159 credi
1560 1119 1791 1159 voluerat.
1818 1118 1989 1169 Quam-

345 1191 507 1231 obrem
554 1191 648 1231 iam
685 1196 796 1231 tunc
838 1191 961 1231 ferre
1000 1190 1227 1242 nequiens
1265 1190 1581 1242 perniciosam
1628 1190 1750 1230 illius
1789 1201 1990 1229 conver-

345 1262 575 1302 sationem
610 1268 654 1302 et
688 1262 945 1314 pessimum
985 1263 1274 1314 exemplum,
1317 1273 1479 1301 coram
1517 1261 1595 1301 illo
1634 1267 1990 1312 praepotentem

345 1333 497 1373 Deum
519 1334 566 1373 in
582 1333 762 1384 justitia
785 1346 922 1374 orare
945 1334 1111 1385 coepit,
1136 1340 1181 1373 et
1202 1333 1262 1374 ad
1281 1333 1427 1384 filium
1446 1332 1590 1384 Regis
1611 1332 1667 1372 de
1690 1332 1808 1372 Fees
1831 1333 1991 1384 (quem

345 1404 516 1445 ibidem
547 1416 648 1445 esse
671 1411 716 1445 et
738 1405 1057 1445 Christianum
1087 1411 1302 1445 recenter
1330 1404 1509 1444 factum
1537 1403 1852 1453 intellexerat)
1881 1415 1986 1443 con-

345 1487 533 1527 verSUS,
556 1477 685 1516 illum
707 1477 1011 1516 vehementer
1042 1476 1311 1516 obsecravit
1340 1481 1383 1515 et
1413 1487 1496 1526 per
1522 1474 1596 1515 X.i
1625 1475 1823 1514 vulnera
1852 1485 1988 1524 roga-

349 1547 416 1587 vit
437 1559 494 1587 ne
517 1560 543 1587 a
565 1554 660 1587 tarn
682 1548 899 1599 pessimis
920 1547 1190 1587 christianis
1210 1547 1336 1587 vitae
1364 1547 1630 1597 exemplum
1661 1552 1873 1597 caperet,
1907 1545 1987 1585 sed

346 1602 525 1669 potius,
552 1631 658 1659 cum
690 1630 715 1658 a
744 1618 846 1659 Deo
876 1625 972 1670 opt.
1000 1618 1127 1659 Max.
1157 1624 1253 1658 tarn
1283 1618 1529 1669 egregium
1558 1628 1727 1657 munus
1759 1623 1803 1656 et
1833 1616 1987 1667 singu-

345 1690 442 1730 lare
463 1690 740 1730 beneficium
763 1696 885 1730 esset
907 1689 1125 1742 adeptus,
1151 1701 1336 1729 morum
1356 1689 1578 1741 probitati
1601 1695 1644 1728 et
1665 1688 1790 1728 vitae
1819 1688 1984 1727 sancti-

346 1762 532 1802 moniae
564 1762 785 1801 studeret.
819 1761 1074 1813 Postquam
1104 1761 1229 1800 illinc
1265 1760 1443 1811 egressi
1474 1771 1656 1810 sumus,
1690 1759 1858 1799 nobilis
1894 1759 1985 1808 hic,

345 1845 485 1885 quem
505 1833 570 1873 ita
593 1833 765 1873 acriter
786 1832 860 1873 Pr.
886 1832 1172 1884 increpavit,
1207 1832 1262 1872 de
1295 1837 1482 1872 caetero
1505 1831 1616 1882 (Dei
1635 1831 1809 1882 gloria)
1837 1842 1987 1870 emen-

346 1905 585 1945 dationem
606 1905 864 1956 proposuit.
900 1904 976 1945 Ad
1005 1905 1123 1944 haec
1155 1904 1537 1944 animadvertens
1568 1903 1644 1943 Pr.
1677 1903 1893 1942 timorem
1921 1914 1987 1942 re-

344 1976 699 2028 verentiamque
736 1976 1047 2028 perexiguam
1081 1975 1218 2015 huius
1250 1975 1409 2026 populi
1444 1986 1558 2026 erga
1593 1974 1767 2024 Deum,
1807 1973 1988 2013 cladem

343 2048 534 2099 insuper
574 2059 629 2087 ac
663 2058 886 2098 magnam
924 2047 1189 2087 animarum
1228 2053 1437 2097 stragem
1473 2058 1499 2085 a
1539 2045 1766 2085 daemone
1806 2045 1988 2096 publice

345 2121 392 2160 in
412 2120 501 2160 hac
522 2120 637 2159 urbe
658 2118 856 2170 factam,
880 2117 1165 2177 Societatem
1185 2117 1384 2158 instituit
1406 2120 1527 2157 inter
1544 2117 1785 2168 quosdam,
1810 2116 1869 2156 ad
1889 2127 1986 2167 pes-

346 2192 513 2231 simam
534 2191 720 2230 iurandi
741 2190 1126 2230 consuetudinem
1157 2189 1455 2239 abolendam,
1488 2189 1536 2229 in
1563 2187 1791 2228 honorem
1821 2187 1986 2227 dulcis-

345 2263 450 2302 simi
477 2263 594 2302 nois.
627 2262 759 2314 Jesu,
789 2270 839 2302 ut
867 2274 894 2302 a
923 2262 1089 2313 quibus
1117 2261 1347 2301 hactenus
1375 2267 1472 2300 tam
1499 2260 1691 2310 indigne
1721 2265 1790 2299 est
1818 2265 1986 2299 tracta-

344 2340 442 2385 tus,
468 2334 526 2374 ab
548 2333 724 2374 eisdem
745 2333 811 2373 illi
830 2334 948 2383 laus,
973 2333 1125 2383 gloria
1147 2338 1190 2372 et
1212 2331 1381 2383 dignus
1400 2332 1550 2372 honor
1569 2331 1848 2371 tribuantur.
1872 2330 1986 2370 Effe-

345 2406 406 2445 cit
428 2411 478 2445 ut
499 2405 709 2445 omnium
730 2405 854 2445 noia.
873 2437 880 2456 ,
903 2404 1075 2452 mariti,
1100 2404 1278 2455 uxoris,
1303 2404 1649 2454 liberorumque
1670 2402 1716 2442 in
1737 2414 1821 2442 sua
1839 2402 1988 2442 cuius-

346 2488 434 2527 que
455 2477 678 2528 paroecia
699 2476 1036 2526 scriberentur,
1061 2482 1202 2526 utque
1224 2475 1271 2514 in
1292 2474 1491 2525 singulis
1511 2473 1743 2525 paroeciis
1768 2474 1988 2524 capsulae

347 2548 704 2598 conficerentur,
727 2548 775 2587 in
796 2558 914 2599 quas
944 2547 1169 2597 mulctae,
1202 2545 1465 2585 iurantibus
1493 2544 1797 2595 constitutae,
1828 2556 1987 2584 recon-

347 2619 583 2659 derentur.
614 2619 665 2659 In
691 2630 785 2658 una
814 2618 1003 2668 harum,
1037 2629 1143 2657 cum
1174 2617 1449 2668 aperiretur,
1483 2616 1681 2656 duorum
1713 2615 1989 2655 ducatorum

347 2702 549 2740 summa,
574 2702 723 2741 parua
743 2689 944 2742 pecunia
966 2689 1139 2738 minus,
1174 2693 1363 2739 reperta
1387 2693 1469 2737 est,
1495 2692 1600 2727 octo
1629 2687 1810 2726 dierum
1836 2686 1987 2738 spatio

347 2761 450 2812 plus
475 2761 629 2800 minus
660 2765 901 2811 congesta.
936 2759 1167 2800 Convenit
1197 2759 1316 2798 inter
1344 2769 1424 2798 eos
1454 2763 1502 2797 ut
1532 2763 1692 2797 mutuo
1719 2768 1823 2797 sese
1854 2768 1986 2797 accu-

348 2838 470 2882 sent,
496 2832 595 2871 sive
617 2832 761 2880 intra,
785 2831 885 2871 sive
907 2836 1041 2871 extra
1064 2830 1272 2880 domum,
1306 2835 1403 2869 tam
1432 2828 1610 2868 nobiles
1640 2840 1780 2880 quam
1810 2828 1986 2879 ignobi-

348 2903 435 2952 les,
458 2903 643 2942 nemine
665 2908 877 2957 excepto,
902 2901 1039 2953 idque
1061 2912 1167 2941 cum
1189 2900 1315 2940 omni
1342 2899 1607 2939 urbanitate
1635 2905 1679 2939 et
1709 2899 1862 2939 debita
1892 2900 1985 2951 qui-

348 2975 525 3025 busque
560 2974 841 3014 reverentia.
874 2973 1148 3026 Juramenta
1175 2971 1409 3023 prohibita
1438 2971 1574 3011 simul
1605 2983 1660 3011 ac
1689 2972 1861 3011 mulcta
1894 2971 1985 3010 cui-

349 3055 437 3094 que
459 3045 720 3084 iuramento
743 3045 1016 3095 constituta,
1040 3044 1087 3084 in
1109 3043 1305 3094 singulis
1326 3042 1560 3094 paroeciis
1581 3042 1752 3082 tabella
1783 3042 1987 3094 quadam
