2168 3437
890 242 975 280 AN.
1006 241 1098 279 1554
1745 242 1816 280 509

178 344 365 390 rentu1·;
389 351 479 391 qua
501 339 556 379 de
579 351 723 380 causa
743 339 920 380 factum
941 345 1011 380 est
1040 345 1090 380 ut
1119 339 1251 380 festis
1279 351 1334 379 ac
1363 339 1608 380 dominicis
1636 338 1812 388 diebus,

180 410 302 450 ultra
323 411 509 451 solitam
530 423 586 451 ac
608 422 903 451 communem
923 411 1210 461 doctrinam,
1242 410 1447 451 habeant
1476 410 1754 450 familiarius
1785 423 1812 450 a

181 487 489 532 praeceptore
511 487 555 521 et
576 482 717 522 aliam
743 482 994 533 privatam.
1024 482 1264 522 Mutarunt
1290 481 1500 521 nonnulli
1527 481 1654 521 Vitae
1688 481 1813 521 insti-

181 557 351 602 tutum,
385 564 441 592 ac
471 553 571 592 Deo
599 564 648 593 se
676 553 967 593 dedicarunt.
991 552 1319 604 Superioribus
1341 552 1502 592 diebus
1524 552 1638 603 duo,
1662 564 1689 592 a
1706 551 1815 592 Pro-

180 622 372 662 vinciali
391 623 775 663 Praedicatorum
796 623 989 675 recepti,
1013 623 1309 675 praeceptori
1330 623 1546 663 ultimum
1566 623 1673 663 vale
1691 623 1814 663 dixe-

182 699 304 733 runt.
332 693 438 734 Duo
460 700 505 734 et
533 693 814 734 Societatem
847 699 1057 734 nostram
1088 694 1293 744 ingressi
1320 699 1452 745 sunt;
1488 693 1612 745 quod
1646 694 1815 734 multos

179 763 388 804 facturos
416 764 578 812 credo,
609 776 715 804 cum
743 764 801 804 ad
835 777 920 804 nos
952 764 1129 804 aditum
1163 776 1256 804 non
1291 765 1475 816 penitus
1510 764 1815 804 interclusum

174 835 502 886 cognouerint.
540 835 766 876 Tractant
803 847 964 875 omnes
1002 841 1276 875 reuerenter
1309 846 1403 874 non
1441 835 1589 875 solum
1624 846 1812 887 praece—

176 912 357 957 ptores,
395 918 559 946 verum
595 907 737 947 etiam
764 906 1043 947 Sacerdotes
1074 911 1118 945 et
1154 905 1325 945 fratres
1352 917 1479 945 nros.
1517 905 1814 946 Conueniunt

174 976 422 1016 dominicis
458 989 513 1016 ac
547 977 677 1017 festis
713 976 874 1017 diebus
910 976 970 1016 ad
1004 976 1290 1025 doctrinam,
1329 976 1375 1015 in
1407 988 1498 1027 qua
1526 988 1619 1016 non
1641 977 1812 1017 medio-

173 1047 319 1087 criter
339 1047 601 1098 proficiunt.
625 1047 903 1088 Sacerdotes
925 1047 1086 1097 etiam,
1110 1046 1189 1097 qui
1206 1047 1521 1087 conscientiae
1539 1047 1726 1088 casibus
1744 1049 1807 1088 in-

177 1116 395 1168 tendunt,
419 1118 665 1158 utilitatem
686 1130 780 1158 non
801 1119 1048 1169 vulgarem
1078 1129 1135 1157 ex
1163 1117 1253 1156 hac
1284 1117 1481 1157 lectione
1509 1126 1807 1170 acceperunt,

178 1200 319 1240 quam
341 1190 485 1229 multo
506 1189 732 1229 maiorem
754 1190 801 1229 in
822 1189 920 1229 dies
940 1188 1146 1229 suturam
1177 1199 1436 1239 speramus.
1471 1187 1589 1229 Sunt
1618 1201 1812 1230 numero

146 1265 153 1275 ·
176 1258 238 1298 ad
256 1259 323 1309 35,
347 1272 405 1299 ex
425 1260 591 1311 quibus
611 1259 664 1299 20
681 1259 945 1300 Cardinalis
970 1259 1257 1310 benignitate
1286 1258 1333 1298 in
1357 1264 1453 1298 tam
1478 1265 1641 1300 sancto
1672 1272 1812 1312 opere

175 1336 523 1380 sustentantur3
564 1331 760 1383 singulis
789 1331 911 1372 enim
944 1331 991 1371 in
1024 1330 1234 1381 singulos
1269 1341 1420 1369 annos
1459 1330 1511 1370 25
1555 1342 1722 1371 aureos
1754 1343 1812 1372 ex

172 1402 276 1441 eius
298 1402 609 1453 vectigalibus
630 1401 987 1454 suppeditantur
1011 1400 1037 1442 ¹.

259 1472 450 1513 Fratres
485 1473 692 1524 theologi
725 1473 772 1513 in
800 1473 973 1523 solitis,
1004 1477 1102 1512 tum
1138 1472 1402 1523 literarum,
1437 1477 1535 1511 tum
1571 1472 1811 1522 Virtutum,

174 1543 342 1583 studiis
363 1550 689 1594 perseverant,
715 1556 821 1584 cum
842 1549 1118 1595 augmento,
1142 1542 1233 1583 Dei
1254 1542 1520 1594 clementia,
1546 1543 1624 1595 qui
1658 1543 1813 1583 Pater-

175 1614 372 1654 nitatem
401 1620 531 1654 tuam
559 1620 806 1655 conservet
832 1620 877 1654 et
903 1619 1146 1666 protegat,
1177 1613 1309 1654 cuius
1336 1613 1709 1654 benedictionem
1739 1626 1814 1654 ex-

177 1685 394 1736 petimus.

257 1757 463 1807 Evorae,
487 1756 694 1796 calendis
714 1756 951 1810 Januarii,
979 1755 1095 1796 1554.

256 1828 328 1867 Ex
349 1827 678 1868 commissione
698 1827 749 1867 Ρ.
771 1827 1015 1868 Michaelis
1038 1827 1222 1878 ssayros
1241 1859 1248 1875 ,

258 1898 432 1938 inutilis

1166 2038 1362 2078 MARCUS
1394 2038 1650 2079 GEORGIUS.

256 2254 609 2306 Superscmptzb
643 2254 692 2293 in
727 2257 899 2305 quarta
935 2251 1148 2304 pagina:
1189 2251 1252 2291 Al
1292 2263 1402 2302 muy
1437 2251 1540 2291 R.d0
1581 2264 1638 2292 en
1671 2251 1810 2293 Chro.

173 2325 320 2377 padre
341 2326 383 2364 el
403 2324 517 2365 P.<1re
538 2325 742 2365 Maestro
762 2324 970 2376 anatio
991 2323 1233 2375 preposito
1255 2323 1451 2372 general
1471 2323 1527 2363 de
1549 2324 1594 2363 la
1617 2323 1812 2373 Compa-

175 2397 255 2436 fiia
277 2395 333 2436 cle
354 2396 489 2449 Jesus
510 2408 567 2436 en
586 2396 751 2436 Roma.

256 2466 343 2507 Del
366 2467 574 2518 Collegio
596 2466 802 2507 Deuora.

255 2537 366 2577 Alsa
387 2550 548 2578 mama.
575 2537 689 2578 1554.
715 2537 864 2589 Quad.
882 2537 1064 2587 Euora,
1088 2535 1161 2576 del
1182 2535 1417 2576 Gennaio.

229 2698 241 2718 ¹
279 2698 367 2725 Vide
383 2698 556 2732 Pomwco,
576 2697 787 2732 Chronicon,
803 2703 826 2726 t.
842 2706 895 2731 111,
910 2706 988 2733 pag.
1003 2697 1072 2730 423,
1089 2706 1119 2725 n.
1136 2697 1198 2724 937.
