2168 3437
876 265 960 302 ΑΝ.
991 263 1083 301 1553
1727 262 1798 299 225

153 378 288 408 cram
309 365 528 418 synaxim
543 362 783 404 accedere.
803 361 1014 413 Quorum
1029 361 1360 402 ardentissima
1377 360 1531 401 studia
1546 372 1640 400 non
1657 360 1795 400 modo

154 439 385 479 duratura
407 435 599 485 diutius,
622 444 789 474 verum
810 433 949 473 etiarn
981 432 1198 483 augenda
1229 431 1528 480 confidimus,
1561 431 1796 472 concioni-

157 509 245 549 bus
266 514 310 548 et
330 506 540 547 mirificis
561 504 844 545 christianae
866 503 1108 544 doctrinae
1124 502 1521 553 enarrationibus,
1541 513 1659 554 quas
1674 502 1797 543 idem

158 580 235 619 ille
255 578 394 619 Pater
416 577 577 617 diebus
599 575 859 625 dominicis,
884 585 1021 614 mane
1043 573 1230 625 quidem
1251 573 1392 625 domi,
1417 586 1444 614 a
1464 574 1662 626 prandio
1684 585 1799 614 vero

156 651 208 691 in
241 661 296 691 eo
331 650 432 701 ipso
468 645 820 688 Misericordiae
855 645 1028 696 templo
1067 644 1241 684 habere
1281 645 1475 694 insistit,
1518 645 1796 697 impellendo

158 720 416 762 maximam
446 724 628 771 partem
658 716 899 756 hominum
935 715 994 755 ad
1029 726 1216 755 sacram
1250 714 1441 755 Domini
1470 728 1681 756 mensam
1714 716 1799 756 fre-

161 790 500 845 quentandam,
527 788 587 829 ad
608 786 730 840 quod
757 786 1095 839 praestandum
1121 786 1309 826 videtur
1337 787 1539 838 speciale
1567 787 1802 838 quoddam

156 870 206 904 et
227 862 465 913 singulare
487 860 661 900 donum
683 870 709 898 a
730 857 934 898 Domino
956 857 1218 909 accepisse,
1242 857 1364 897 unde
1392 857 1441 897 fit
1464 869 1801 910 saepenumero

158 941 212 975 ut
237 933 402 974 Patres
429 931 579 972 nostri
608 936 676 971 tot
706 929 1079 970 confessionibus
1109 941 1203 969 non
1232 928 1478 969 sufficiant.
1512 929 1633 981 Quin
1663 931 1803 970 etiam

163 1006 238 1046 hic
259 1005 358 1057 ipse
380 1003 520 1044 Pater
539 1002 752 1054 proxime
773 1001 1029 1052 praeterita
1050 1000 1415 1052 quadragesima
1443 1000 1622 1041 duobus
1648 1000 1802 1041 foemi-

159 1087 328 1117 narum
368 1073 668 1115 monasteriis
702 1071 925 1124 juvandis
961 1070 1086 1111 dedit
1121 1082 1337 1122 operam,
1376 1082 1572 1122 quorum
1609 1072 1807 1112 alterum

159 1147 362 1188 Sanctae
385 1140 575 1194 Annae,
600 1144 798 1184 alterum
820 1142 1021 1183 Sanctae
1043 1141 1211 1182 Clarae
1239 1142 1447 1182 dicatum
1477 1148 1561 1182 est.
1595 1142 1806 1183 Commo-

158 1225 293 1260 ratur
323 1218 370 1258 in
396 1217 468 1257 his
503 1217 669 1268 ingens
700 1214 1039 1255 monacharum
1075 1213 1232 1264 turba,
1271 1225 1387 1265 quas
1423 1225 1586 1254 omnes
1617 1215 1810 1255 alternis

163 1289 324 1330 diebus
352 1288 561 1329 invisens
589 1286 833 1338 privatim,
865 1284 1219 1336 diligentissime
1249 1284 1532 1325 instruebat:
1569 1291 1709 1337 atque
1745 1287 1809 1326 ita

157 1361 315 1401 effecit
334 1371 417 1412 per
437 1360 567 1399 illum
587 1357 842 1407 Dominus,
879 1362 928 1396 ut
962 1356 1008 1396 in
1039 1362 1238 1408 utroque
1269 1356 1555 1396 monasterio
1583 1357 1707 1397 bona
1736 1369 1807 1397 ea-

160 1444 267 1473 rum
288 1443 398 1484 pars
420 1430 648 1482 spiritalia
677 1428 901 1469 exercitia
928 1428 1233 1468 meditaretur
1255 1439 1310 1468 ac
1333 1428 1474 1468 etiam
1495 1440 1619 1469 nunc
1640 1429 1688 1468 in
1709 1440 1809 1469 ora-

159 1504 290 1545 tione
311 1503 557 1555 persistat,
588 1510 920 1552 speremusque
953 1498 1070 1539 adeo
1101 1499 1201 1539 fore
1232 1505 1282 1539 ut
1312 1511 1551 1551 nunquam
1579 1501 1636 1540 ab
1659 1500 1808 1540 incoe-

160 1575 257 1627 ptis
278 1573 527 1623 desistant,
560 1571 764 1612 maxime
786 1582 893 1611 cum
913 1582 993 1611 eas
1014 1570 1088 1611 ille
1116 1570 1188 1610 bis
1214 1571 1412 1622 singulis
1440 1571 1613 1611 invisat
1640 1571 1807 1611 hebdo-

166 1646 334 1687 madis.

248 1718 354 1771 Jam
381 1717 427 1757 in
454 1716 555 1767 ipso
585 1713 814 1767 principio
842 1713 1258 1766 quadragesimae,
1293 1724 1400 1754 cum
1422 1713 1551 1754 Patri
1580 1713 1778 1754 Doctori
1803 1714 1810 1732 ¹

162 1783 660 1842 *optimum'consilium
687 1785 928 1825 videretur
955 1785 1180 1825 ecclesias
1212 1784 1319 1825 huic
1355 1796 1567 1825 annexas
1598 1785 1810 1836 Collegio

164 1860 384 1901 >doctrina
405 1857 635 1910 spirituali
657 1856 947 1897 communire
978 1868 1034 1896 ac
1067 1867 1286 1907 pascere,
1312 1857 1498 1907 quando
1519 1868 1681 1897 earum
1704 1862 1813 1896 tem-

170 1930 350 1984 poralia
373 1930 609 1979 metimus,
633 1927 798 1968 Patres
819 1926 1007 1967 Petrum
1029 1926 1145 1967 Diez
1168 1932 1212 1967 et
1232 1927 1585 1968 Emmanuelem
1605 1927 1735 1968 Leite
1757 1927 1815 1968 ad

165 2002 215 2044 S.
239 2001 408 2042 Felicis
429 2000 575 2051 misit,
605 2005 655 2040 ut
684 2010 778 2039 una
810 2010 915 2038 cum
946 1998 1022 2049 iis,
1057 1998 1135 2050 qui
1164 1998 1226 2038 ibi
1254 2005 1409 2049 erant,
1442 1999 1816 2051 frequentissime

171 2073 423 2126 parochias
458 2072 561 2112 illas
590 2082 751 2111 omnes
787 2070 1068 2120 inviserent,
1105 2077 1204 2110 tum
1238 2070 1532 2122 poenitentes
1567 2070 1813 2120 audiendo,

167 2151 269 2185 tum
289 2142 635 2193 concionando,
659 2147 758 2182 tum
780 2140 1081 2181 Dominicum
1102 2140 1284 2193 Corpus
1304 2140 1663 2182 Sanctissimum
1685 2142 1814 2182 mini-

171 2215 387 2265 strando,
411 2215 490 2266 qui
511 2213 651 2254 etiam
672 2224 795 2253 nunc
817 2213 864 2252 in
885 2212 975 2252 hoc
996 2223 1188 2252 munere
1209 2219 1532 2264 perseverant.
1556 2212 1689 2253 Duos
1707 2225 1815 2265 quo-

173 2299 262 2339 que
284 2286 456 2326 fratres
478 2285 537 2324 ad
558 2283 602 2325 S.
627 2284 753 2324 misit
773 2283 967 2324 Antonii
987 2282 1016 2334 ⁵³,
1040 2283 1118 2335 qui
1139 2289 1287 2323 totam
1303 2283 1717 2335 quadragesimam
1738 2284 1814 2324 do-

169 2357 352 2398 cendae
372 2356 494 2408 plebi
514 2361 751 2396 navarunt
773 2366 988 2406 operam,
1013 2360 1059 2394 et
1083 2354 1241 2406 pueris
1269 2355 1316 2394 in
1341 2355 1505 2406 primis
1533 2355 1817 2396 christianae

170 2429 279 2470 fidei
300 2427 574 2469 rudimentis
594 2426 880 2466 instruendis
902 2426 1097 2477 aliisque
1119 2425 1405 2477 spiritalibus
1432 2426 1570 2466 rebus
1592 2438 1686 2466 non
1706 2438 1817 2478 pau-

177 2501 258 2540 cis,
288 2498 559 2539 Visitabant
589 2508 669 2537 eos
697 2496 774 2548 qui
804 2496 851 2536 in
879 2496 1093 2548 proxima
1126 2496 1329 2548 quadam
1361 2496 1551 2536 civitate
1583 2496 1820 2547 (Guardae

171 2571 239 2611 illi
259 2582 430 2611 nomen
451 2569 535 2619 est)
557 2568 836 2608 tenebantur
855 2567 902 2607 in
924 2567 1148 2618 vinculis;
1173 2567 1403 2608 docebant
1426 2579 1527 2619 eos;
1552 2568 1648 2608 suis
1681 2568 1815 2608 inter-

177 2641 286 2682 dum
297 2640 504 2681 humeris
519 2640 680 2691 plenos
697 2649 848 2690 aquae
865 2637 1119 2678 cantharos
1133 2638 1343 2691 ipsorum
1360 2639 1520 2679 usibus
1539 2639 1822 2679 necessariis

176 2712 464 2764 bajulabant.

259 2783 361 2834 Qua
396 2783 444 2822 in
481 2781 671 2822 civitate
701 2792 755 2820 ac
786 2779 833 2820 in
863 2780 1066 2832 quinque
1094 2780 1171 2821 vel
1199 2792 1283 2822 sex
1313 2781 1501 2831 viculis,
1535 2793 1652 2833 quos
1686 2782 1822 2822 statis

176 2853 462 2906 quibusdam
492 2852 653 2892 diebus
688 2850 1052 2902 uniuscujusque
1074 2851 1397 2892 hebdomadae
1418 2852 1712 2904 revisebant,
1744 2853 1819 2893 tri-

243 2989 252 3008 1
291 2987 449 3015 Michaeli
464 2987 504 3015 de
524 2987 659 3015 Torres.
675 2987 841 3020 PotAxco,
860 2986 1063 3020 chronicon,
1078 2991 1103 3014 t.
1119 2994 1168 3021 111,
1184 2995 1264 3022 pag.
1279 2988 1342 3021 414,
1355 2996 1386 3015 n.
1401 2989 1464 3016 912.

238 3035 251 3054 ⁹2
290 3035 344 3062 Ad
360 3034 392 3062 S.
408 3035 546 3063 Antonii
559 3035 599 3062 de
615 3035 810 3069 Benespera
824 3034 1021 3067 Abbatiam,
1035 3042 1121 3068 quae
1135 3034 1401 3063 Conimbricensi
1415 3036 1567 3071 Collegio
1583 3041 1658 3065 erat
1677 3044 1822 3065 annexa.

189 3082 363 3116 PoLANco,
375 3086 412 3109 ut
427 3090 541 3117 supra.

379 3141 428 3180 T.
459 3153 499 3179 11.
1547 3155 1585 3190 ¹5
