2168 3437
290 246 362 284 488
803 244 1030 281 LerERAE
1056 255 1417 287 QUADRIMESTRES

288 342 537 383 manifesto
560 347 756 392 possunt
778 353 879 381 esse
903 349 1183 392 argumento
1205 342 1413 393 codices,
1444 354 1562 394 quos
1588 343 1765 394 passim
1794 344 1927 395 pueri

289 412 636 454 circumferunt.
665 411 785 452 Nam
813 417 858 451 et
878 412 1087 462 illorum,
1118 423 1234 463 quos
1252 413 1403 453 nostri
1433 413 1743 454 instituendos
1771 425 1925 454 susce-

287 496 411 535 pere,
437 483 514 522 alii
536 482 865 532 catechismos,
891 483 969 522 alii
990 483 1230 533 precarios
1251 483 1446 534 libellos,
1470 485 1708 535 eleganter
1738 484 1926 536 quidem

288 559 581 605 compactos,
606 553 688 593 sed
709 554 850 605 impia
873 559 917 594 et
938 554 1177 594 haeretica
1205 554 1419 594 doctrina
1449 555 1662 607 vitiatos,
1691 556 1739 595 in
1766 555 1926 597 ludum

287 624 665 675 comportabant,
703 636 848 676 quare
877 636 1173 665 communem
1205 625 1328 665 hanc
1351 625 1576 677 juvenum
1610 627 1925 678 corruptelam

285 708 380 735 non
400 701 652 747 potuerunt
672 707 767 735 non
788 696 982 736 moleste
1001 696 1125 736 ferre
1145 697 1313 746 nostri,
1339 702 1383 737 et
1404 697 1513 737 hinc
1533 697 1677 737 libros
1699 697 1924 738 detestari

285 773 560 818 coeperunt,
585 779 640 807 ac
662 767 727 807 ita
749 767 1075 808 deterruerunt
1097 779 1265 818 pueros
1292 780 1350 808 ne
1380 769 1499 808 tales
1527 774 1684 820 pestes
1716 769 1764 809 in
1791 769 1924 809 scho-

286 839 378 878 lam
399 844 763 890 comportarent.
797 838 847 879 Id
876 838 1020 890 quod,
1051 839 1159 879 licet
1187 850 1330 890 aegre
1361 839 1493 880 initio
1522 840 1580 880 sit
1607 840 1923 891 impetratum,

285 916 456 960 tamen,
482 908 736 960 adjuvante
758 910 961 961 Christo,
986 910 1212 950 successit
1231 910 1429 950 feliciter
1451 911 1583 962 adeo,
1607 917 1657 951 ut
1678 911 1737 951 ad
1757 923 1923 963 pauco-

285 992 389 1020 rum
421 982 686 1032 exemplum
719 982 984 1033 complures
1015 992 1100 1021 sua
1127 987 1292 1033 sponte
1328 989 1574 1033 corruptos
1608 983 1711 1022 illos
1746 983 1922 1023 libellos

287 1052 538 1092 obtulerint
559 1053 789 1104 planeque
811 1053 1136 1103 consignarint
1155 1053 1553 1104 praeceptoribus.
1579 1053 1682 1104 Qua
1703 1054 1750 1093 in
1771 1065 1820 1094 re
1845 1066 1921 1094 no-

290 1124 361 1163 bis
382 1124 612 1175 voluptati
632 1124 717 1164 fuit
739 1136 932 1164 cernere
954 1124 1077 1176 quod
1099 1130 1291 1165 ornatos
1312 1125 1504 1176 egregie
1526 1125 1711 1166 codices
1738 1131 1783 1165 et
1811 1137 1926 1166 auro

285 1195 484 1235 vestitos
518 1201 676 1236 tamen
709 1196 806 1247 igni
833 1196 1088 1236 tradendos
1119 1196 1356 1236 adferrent
1389 1197 1499 1236 laeti
1534 1197 1752 1248 illamque
1779 1197 1923 1249 jactu-

285 1278 388 1306 ram
408 1278 601 1307 suarum
621 1278 778 1307 rerum
798 1267 931 1307 nihili
952 1267 1188 1307 ducerent.
1213 1267 1432 1308 Nonnulli
1453 1279 1568 1308 vero
1597 1268 1664 1308 sic
1693 1269 1921 1309 acclama-

285 1337 398 1377 bant
420 1349 526 1378 cum
546 1338 742 1390 gaudio:
767 1338 958 1390 Luther‚
982 1338 1172 1390 Luther,
1202 1339 1329 1379 velut
1359 1339 1618 1379 vindictam
1650 1345 1923 1391 expetentes

285 1407 341 1448 de
374 1409 576 1460 pessimo
612 1410 925 1450 haeresiarca.
966 1409 1094 1461 Quos
1124 1409 1360 1451 tradidere
1394 1410 1534 1450 libelli
1560 1422 1656 1450 non
1684 1411 1838 1451 minus
1868 1411 1923 1451 50

284 1480 470 1520 fuerunt
504 1487 642 1533 atque
678 1481 742 1521 ita
777 1481 1003 1532 paulatim
1037 1482 1158 1522 male
1193 1482 1317 1533 apud
1356 1494 1526 1534 pueros
1566 1483 1728 1523 audire
1768 1484 1923 1535 coepit

285 1551 478 1592 Lutheri
500 1553 739 1604 ipsiusque
768 1542 1056 1593 sectatorum
1085 1565 1278 1605 nomen;
1310 1565 1451 1605 quam
1481 1566 1580 1594 rem
1609 1566 1702 1594 non
1735 1555 1924 1595 omnino

284 1624 555 1674 parentibus
578 1624 824 1676 displicere
846 1625 960 1665 satis
982 1625 1300 1676 intelligimus.
1334 1625 1390 1665 Et
1410 1625 1620 1677 plerique
1643 1637 1754 1666 sane
1776 1626 1920 1675 cives,

285 1706 483 1745 quorum
504 1696 637 1746 pueri
658 1695 735 1736 hic
756 1695 1074 1747 instituuntur,
1110 1708 1216 1736 cum
1242 1696 1402 1736 vident
1431 1707 1516 1736 nos
1543 1696 1658 1736 nihil
1692 1697 1922 1737 mercedis

285 1766 508 1818 recipere,
534 1778 583 1806 se
603 1772 727 1807 totos
747 1767 1082 1807 humanissime
1105 1767 1323 1818 offerunt,
1347 1767 1386 1807 si
1407 1779 1498 1819 qua
1519 1768 1567 1807 in
1587 1779 1637 1808 re
1658 1768 1794 1808 nobis
1817 1780 1922 1821 pro-

286 1837 419 1877 desse
441 1838 646 1878 valeant.
671 1838 846 1878 Eorum
868 1850 987 1879 unus
1007 1845 1057 1878 ut
1079 1839 1222 1879 animi
1244 1839 1316 1878 sui
1345 1839 1722 1879 benevolentiam
1754 1840 1927 1880 certius

288 1909 572 1960 declararet,
598 1910 657 1950 ad
679 1910 882 1961 aliquem
903 1915 1173 1950 nostrorum
1194 1910 1453 1950 amicorum
1470 1911 1691 1961 accessit,
1717 1911 1924 1951 studiose

286 1980 579 2031 investigans
600 1992 691 2032 qua
713 1986 871 2032 posset
894 1981 970 2021 via
992 1981 1166 2021 nostris
1193 1981 1473 2032 gratificari,
1498 1994 1547 2022 se
1571 1983 1759 2033 quidem
1792 1994 1924 2034 para-

286 2057 399 2099 tum,
424 2052 648 2103 quoniam
669 2052 894 2104 pecunias
915 2064 1263 2104 recusaremus,
1288 2065 1495 2105 pannum
1522 2066 1607 2105 pro
1633 2054 1926 2094 vestimentis

286 2124 587 2174 suppeditare
621 2125 696 2164 vel
725 2124 817 2164 alia
845 2122 1124 2174 hujusmodi.
1159 2124 1277 2164 Tum
1305 2136 1364 2164 ex
1392 2125 1692 2176 optimatibus
1717 2125 1852 2176 juxta
1882 2130 1926 2165 et

286 2195 418 2245 plebe
452 2195 641 2235 minime
676 2196 864 2245 desunt,
902 2195 979 2246 qui
1013 2196 1185 2247 optime
1222 2196 1278 2236 de
1312 2197 1446 2236 nobis
1482 2197 1672 2248 mereri,
1714 2203 1926 2237 nostram

287 2266 462 2306 famam
482 2267 603 2306 tueri
624 2272 763 2318 atque
785 2278 975 2307 movere
1000 2266 1010 2285 ¹
1032 2266 1271 2318 studeant,
1297 2274 1341 2307 et
1368 2267 1488 2307 inter
1510 2268 1596 2308 hos
1622 2268 1784 2319 etiam,
1810 2280 1927 2320 quos

286 2338 421 2377 nobis
442 2338 646 2378 maxime
667 2338 948 2389 putabamus
969 2338 1198 2389 offensos,
1229 2351 1323 2379 non
1350 2339 1489 2391 pauci
1517 2339 1790 2380 amicissimi
1812 2339 1926 2380 fiunt

289 2421 565 2461 omnemque
588 2422 723 2450 suam
744 2422 937 2461 operam
958 2410 1004 2450 in
1026 2410 1191 2450 studiis
1212 2411 1386 2450 nostris
1407 2411 1740 2462 promovendis
1766 2411 1924 2452 huma-

288 2481 408 2521 niter
438 2481 673 2521 exhibent.
711 2480 782 2521 De
811 2481 969 2532 pueris
997 2487 1153 2521 autem
1183 2481 1272 2521 hoc
1300 2482 1490 2533 insuper
1519 2482 1669 2522 habeo
1705 2481 1924 2533 adjicere:

289 2563 513 2604 magnum
543 2553 646 2592 illos
667 2552 929 2604 profectum
951 2552 997 2592 in
1019 2564 1202 2592 morum
1229 2553 1555 2593 emendatione
1584 2553 1756 2594 facere.
1788 2553 1922 2594 Prae-

289 2631 417 2663 terea
435 2635 539 2664 cum
557 2629 692 2663 extra
714 2635 892 2664 morem
914 2635 1099 2664 omnem
1121 2629 1243 2664 esset
1265 2624 1468 2674 positum
1489 2630 1538 2664 ut
1561 2624 1620 2664 ad
1641 2624 1814 2665 Christi
1837 2624 1924 2664 Na-

289 2696 430 2735 talem
450 2702 646 2746 peccata
669 2694 1016 2745 confiterentur,
1036 2705 1159 2734 nunc
1183 2695 1386 2746 plurimi,
1409 2707 1503 2735 non
1529 2695 1740 2735 confiteri
1768 2695 1923 2746 modo,

290 2766 371 2806 sed
393 2766 533 2806 etiam
554 2777 741 2806 sacram
763 2765 981 2817 synaxim
1003 2777 1188 2806 sumere
1209 2766 1504 2818 inceperunt3
1528 2767 1667 2818 idque
1687 2778 1783 2806 non
1810 2767 1925 2807 invi-

291 2837 350 2877 tis
372 2838 579 2888 ipsorum
600 2837 892 2888 parentibus;
917 2848 1035 2888 quae
1057 2848 1132 2876 res
1153 2837 1344 2888 reliquis
1365 2837 1554 2877 tandem
1585 2837 1827 2888 studiosis,
1859 2838 1927 2877 uti

292 2919 556 2959 speramus,
594 2920 817 2960 magnam
844 2913 914 2947 est
941 2908 1153 2959 paritura
1179 2913 1223 2948 et
1254 2908 1576 2949 confusionem
1607 2915 1650 2949 et
1684 2909 1924 2960 pudorem;

348 3068 358 3088 ¹
398 3068 464 3103 Sic;
481 3069 568 3097 forte
585 3077 625 3098 ac
637 3073 857 3104 promovere.
