2168 3437
343 263 413 300 (566
859 258 1088 296 LITTERAE
1115 268 1474 301 QUADRIMESTRES

342 358 637 409 dignaberis,
676 369 703 396 a
738 366 938 408 quorum
980 355 1220 396 consortio
1261 367 1335 396 me
1371 355 1615 406 indignum
1651 367 1708 395 ac
1742 355 1983 406 ingratum

344 429 518 471 Christi
538 428 779 480 famulum,
803 429 863 469 ob
884 440 1024 480 quem
1052 427 1172 468 forte
1200 433 1304 467 orta
1325 433 1394 467 est
1417 427 1570 467 omnis
1590 432 1870 478 tempestas,
1894 437 1982 477 me,

340 502 550 552 inquam,
590 500 791 540 caeteris
826 499 1131 540 infirmiorem
1167 498 1352 538 excludi
1388 497 1577 538 minime
1611 497 1826 549 patieris,
1871 491 1983 549 quin

339 572 494 624 potius
514 571 806 611 orationibus
827 571 919 611 tuis
942 569 1258 611 consolidabis
1278 575 1418 621 atque
1439 569 1668 621 perficies.
1691 568 1836 609 Filios
1857 574 1979 620 tuos,

338 644 385 683 in
425 643 633 694 signum,
671 642 746 682 cui
781 641 1140 692 contradicitur,
1177 641 1370 692 positos,
1406 640 1625 681 Patribus
1659 639 1979 692 fratribusque

340 715 444 755 istic
465 713 715 765 agentibus
737 713 947 754 studiose
971 712 1304 753 commendare
1324 712 1542 764 placebit.

418 785 635 826 Lutetiae
662 784 971 834 Parisiorum,
1003 796 1027 824 e
1055 784 1194 824 domo
1216 783 1606 833 Claramontana,
1642 783 1743 835 ipsa
1775 782 1983 822 Domini-

340 869 422 898 cae
443 856 750 898 Ascensionis
770 856 1066 896 solemnitate
1091 855 1206 895 1554.

419 928 502 969 Ex
522 927 852 968 commis-stone
873 926 926 967 R.
951 927 1001 967 Ρ.
1026 926 1271 967 Paschasii
1288 927 1443 967 Broet.

418 998 725 1040 Reverendae
747 998 1055 1039 paternitatis
1076 1004 1186 1039 tuae
1208 998 1428 1038 minimus
1451 998 1497 1037 in
1519 997 1706 1038 Christo
1723 997 1844 1037 filius

419 1083 475 1112 ac
496 1082 664 1111 servus
686 1070 1065 1122 indignissimus,

837 1211 1084 1252 ROBERTUS
1115 1210 1452 1261 CLAYssONqu,
1486 1211 1761 1252 BRUGENSLs.

419 1427 773 1480 superscriptio
794 1426 845 1466 in
867 1431 1042 1478 quarta
1065 1426 1281 1478 pagina:
1307 1425 1409 1466 R.d0
1432 1426 1479 1466 in
1501 1425 1687 1467 Christo
1712 1426 1863 1477 Patri,
1887 1426 1981 1466 Do-

340 1501 465 1540 mino
487 1499 670 1551 Ignatio
693 1497 750 1538 de
771 1497 973 1550 Loyola,
1004 1497 1280 1549 Praeposito
1312 1497 1533 1538 Generali
1563 1495 1815 1537 Societatis
1837 1497 1980 1537 nomi-

338 1572 411 1612 nis
431 1571 565 1625 Jesu,
588 1570 637 1610 in
658 1568 853 1610 aedibus
873 1568 999 1610 Stae.
1024 1568 1177 1609 Maria
1199 1568 1255 1609 de
1276 1568 1321 1608 la
1345 1567 1531 1609 Strada.
1844 1578 1849 1583 ·

418 1642 610 1683 Romae.

418 1713 530 1754 Alsa
551 1724 725 1753 manu:
750 1711 866 1763 1554,
891 1711 1072 1763 Parigi,
1099 1711 1152 1763 Q.
1179 1712 1253 1752 del
1273 1711 1481 1764 Maggio.

430 1783 693 1834 Vestigz'zmz
715 1794 848 1823 cerae
868 1786 911 1822 et
934 1782 1105 1834 sigilli.
