<?xml version="1.0" encoding="UTF-8"?>
<!DOCTYPE html PUBLIC "-//W3C//DTD XHTML 1.0 Transitional//EN"
    "http://www.w3.org/TR/xhtml1/DTD/xhtml1-transitional.dtd">
<html xmlns="http://www.w3.org/1999/xhtml" xml:lang="en" lang="en">
 <head>
  <title>
</title>
<meta http-equiv="Content-Type" content="text/html;charset=utf-8" />
  <meta name='ocr-system' content='tesseract 3.04.00' />
  <meta name='ocr-capabilities' content='ocr_page ocr_carea ocr_par ocr_line ocrx_word'/>
</head>
<body>
  <div class='ocr_page' id='page_1' title='image "./litteraequadrime1402lain_0528.png"; bbox 0 0 2168 3437; ppageno 0'>
   <div class='ocr_carea' id='block_1_1' title="bbox 354 272 1486 315">
    <p class='ocr_par' dir='ltr' id='par_1_1' title="bbox 354 272 1486 315">
     <span class='ocr_line' id='line_1_1' title="bbox 354 272 1486 315; baseline 0.001 -6"><span class='ocrx_word' id='word_1_1' title='bbox 354 273 427 309; x_wconf 79' lang='grc'>524</span> <span class='ocrx_word' id='word_1_2' title='bbox 871 272 1102 309; x_wconf 84' lang='lat' dir='ltr'>LlTTERAE</span> <span class='ocrx_word' id='word_1_3' title='bbox 1129 283 1486 315; x_wconf 83' lang='lat' dir='ltr'><strong>QUADRIMESTRES</strong></span> 
     </span>
    </p>
   </div>
   <div class='ocr_carea' id='block_1_2' title="bbox 1048 724 1304 778">
    <p class='ocr_par' dir='ltr' id='par_1_2' title="bbox 1048 724 1304 778">
     <span class='ocr_line' id='line_1_2' title="bbox 1048 724 1304 778; baseline -0.008 0"><span class='ocrx_word' id='word_1_4' title='bbox 1048 724 1304 778; x_wconf 81' lang='lat' dir='ltr'>GGLXX</span> 
     </span>
    </p>
   </div>
   <div class='ocr_carea' id='block_1_3' title="bbox 426 951 1170 1130">
    <p class='ocr_par' dir='ltr' id='par_1_3' title="bbox 426 951 1170 1130">
     <span class='ocr_line' id='line_1_3' title="bbox 426 951 918 990; baseline 0 -1"><span class='ocrx_word' id='word_1_5' title='bbox 426 953 469 989; x_wconf 78' lang='lat' dir='ltr'>P.</span> <span class='ocrx_word' id='word_1_6' title='bbox 492 951 723 990; x_wconf 85' lang='lat' dir='ltr'>Arnoldus</span> <span class='ocrx_word' id='word_1_7' title='bbox 741 952 918 990; x_wconf 88' lang='lat' dir='ltr'>Hezeus</span> 
     </span>
     <span class='ocr_line' id='line_1_4' title="bbox 472 1017 1064 1066; baseline 0 -11"><span class='ocrx_word' id='word_1_8' title='bbox 472 1018 593 1055; x_wconf 85' lang='lat' dir='ltr'>Patri</span> <span class='ocrx_word' id='word_1_9' title='bbox 612 1017 782 1065; x_wconf 82' lang='lat' dir='ltr'>Ignatio</span> <span class='ocrx_word' id='word_1_10' title='bbox 803 1018 855 1055; x_wconf 89' lang='lat' dir='ltr'>de</span> <span class='ocrx_word' id='word_1_11' title='bbox 875 1017 1064 1066; x_wconf 87' lang='lat' dir='ltr'>Loyola.</span> 
     </span>
     <span class='ocr_line' id='line_1_5' title="bbox 518 1083 1170 1130; baseline -0.003 -9"><span class='ocrx_word' id='word_1_12' title='bbox 518 1084 731 1130; x_wconf 88' lang='lat' dir='ltr'>Lovanio‚</span> <span class='ocrx_word' id='word_1_13' title='bbox 753 1083 797 1120; x_wconf 92' lang='lat'>10</span> <span class='ocrx_word' id='word_1_14' title='bbox 815 1084 1015 1130; x_wconf 85' lang='lat' dir='ltr'>Januarii</span> <span class='ocrx_word' id='word_1_15' title='bbox 1033 1083 1125 1121; x_wconf 77' lang='lat'>1554</span> <span class='ocrx_word' id='word_1_16' title='bbox 1145 1084 1170 1119; x_wconf 91' lang='lat'>¹.</span> 
     </span>
    </p>
   </div>
   <div class='ocr_carea' id='block_1_4' title="bbox 344 1275 1992 2984">
    <p class='ocr_par' dir='ltr' id='par_1_4' title="bbox 431 1275 1499 1346">
     <span class='ocr_line' id='line_1_6' title="bbox 431 1275 1499 1346; baseline -0.001 -12"><span class='ocrx_word' id='word_1_17' title='bbox 431 1294 502 1334; x_wconf 87' lang='lat' dir='ltr'>Ex</span> <span class='ocrx_word' id='word_1_18' title='bbox 521 1275 669 1334; x_wconf 76' lang='lat' dir='ltr'>literis</span> <span class='ocrx_word' id='word_1_19' title='bbox 691 1293 794 1333; x_wconf 90' lang='lat' dir='ltr'>aliis</span> <span class='ocrx_word' id='word_1_20' title='bbox 816 1293 1048 1344; x_wconf 87' lang='lat' dir='ltr'>eiusdem,</span> <span class='ocrx_word' id='word_1_21' title='bbox 1078 1293 1126 1332; x_wconf 83' lang='lat'>10</span> <span class='ocrx_word' id='word_1_22' title='bbox 1144 1293 1359 1346; x_wconf 81' lang='lat' dir='ltr'>Januarii</span> <span class='ocrx_word' id='word_1_23' title='bbox 1384 1293 1499 1333; x_wconf 78' lang='lat'>1554.</span> 
     </span>
    </p>

    <p class='ocr_par' dir='ltr' id='par_1_5' title="bbox 347 1365 1992 2272">
     <span class='ocr_line' id='line_1_7' title="bbox 430 1365 1992 1416; baseline 0.001 -11"><span class='ocrx_word' id='word_1_24' title='bbox 430 1365 481 1406; x_wconf 88' lang='lat' dir='ltr'>In</span> <span class='ocrx_word' id='word_1_25' title='bbox 503 1365 875 1406; x_wconf 79' lang='lat' dir='ltr'>confessionibus</span> <span class='ocrx_word' id='word_1_26' title='bbox 897 1365 1163 1416; x_wconf 89' lang='lat' dir='ltr'>audiendis,</span> <span class='ocrx_word' id='word_1_27' title='bbox 1189 1365 1495 1405; x_wconf 83' lang='lat' dir='ltr'>concionibus</span> <span class='ocrx_word' id='word_1_28' title='bbox 1517 1370 1561 1405; x_wconf 91' lang='lat' dir='ltr'>et</span> <span class='ocrx_word' id='word_1_29' title='bbox 1588 1371 1992 1406; x_wconf 86' lang='lat' dir='ltr'>sacramentorum</span> 
     </span>
     <span class='ocr_line' id='line_1_8' title="bbox 350 1435 1989 1489; baseline 0.001 -13"><span class='ocrx_word' id='word_1_30' title='bbox 350 1435 836 1476; x_wconf 77' lang='lat' dir='ltr'>administrationibus</span> <span class='ocrx_word' id='word_1_31' title='bbox 858 1436 1072 1476; x_wconf 90' lang='lat' dir='ltr'>eumdem</span> <span class='ocrx_word' id='word_1_32' title='bbox 1094 1435 1278 1486; x_wconf 83' lang='lat' dir='ltr'>ordine,</span> <span class='ocrx_word' id='word_1_33' title='bbox 1304 1447 1442 1487; x_wconf 89' lang='lat' dir='ltr'>quem</span> <span class='ocrx_word' id='word_1_34' title='bbox 1463 1436 1781 1487; x_wconf 83' lang='lat' dir='ltr'>superioribus</span> <span class='ocrx_word' id='word_1_35' title='bbox 1803 1437 1989 1489; x_wconf 85' lang='lat' dir='ltr'>quadri-</span> 
     </span>
     <span class='ocr_line' id='line_1_9' title="bbox 353 1507 1988 1559; baseline 0.001 -11"><span class='ocrx_word' id='word_1_36' title='bbox 353 1508 603 1548; x_wconf 87' lang='lat' dir='ltr'>mestribus</span> <span class='ocrx_word' id='word_1_37' title='bbox 625 1508 772 1548; x_wconf 90' lang='lat' dir='ltr'>literis</span> <span class='ocrx_word' id='word_1_38' title='bbox 794 1507 1186 1558; x_wconf 88' lang='lat' dir='ltr'>significauimus‚</span> <span class='ocrx_word' id='word_1_39' title='bbox 1217 1508 1459 1559; x_wconf 90' lang='lat' dir='ltr'>hucusque</span> <span class='ocrx_word' id='word_1_40' title='bbox 1494 1507 1823 1559; x_wconf 87' lang='lat' dir='ltr'>obseruamus;</span> <span class='ocrx_word' id='word_1_41' title='bbox 1861 1515 1904 1548; x_wconf 92' lang='lat' dir='ltr'>et</span> <span class='ocrx_word' id='word_1_42' title='bbox 1933 1509 1988 1549; x_wconf 92' lang='lat' dir='ltr'>si-</span> 
     </span>
     <span class='ocr_line' id='line_1_10' title="bbox 351 1578 1990 1631; baseline 0.001 -12"><span class='ocrx_word' id='word_1_43' title='bbox 351 1579 539 1631; x_wconf 77' lang='lat' dir='ltr'>quando</span> <span class='ocrx_word' id='word_1_44' title='bbox 575 1579 655 1619; x_wconf 88' lang='lat' dir='ltr'>uni</span> <span class='ocrx_word' id='word_1_45' title='bbox 691 1579 751 1619; x_wconf 92' lang='lat' dir='ltr'>ad</span> <span class='ocrx_word' id='word_1_46' title='bbox 786 1579 885 1619; x_wconf 90' lang='lat' dir='ltr'>dies</span> <span class='ocrx_word' id='word_1_47' title='bbox 922 1579 1099 1631; x_wconf 87' lang='lat' dir='ltr'>aliquot</span> <span class='ocrx_word' id='word_1_48' title='bbox 1135 1578 1593 1619; x_wconf 87' lang='lat' dir='ltr'>inte1·mittendarum</span> <span class='ocrx_word' id='word_1_49' title='bbox 1629 1579 1990 1631; x_wconf 89' lang='lat' dir='ltr'>confessionum,</span> 
     </span>
     <span class='ocr_line' id='line_1_11' title="bbox 349 1650 1991 1702; baseline 0.001 -12"><span class='ocrx_word' id='word_1_50' title='bbox 349 1662 431 1702; x_wconf 88' lang='lat' dir='ltr'>per</span> <span class='ocrx_word' id='word_1_51' title='bbox 453 1651 644 1691; x_wconf 89' lang='lat' dir='ltr'>alterius</span> <span class='ocrx_word' id='word_1_52' title='bbox 666 1662 957 1701; x_wconf 89' lang='lat' dir='ltr'>successum,</span> <span class='ocrx_word' id='word_1_53' title='bbox 983 1650 1271 1690; x_wconf 82' lang='lat' dir='ltr'>concedatur</span> <span class='ocrx_word' id='word_1_54' title='bbox 1292 1650 1514 1701; x_wconf 87' lang='lat' dir='ltr'>facultas,</span> <span class='ocrx_word' id='word_1_55' title='bbox 1534 1656 1583 1690; x_wconf 89' lang='lat' dir='ltr'>ut</span> <span class='ocrx_word' id='word_1_56' title='bbox 1602 1651 1991 1692; x_wconf 86' lang='lat' dir='ltr'>circumiacentes</span> 
     </span>
     <span class='ocr_line' id='line_1_12' title="bbox 353 1721 1991 1773; baseline 0.001 -12"><span class='ocrx_word' id='word_1_57' title='bbox 353 1722 594 1761; x_wconf 77' lang='lat' dir='ltr'>visitemus</span> <span class='ocrx_word' id='word_1_58' title='bbox 616 1721 856 1771; x_wconf 90' lang='lat' dir='ltr'>ciuitates,</span> <span class='ocrx_word' id='word_1_59' title='bbox 881 1732 1032 1773; x_wconf 84' lang='lat' dir='ltr'>pagos</span> <span class='ocrx_word' id='word_1_60' title='bbox 1060 1732 1115 1761; x_wconf 89' lang='lat' dir='ltr'>ac</span> <span class='ocrx_word' id='word_1_61' title='bbox 1143 1721 1301 1772; x_wconf 86' lang='lat' dir='ltr'>villas,</span> <span class='ocrx_word' id='word_1_62' title='bbox 1333 1721 1433 1761; x_wconf 89' lang='lat' dir='ltr'>sive</span> <span class='ocrx_word' id='word_1_63' title='bbox 1471 1722 1527 1761; x_wconf 94' lang='lat' dir='ltr'>ob</span> <span class='ocrx_word' id='word_1_64' title='bbox 1558 1722 1889 1763; x_wconf 89' lang='lat' dir='ltr'>necessitatem</span> <span class='ocrx_word' id='word_1_65' title='bbox 1916 1735 1991 1763; x_wconf 94' lang='lat' dir='ltr'>ne-</span> 
     </span>
     <span class='ocr_line' id='line_1_13' title="bbox 349 1792 1988 1844; baseline 0.001 -11"><span class='ocrx_word' id='word_1_66' title='bbox 349 1793 612 1844; x_wconf 87' lang='lat' dir='ltr'>gotiorum,</span> <span class='ocrx_word' id='word_1_67' title='bbox 636 1804 755 1844; x_wconf 90' lang='lat' dir='ltr'>quae</span> <span class='ocrx_word' id='word_1_68' title='bbox 777 1793 824 1833; x_wconf 93' lang='lat' dir='ltr'>in</span> <span class='ocrx_word' id='word_1_69' title='bbox 846 1792 1182 1844; x_wconf 81' lang='lat' dir='ltr'>temporalibus</span> <span class='ocrx_word' id='word_1_70' title='bbox 1204 1792 1479 1844; x_wconf 84' lang='lat' dir='ltr'>exequenda</span> <span class='ocrx_word' id='word_1_71' title='bbox 1502 1799 1777 1843; x_wconf 86' lang='lat' dir='ltr'>occurrunt,</span> <span class='ocrx_word' id='word_1_72' title='bbox 1803 1806 1916 1834; x_wconf 91' lang='lat' dir='ltr'>sane</span> <span class='ocrx_word' id='word_1_73' title='bbox 1939 1800 1988 1835; x_wconf 92' lang='lat' dir='ltr'>ut</span> 
     </span>
     <span class='ocr_line' id='line_1_14' title="bbox 350 1863 1989 1916; baseline 0.001 -12"><span class='ocrx_word' id='word_1_74' title='bbox 350 1864 667 1915; x_wconf 83' lang='lat' dir='ltr'>expetentium</span> <span class='ocrx_word' id='word_1_75' title='bbox 689 1863 909 1904; x_wconf 88' lang='lat' dir='ltr'>studiosis</span> <span class='ocrx_word' id='word_1_76' title='bbox 927 1863 1208 1915; x_wconf 86' lang='lat' dir='ltr'>quandoque</span> <span class='ocrx_word' id='word_1_77' title='bbox 1230 1863 1578 1904; x_wconf 86' lang='lat' dir='ltr'>satisfaciamus</span> <span class='ocrx_word' id='word_1_78' title='bbox 1596 1864 1853 1916; x_wconf 81' lang='lat' dir='ltr'>desideriis,</span> <span class='ocrx_word' id='word_1_79' title='bbox 1875 1878 1989 1906; x_wconf 91' lang='lat' dir='ltr'>nun-</span> 
     </span>
     <span class='ocr_line' id='line_1_15' title="bbox 349 1935 1989 1989; baseline 0.001 -14"><span class='ocrx_word' id='word_1_80' title='bbox 349 1947 490 1987; x_wconf 87' lang='lat' dir='ltr'>quam</span> <span class='ocrx_word' id='word_1_81' title='bbox 505 1935 659 1975; x_wconf 88' lang='lat' dir='ltr'>fructu</span> <span class='ocrx_word' id='word_1_82' title='bbox 676 1935 842 1986; x_wconf 88' lang='lat' dir='ltr'>spuali.</span> <span class='ocrx_word' id='word_1_83' title='bbox 864 1935 1052 1975; x_wconf 91' lang='lat' dir='ltr'>domum</span> <span class='ocrx_word' id='word_1_84' title='bbox 1069 1947 1248 1975; x_wconf 84' lang='lat' dir='ltr'>vacuos</span> <span class='ocrx_word' id='word_1_85' title='bbox 1264 1935 1436 1975; x_wconf 89' lang='lat' dir='ltr'>reuerti</span> <span class='ocrx_word' id='word_1_86' title='bbox 1454 1936 1704 1987; x_wconf 79' lang='lat' dir='ltr'>contingit,</span> <span class='ocrx_word' id='word_1_87' title='bbox 1726 1937 1847 1988; x_wconf 89' lang='lat' dir='ltr'>quod</span> <span class='ocrx_word' id='word_1_88' title='bbox 1860 1935 1989 1989; x_wconf 89' lang='lat' dir='ltr'>[non]</span> 
     </span>
     <span class='ocr_line' id='line_1_16' title="bbox 350 2006 1991 2058; baseline 0.001 -11"><span class='ocrx_word' id='word_1_89' title='bbox 350 2008 576 2058; x_wconf 82' lang='lat' dir='ltr'>exiguum</span> <span class='ocrx_word' id='word_1_90' title='bbox 598 2007 855 2047; x_wconf 85' lang='lat' dir='ltr'>immensae</span> <span class='ocrx_word' id='word_1_91' title='bbox 878 2007 1123 2047; x_wconf 86' lang='lat' dir='ltr'>charitatis</span> <span class='ocrx_word' id='word_1_92' title='bbox 1145 2006 1271 2047; x_wconf 89' lang='lat' dir='ltr'>Chri.</span> <span class='ocrx_word' id='word_1_93' title='bbox 1296 2018 1411 2058; x_wconf 85' lang='lat' dir='ltr'>erga</span> <span class='ocrx_word' id='word_1_94' title='bbox 1428 2007 1549 2047; x_wconf 88' lang='lat' dir='ltr'>hanc</span> <span class='ocrx_word' id='word_1_95' title='bbox 1569 2019 1702 2047; x_wconf 85' lang='lat' dir='ltr'>suam</span> <span class='ocrx_word' id='word_1_96' title='bbox 1719 2009 1991 2049; x_wconf 89' lang='lat' dir='ltr'>societatem</span> 
     </span>
     <span class='ocr_line' id='line_1_17' title="bbox 348 2077 1986 2130; baseline 0.001 -12"><span class='ocrx_word' id='word_1_97' title='bbox 348 2085 418 2119; x_wconf 89' lang='lat' dir='ltr'>est</span> <span class='ocrx_word' id='word_1_98' title='bbox 438 2079 684 2129; x_wconf 87' lang='lat' dir='ltr'>indicium,</span> <span class='ocrx_word' id='word_1_99' title='bbox 708 2090 849 2130; x_wconf 89' lang='lat' dir='ltr'>quam</span> <span class='ocrx_word' id='word_1_100' title='bbox 870 2077 994 2118; x_wconf 90' lang='lat' dir='ltr'>haud</span> <span class='ocrx_word' id='word_1_101' title='bbox 1017 2089 1153 2118; x_wconf 89' lang='lat' dir='ltr'>secus</span> <span class='ocrx_word' id='word_1_102' title='bbox 1174 2090 1229 2118; x_wconf 90' lang='lat' dir='ltr'>ac</span> <span class='ocrx_word' id='word_1_103' title='bbox 1251 2084 1449 2118; x_wconf 86' lang='lat' dir='ltr'>matrem</span> <span class='ocrx_word' id='word_1_104' title='bbox 1471 2090 1594 2119; x_wconf 91' lang='lat' dir='ltr'>nouo</span> <span class='ocrx_word' id='word_1_105' title='bbox 1610 2078 1737 2119; x_wconf 86' lang='lat' dir='ltr'>foetu</span> <span class='ocrx_word' id='word_1_106' title='bbox 1755 2080 1986 2120; x_wconf 89' lang='lat' dir='ltr'>uberioris</span> 
     </span>
     <span class='ocr_line' id='line_1_18' title="bbox 347 2150 1989 2203; baseline 0.001 -13"><span class='ocrx_word' id='word_1_107' title='bbox 347 2150 530 2190; x_wconf 90' lang='lat' dir='ltr'>fructus</span> <span class='ocrx_word' id='word_1_108' title='bbox 558 2150 731 2201; x_wconf 91' lang='lat' dir='ltr'>ubique</span> <span class='ocrx_word' id='word_1_109' title='bbox 765 2150 977 2201; x_wconf 90' lang='lat' dir='ltr'>gentium</span> <span class='ocrx_word' id='word_1_110' title='bbox 1007 2150 1181 2201; x_wconf 88' lang='lat' dir='ltr'>gaudio</span> <span class='ocrx_word' id='word_1_111' title='bbox 1217 2161 1468 2199; x_wconf 88' lang='lat' dir='ltr'>coronare,</span> <span class='ocrx_word' id='word_1_112' title='bbox 1507 2150 1592 2190; x_wconf 89' lang='lat' dir='ltr'>sub</span> <span class='ocrx_word' id='word_1_113' title='bbox 1628 2161 1804 2202; x_wconf 89' lang='lat' dir='ltr'>suoque</span> <span class='ocrx_word' id='word_1_114' title='bbox 1839 2158 1989 2203; x_wconf 91' lang='lat' dir='ltr'>prote-</span> 
     </span>
     <span class='ocr_line' id='line_1_19' title="bbox 347 2220 1210 2272; baseline -0.002 -11"><span class='ocrx_word' id='word_1_115' title='bbox 347 2221 514 2261; x_wconf 90' lang='lat' dir='ltr'>ctionis</span> <span class='ocrx_word' id='word_1_116' title='bbox 535 2221 771 2272; x_wconf 84' lang='lat' dir='ltr'>praesidio</span> <span class='ocrx_word' id='word_1_117' title='bbox 793 2220 953 2260; x_wconf 83' lang='lat' dir='ltr'>fouere</span> <span class='ocrx_word' id='word_1_118' title='bbox 976 2220 1210 2271; x_wconf 82' lang='lat' dir='ltr'>dignetur.</span> 
     </span>
    </p>

    <p class='ocr_par' dir='ltr' id='par_1_6' title="bbox 344 2291 1989 2984">
     <span class='ocr_line' id='line_1_20' title="bbox 425 2291 1989 2345; baseline 0.001 -13"><span class='ocrx_word' id='word_1_119' title='bbox 425 2292 695 2344; x_wconf 87' lang='lat' dir='ltr'>Requisitus</span> <span class='ocrx_word' id='word_1_120' title='bbox 732 2304 756 2331; x_wconf 89' lang='lat' dir='ltr'>a</span> <span class='ocrx_word' id='word_1_121' title='bbox 796 2292 997 2332; x_wconf 77' lang='lat' dir='ltr'>diversis</span> <span class='ocrx_word' id='word_1_122' title='bbox 1027 2304 1085 2332; x_wconf 82' lang='lat' dir='ltr'>ex</span> <span class='ocrx_word' id='word_1_123' title='bbox 1116 2291 1319 2343; x_wconf 89' lang='lat' dir='ltr'>quodam</span> <span class='ocrx_word' id='word_1_124' title='bbox 1346 2304 1520 2343; x_wconf 88' lang='lat' dir='ltr'>magno</span> <span class='ocrx_word' id='word_1_125' title='bbox 1556 2305 1701 2345; x_wconf 86' lang='lat' dir='ltr'>pago,</span> <span class='ocrx_word' id='word_1_126' title='bbox 1738 2294 1814 2334; x_wconf 91' lang='lat' dir='ltr'>ubi</span> <span class='ocrx_word' id='word_1_127' title='bbox 1844 2293 1989 2334; x_wconf 90' lang='lat' dir='ltr'>indul-</span> 
     </span>
     <span class='ocr_line' id='line_1_21' title="bbox 345 2363 1989 2415; baseline 0.001 -12"><span class='ocrx_word' id='word_1_128' title='bbox 345 2364 533 2414; x_wconf 90' lang='lat' dir='ltr'>gentiae</span> <span class='ocrx_word' id='word_1_129' title='bbox 556 2364 793 2415; x_wconf 85' lang='lat' dir='ltr'>plenariae</span> <span class='ocrx_word' id='word_1_130' title='bbox 816 2363 1004 2403; x_wconf 86' lang='lat' dir='ltr'>iubilaei</span> <span class='ocrx_word' id='word_1_131' title='bbox 1032 2363 1125 2403; x_wconf 89' lang='lat' dir='ltr'>iam</span> <span class='ocrx_word' id='word_1_132' title='bbox 1154 2374 1407 2403; x_wconf 89' lang='lat' dir='ltr'>concessae</span> <span class='ocrx_word' id='word_1_133' title='bbox 1438 2364 1584 2415; x_wconf 86' lang='lat' dir='ltr'>fuere,</span> <span class='ocrx_word' id='word_1_134' title='bbox 1618 2365 1677 2405; x_wconf 86' lang='lat' dir='ltr'>ad</span> <span class='ocrx_word' id='word_1_135' title='bbox 1708 2364 1989 2405; x_wconf 89' lang='lat' dir='ltr'>audiendum</span> 
     </span>
     <span class='ocr_line' id='line_1_22' title="bbox 345 2434 1987 2488; baseline 0.001 -13"><span class='ocrx_word' id='word_1_136' title='bbox 345 2435 516 2475; x_wconf 86' lang='lat' dir='ltr'>ibidem</span> <span class='ocrx_word' id='word_1_137' title='bbox 531 2434 1084 2485; x_wconf 88' lang='lat' dir='ltr'>confessiones,tandem</span> <span class='ocrx_word' id='word_1_138' title='bbox 1102 2440 1146 2474; x_wconf 91' lang='lat' dir='ltr'>et</span> <span class='ocrx_word' id='word_1_139' title='bbox 1163 2435 1264 2486; x_wconf 92' lang='lat' dir='ltr'>ipso</span> <span class='ocrx_word' id='word_1_140' title='bbox 1286 2435 1488 2475; x_wconf 89' lang='lat' dir='ltr'>instante</span> <span class='ocrx_word' id='word_1_141' title='bbox 1516 2442 1704 2487; x_wconf 90' lang='lat' dir='ltr'>pastore</span> <span class='ocrx_word' id='word_1_142' title='bbox 1733 2437 1843 2488; x_wconf 83' lang='lat' dir='ltr'>pagi</span> <span class='ocrx_word' id='word_1_143' title='bbox 1872 2437 1987 2476; x_wconf 92' lang='lat' dir='ltr'>eius-</span> 
     </span>
     <span class='ocr_line' id='line_1_23' title="bbox 346 2506 1986 2555; baseline 0.001 -9"><span class='ocrx_word' id='word_1_144' title='bbox 346 2507 402 2546; x_wconf 84' lang='lat' dir='ltr'>de</span> <span class='ocrx_word' id='word_1_145' title='bbox 447 2507 647 2555; x_wconf 85' lang='lat' dir='ltr'>accessi,</span> <span class='ocrx_word' id='word_1_146' title='bbox 689 2518 872 2546; x_wconf 87' lang='lat' dir='ltr'>necnon</span> <span class='ocrx_word' id='word_1_147' title='bbox 913 2506 1061 2546; x_wconf 89' lang='lat' dir='ltr'>tribus</span> <span class='ocrx_word' id='word_1_148' title='bbox 1101 2506 1332 2546; x_wconf 88' lang='lat' dir='ltr'>continuis</span> <span class='ocrx_word' id='word_1_149' title='bbox 1378 2507 1539 2547; x_wconf 89' lang='lat' dir='ltr'>diebus</span> <span class='ocrx_word' id='word_1_150' title='bbox 1586 2507 1648 2547; x_wconf 94' lang='lat' dir='ltr'>ibi</span> <span class='ocrx_word' id='word_1_151' title='bbox 1688 2507 1986 2548; x_wconf 85' lang='lat' dir='ltr'>confessioni-</span> 
     </span>
     <span class='ocr_line' id='line_1_24' title="bbox 344 2577 1988 2630; baseline 0.001 -12"><span class='ocrx_word' id='word_1_152' title='bbox 344 2578 431 2618; x_wconf 90' lang='lat' dir='ltr'>bus</span> <span class='ocrx_word' id='word_1_153' title='bbox 465 2578 710 2618; x_wconf 90' lang='lat' dir='ltr'>audiendis</span> <span class='ocrx_word' id='word_1_154' title='bbox 750 2578 934 2617; x_wconf 85' lang='lat' dir='ltr'>vacaui.</span> <span class='ocrx_word' id='word_1_155' title='bbox 972 2577 1156 2617; x_wconf 88' lang='lat' dir='ltr'>Interea</span> <span class='ocrx_word' id='word_1_156' title='bbox 1186 2579 1355 2617; x_wconf 89' lang='lat' dir='ltr'>multos</span> <span class='ocrx_word' id='word_1_157' title='bbox 1390 2578 1582 2618; x_wconf 78' lang='lat' dir='ltr'>varioru</span> <span class='ocrx_word' id='word_1_158' title='bbox 1616 2579 1790 2619; x_wconf 77' lang='lat' dir='ltr'>vitioru</span> <span class='ocrx_word' id='word_1_159' title='bbox 1827 2579 1873 2619; x_wconf 92' lang='lat' dir='ltr'>in</span> <span class='ocrx_word' id='word_1_160' title='bbox 1911 2591 1988 2630; x_wconf 90' lang='lat' dir='ltr'>po-</span> 
     </span>
     <span class='ocr_line' id='line_1_25' title="bbox 344 2648 1985 2700; baseline 0.001 -12"><span class='ocrx_word' id='word_1_161' title='bbox 344 2650 452 2700; x_wconf 92' lang='lat' dir='ltr'>pulo</span> <span class='ocrx_word' id='word_1_162' title='bbox 485 2649 692 2700; x_wconf 86' lang='lat' dir='ltr'>comperi</span> <span class='ocrx_word' id='word_1_163' title='bbox 722 2659 924 2699; x_wconf 86' lang='lat' dir='ltr'>regnare</span> <span class='ocrx_word' id='word_1_164' title='bbox 956 2648 1153 2698; x_wconf 79' lang='lat' dir='ltr'>abusuS‚</span> <span class='ocrx_word' id='word_1_165' title='bbox 1187 2654 1230 2688; x_wconf 92' lang='lat' dir='ltr'>et</span> <span class='ocrx_word' id='word_1_166' title='bbox 1261 2648 1486 2699; x_wconf 87' lang='lat' dir='ltr'>plurimos</span> <span class='ocrx_word' id='word_1_167' title='bbox 1518 2661 1612 2688; x_wconf 88' lang='lat' dir='ltr'>non</span> <span class='ocrx_word' id='word_1_168' title='bbox 1642 2655 1821 2690; x_wconf 86' lang='lat' dir='ltr'>tantum</span> <span class='ocrx_word' id='word_1_169' title='bbox 1853 2650 1985 2690; x_wconf 85' lang='lat' dir='ltr'>aesti-</span> 
     </span>
     <span class='ocr_line' id='line_1_26' title="bbox 344 2702 1989 2771; baseline 0.001 -11"><span class='ocrx_word' id='word_1_170' title='bbox 344 2702 525 2760; x_wconf 79' lang='lat' dir='ltr'>mantes</span> <span class='ocrx_word' id='word_1_171' title='bbox 570 2719 885 2771; x_wconf 86' lang='lat' dir='ltr'>indulgentias</span> <span class='ocrx_word' id='word_1_172' title='bbox 925 2724 974 2759; x_wconf 91' lang='lat' dir='ltr'>ut</span> <span class='ocrx_word' id='word_1_173' title='bbox 1014 2730 1098 2770; x_wconf 86' lang='lat' dir='ltr'>pro</span> <span class='ocrx_word' id='word_1_174' title='bbox 1139 2719 1229 2759; x_wconf 90' lang='lat' dir='ltr'>illis</span> <span class='ocrx_word' id='word_1_175' title='bbox 1267 2719 1607 2771; x_wconf 89' lang='lat' dir='ltr'>consequendis</span> <span class='ocrx_word' id='word_1_176' title='bbox 1655 2721 1862 2761; x_wconf 85' lang='lat' dir='ltr'>ieiunare</span> <span class='ocrx_word' id='word_1_177' title='bbox 1908 2727 1989 2761; x_wconf 86' lang='lat' dir='ltr'>aut</span> 
     </span>
     <span class='ocr_line' id='line_1_27' title="bbox 346 2790 1987 2844; baseline 0.001 -13"><span class='ocrx_word' id='word_1_178' title='bbox 346 2790 555 2831; x_wconf 87' lang='lat' dir='ltr'>confiteri</span> <span class='ocrx_word' id='word_1_179' title='bbox 593 2791 871 2841; x_wconf 87' lang='lat' dir='ltr'>voluissent,</span> <span class='ocrx_word' id='word_1_180' title='bbox 910 2790 1119 2830; x_wconf 90' lang='lat' dir='ltr'>dicentes</span> <span class='ocrx_word' id='word_1_181' title='bbox 1155 2802 1203 2830; x_wconf 90' lang='lat' dir='ltr'>se</span> <span class='ocrx_word' id='word_1_182' title='bbox 1234 2790 1454 2841; x_wconf 84' lang='lat' dir='ltr'>ignorare</span> <span class='ocrx_word' id='word_1_183' title='bbox 1483 2791 1591 2842; x_wconf 90' lang='lat' dir='ltr'>quid</span> <span class='ocrx_word' id='word_1_184' title='bbox 1620 2792 1712 2831; x_wconf 91' lang='lat' dir='ltr'>sint</span> <span class='ocrx_word' id='word_1_185' title='bbox 1748 2792 1987 2844; x_wconf 88' lang='lat' dir='ltr'>indulgen-</span> 
     </span>
     <span class='ocr_line' id='line_1_28' title="bbox 345 2861 1987 2913; baseline 0.001 -12"><span class='ocrx_word' id='word_1_186' title='bbox 345 2862 458 2912; x_wconf 89' lang='lat' dir='ltr'>tiae,</span> <span class='ocrx_word' id='word_1_187' title='bbox 483 2862 636 2902; x_wconf 90' lang='lat' dir='ltr'>solum</span> <span class='ocrx_word' id='word_1_188' title='bbox 656 2862 703 2902; x_wconf 93' lang='lat' dir='ltr'>in</span> <span class='ocrx_word' id='word_1_189' title='bbox 721 2867 968 2913; x_wconf 88' lang='lat' dir='ltr'>quaestum</span> <span class='ocrx_word' id='word_1_190' title='bbox 990 2861 1254 2901; x_wconf 86' lang='lat' dir='ltr'>redundare</span> <span class='ocrx_word' id='word_1_191' title='bbox 1275 2861 1595 2912; x_wconf 86' lang='lat' dir='ltr'>sacerdotum,</span> <span class='ocrx_word' id='word_1_192' title='bbox 1619 2868 1667 2902; x_wconf 93' lang='lat' dir='ltr'>ut</span> <span class='ocrx_word' id='word_1_193' title='bbox 1689 2863 1775 2902; x_wconf 90' lang='lat' dir='ltr'>sibi</span> <span class='ocrx_word' id='word_1_194' title='bbox 1796 2875 1853 2903; x_wconf 79' lang='lat' dir='ltr'>ex</span> <span class='ocrx_word' id='word_1_195' title='bbox 1882 2874 1987 2903; x_wconf 91' lang='lat' dir='ltr'>con-</span> 
     </span>
     <span class='ocr_line' id='line_1_29' title="bbox 344 2931 1983 2984; baseline 0.001 -13"><span class='ocrx_word' id='word_1_196' title='bbox 344 2931 647 2983; x_wconf 86' lang='lat' dir='ltr'>fessionibus,</span> <span class='ocrx_word' id='word_1_197' title='bbox 699 2944 816 2984; x_wconf 90' lang='lat' dir='ltr'>quas</span> <span class='ocrx_word' id='word_1_198' title='bbox 862 2932 1079 2982; x_wconf 89' lang='lat' dir='ltr'>audiunt,</span> <span class='ocrx_word' id='word_1_199' title='bbox 1129 2932 1432 2983; x_wconf 85' lang='lat' dir='ltr'>pecuniarum</span> <span class='ocrx_word' id='word_1_200' title='bbox 1481 2939 1686 2984; x_wconf 88' lang='lat' dir='ltr'>augeant</span> <span class='ocrx_word' id='word_1_201' title='bbox 1734 2935 1983 2974; x_wconf 87' lang='lat' dir='ltr'>cumulum·</span> 
     </span>
    </p>
   </div>
   <div class='ocr_carea' id='block_1_5' title="bbox 399 3092 1118 3128">
    <p class='ocr_par' dir='ltr' id='par_1_7' title="bbox 399 3092 1118 3128">
     <span class='ocr_line' id='line_1_30' title="bbox 399 3092 1118 3128; baseline -0.001 -9"><span class='ocrx_word' id='word_1_202' title='bbox 399 3092 408 3112; x_wconf 86' lang='lat'>¹</span> <span class='ocrx_word' id='word_1_203' title='bbox 453 3094 700 3128; x_wconf 55' lang='lat' dir='ltr'>Aponi-aptium</span> <span class='ocrx_word' id='word_1_204' title='bbox 714 3115 718 3123; x_wconf 86' lang='lat'>.</span> <span class='ocrx_word' id='word_1_205' title='bbox 730 3094 763 3121; x_wconf 88' lang='lat' dir='ltr'>in</span> <span class='ocrx_word' id='word_1_206' title='bbox 778 3093 859 3120; x_wconf 85' lang='lat' dir='ltr'>folio</span> <span class='ocrx_word' id='word_1_207' title='bbox 874 3093 926 3120; x_wconf 74' lang='lat'>329</span> <span class='ocrx_word' id='word_1_208' title='bbox 941 3093 993 3120; x_wconf 89' lang='lat' dir='ltr'>v.⁰</span> <span class='ocrx_word' id='word_1_209' title='bbox 1008 3096 1041 3120; x_wconf 89' lang='lat' dir='ltr'>et</span> <span class='ocrx_word' id='word_1_210' title='bbox 1056 3092 1118 3119; x_wconf 81' lang='lat'>330.</span> 
     </span>
    </p>
   </div>
  </div>
 </body>
</html>
