2168 3437
876 249 958 286 fix.
990 249 1082 286 1554
1720 249 1790 286 045

241 342 484 394 Quaedam
507 357 565 385 ex
586 345 752 386 vicinis
774 346 957 398 oppidis
985 352 1206 398 optarunt
1227 351 1276 386 ut
1296 345 1435 386 Pater
1456 346 1708 386 diverteret
1730 344 1788 385 ad

158 426 214 454 ea
236 425 398 455 sacras
416 416 659 456 habiturus
677 417 944 467 conciones,
965 423 1008 457 et
1029 417 1155 457 vitae
1171 417 1377 457 rationes
1394 428 1506 468 erga
1524 417 1682 457 divina
1700 416 1788 456 dis-

156 485 408 536 positurus.
433 487 504 527 Ex
524 487 666 527 nobili
697 488 975 539 praesertim
1004 488 1173 539 oppido
1201 488 1349 528 nuntii
1369 488 1626 537 venientes,
1660 487 1789 527 Patri

155 555 393 607 Baptistae
410 558 588 598 litteras
606 558 757 609 sigillo
775 559 960 610 publico
978 559 1283 609 consignatas
1299 558 1604 608 tradiderunt,
1620 558 1787 609 quibus

153 626 361 678 impense
397 628 717 679 efflagitabant
750 635 800 669 ut
825 641 1003 681 paucos
1031 631 1197 670 saltem
1225 630 1324 669 dies
1353 630 1439 669 sibi
1473 629 1604 669 daret
1631 628 1783 678 Pater,

153 697 320 748 quibus
342 710 400 738 ex
421 699 635 739 ubertate
657 700 900 740 doctrinae
922 701 1000 740 vel
1019 701 1229 751 guttulas
1246 700 1550 751 degustarent
1573 700 1782 750 exiguas.

152 767 243 808 Sed
260 769 471 819 plurimis
490 769 738 810 Valentiae
755 777 799 810 et
818 770 1029 811 Gandiae
1053 770 1062 789 ¹
1082 771 1206 811 curis
1226 771 1447 821 impedito
1467 771 1548 810 vix
1573 782 1785 810 necessa-

148 839 230 879 riis
251 839 420 879 licebat
443 841 711 881 attendere:
734 842 932 893 placidis
957 848 1114 882 tamen
1134 842 1292 881 verbis
1319 842 1500 881 cunctis
1528 841 1782 892 respondit,

149 915 420 950 curaturum
456 922 504 950 se
541 917 611 962 ut,
648 912 774 963 quod
807 918 917 952 tunc
951 925 1045 953 non
1079 919 1287 963 poterat,
1324 913 1456 952 brevi
1492 913 1560 952 eis
1605 924 1785 952 morem

148 987 347 1030 gereret.

226 1051 459 1092 Gandiam
478 1065 698 1093 reversus
720 1054 911 1105 cupiens
931 1053 1071 1094 Pater
1098 1060 1148 1094 ut
1181 1054 1487 1094 christianam
1521 1054 1784 1095 doctrinam

145 1123 428 1172 gandienses
449 1135 610 1164 omnes
632 1131 677 1165 et
695 1125 919 1165 memoria
940 1131 1152 1165 tenerent
1174 1131 1218 1165 et
1240 1125 1409 1176 animo,
1433 1125 1628 1165 fratrem
1657 1125 1785 1165 theo-

147 1193 302 1244 logiae
323 1194 488 1235 studiis
509 1201 800 1246 provectum,
825 1196 1128 1236 concionibus
1154 1196 1401 1247 praefecit,
1433 1203 1482 1236 ut
1515 1197 1676 1236 diebus
1709 1196 1784 1236 do-

147 1264 331 1305 minicis
351 1267 574 1316 populum
594 1266 866 1317 instrueret,
891 1267 1104 1317 decalogi
1125 1273 1400 1318 praecepta,
1422 1266 1530 1307 fidei
1558 1267 1784 1307 articulos

147 1335 331 1386 aliaque
352 1337 635 1386 necessaria,
660 1344 884 1389 quantum
907 1338 1171 1378 auditorum
1193 1338 1379 1389 capient
1398 1338 1608 1389 ingenia,
1643 1349 1780 1389 expo-

148 1413 294 1446 neret.
320 1406 410 1457 Qui
430 1414 680 1460 postquam
701 1420 792 1449 uno
819 1421 941 1448 anno
968 1420 1165 1460 pensum
1186 1409 1346 1448 datum
1372 1409 1589 1458 absolvit,
1621 1409 1784 1449 suffici-

148 1483 223 1517 tur
245 1478 362 1518 alius
383 1478 553 1518 iterum
574 1480 895 1530 incoepturus,
919 1479 1043 1531 quod
1062 1480 1241 1531 primus
1269 1481 1328 1520 ad
1355 1486 1527 1520 metam
1559 1480 1786 1531 perduxe-

148 1555 236 1588 rat.
268 1548 462 1589 Praeter
483 1549 592 1600 hos,
623 1550 793 1590 fratres
816 1551 893 1591 alii
922 1550 1134 1591 Gandiae
1167 1551 1419 1590 conciones
1447 1551 1709 1591 habuerunt
1739 1551 1786 1590 in

148 1619 526 1671 quadragesima,
551 1621 660 1661 dum
682 1622 865 1662 abesset
886 1622 1040 1673 Pater,
1064 1634 1157 1662 non
1178 1623 1277 1662 sine
1298 1622 1530 1673 frequenti
1547 1622 1785 1662 hominum

148 1702 398 1742 consessu,
428 1691 492 1732 ita
526 1698 574 1732 ut
610 1705 945 1745 nonnunquam
980 1694 1180 1733 ecclesia
1214 1699 1376 1733 nostra
1411 1693 1546 1733 nimis
1582 1700 1785 1744 angusta

152 1768 276 1801 esset
298 1763 479 1802 cunctis
502 1763 757 1815 capiendis.

229 1831 318 1873 Sed
347 1834 470 1885 quod
497 1835 820 1885 superioribus
846 1836 1083 1875 mensibus
1113 1836 1252 1876 Pater
1280 1835 1492 1876 Gandiae
1522 1835 1622 1875 fieri
1656 1846 1785 1886 prae-

150 1904 274 1955 cepit
310 1905 365 1944 de
399 1917 655 1956 puerorum
689 1907 998 1957 institutione,
1035 1909 1174 1959 longe
1209 1908 1415 1948 omnium
1450 1913 1549 1947 tum
1577 1907 1785 1958 gratissi-

147 1986 275 2014 mum
295 1970 394 2015 tum
421 1977 723 2017 utilissimum
749 1978 1086 2029 gandiensibus
1114 1979 1294 2018 civibus
1321 1979 1476 2018 visum
1507 1985 1592 2018 est.
1619 1978 1787 2018 Frater

149 2057 207 2085 ex
233 2047 407 2086 nostris
443 2059 564 2088 unus
600 2049 735 2088 statis
771 2049 898 2089 horis
926 2050 1130 2100 quotidie
1159 2061 1264 2089 curn
1294 2050 1603 2089 tintinnabulo
1631 2049 1788 2101 aliqua

148 2117 307 2167 oppidi
329 2118 432 2157 loca
455 2118 641 2169 circuit,
666 2120 838 2171 pueros
861 2120 919 2160 ad
941 2120 1205 2161 doctrinam
1227 2132 1414 2161 sacram
1437 2121 1656 2161 invitans.
1681 2119 1787 2160 Duo

146 2186 270 2227 hunc
292 2189 577 2230 comitantur
598 2196 759 2231 tenera
781 2192 914 2242 pueri
941 2198 1115 2242 aetate,
1145 2192 1225 2243 qui
1255 2192 1391 2231 suavi
1418 2198 1557 2231 cantu
1587 2191 1786 2231 caeteris

151 2257 414 2299 doctrinam
453 2261 644 2301 tradunt
682 2262 1011 2303 imbibendam.
1054 2263 1209 2303 Hosce
1251 2263 1439 2303 domum
1479 2269 1783 2313 revertentes,

149 2336 377 2381 quotquot
412 2331 775 2373 tintinnabulum
809 2346 1037 2374 vocemve
1078 2334 1272 2374 audiunt
1309 2334 1441 2385 pueri
1480 2334 1787 2385 insequuntur

147 2412 234 2440 nec
275 2402 412 2452 pauci
450 2409 634 2443 matura
666 2403 764 2455 jam
799 2411 965 2445 aetate.
1009 2406 1160 2446 Tanta
1198 2405 1356 2456 itaque
1395 2405 1590 2445 redeunt
1628 2405 1788 2456 stipati

147 2472 284 2511 turba
310 2478 359 2512 ut
379 2473 438 2513 sit
459 2485 673 2526 necesse,
698 2476 918 2526 quoniam
938 2477 1136 2517 ecclesia
1159 2476 1402 2516 commode
1428 2481 1607 2515 tantam
1636 2476 1784 2515 multi—

147 2543 356 2583 tudinem
378 2556 472 2584 non
496 2545 637 2596 capit,
660 2546 897 2587 theatrum
924 2548 1138 2598 publicae
1169 2548 1358 2587 scholae
1388 2547 1455 2587 eis
1485 2547 1681 2598 aperire.
1715 2546 1782 2587 Eo

147 2613 285 2654 Pater
307 2615 497 2666 quidam
531 2617 692 2657 statim
720 2617 918 2658 docendi
946 2620 1101 2669 gratia
1130 2619 1296 2670 tendit,
1327 2619 1406 2670 qui
1432 2619 1602 2658 mirum
1628 2630 1654 2658 a
1683 2617 1783 2657 Deo

147 2685 444 2726 existimatur
464 2688 700 2739 recepisse
722 2688 894 2729 donum
915 2690 974 2730 ad
994 2690 1185 2741 puerilis
1206 2689 1342 2741 hujus
1361 2689 1667 2730 institutionis
1688 2701 1782 2729 mu-

147 2767 235 2796 nus
257 2757 430 2808 optime
453 2758 742 2800 obeundum:
766 2765 862 2800 tam
884 2767 954 2801 est
975 2761 1014 2801 is
1036 2761 1261 2812 magister
1282 2761 1464 2801 cunctis
1483 2766 1661 2811 gratus,
1685 2768 1783 2800 tan-

148 2832 287 2877 taque
322 2829 577 2869 attentione
611 2842 637 2870 a
671 2831 828 2881 pueris
857 2832 1059 2883 auditur,
1092 2838 1142 2872 ut
1176 2832 1346 2872 habeat
1374 2843 1517 2883 supra
1539 2831 1778 2882 ducentos,

204 3008 214 3028 ¹
257 3009 418 3045 Collegiis
434 3011 618 3040 Valentino
634 3017 667 3040 et
683 3013 866 3042 Gandiensi
882 3015 981 3042 simul
996 3015 1058 3042 hoc
1073 3020 1224 3050 tempore
1240 3016 1274 3043 P.
1290 3015 1435 3048 Joannes
1460 3015 1617 3049 Baptista
1642 3015 1680 3042 de
1697 3015 1779 3042 Bar-

149 3064 204 3084 ma
220 3061 391 3092 praeerat.
