2168 3437
335 243 407 281 668
853 240 1082 278 LITTERAE
1109 248 1467 283 QUADRIMESTRES

338 340 705 391 conglobarunt,
730 339 878 378 altera
900 337 1130 386 virorum,
1156 336 1305 376 altera
1331 335 1593 375 mulierum.
1627 334 1874 383 Virorum,
1898 335 1983 374 sic-

336 413 403 453 uti
438 422 526 462 ego
561 410 744 461 accepi,
784 409 1032 449 consilium
1067 408 1134 448 sic
1175 407 1340 447 habet:
1379 407 1539 458 quinto
1576 406 1757 446 decimo
1799 417 1982 457 quoque

337 483 430 530 die,
461 481 722 533 praemissa
752 479 1069 529 confessione,
1103 478 1426 519 sacratissimo
1457 477 1530 518 X.i
1559 489 1781 529 corpore,
1814 488 1906 528 quo
1937 477 1983 516 in

338 553 554 594 omnibus
576 552 797 592 fortiores
819 552 935 601 sint,
959 562 1009 590 se
1029 550 1352 602 praemunire3
1382 549 1490 589 fidei
1519 555 1710 589 nostrae
1740 548 1978 599 dogmata,

338 625 415 665 ubi
436 624 526 676 ipsi
547 623 816 674 didicerint,
849 622 1064 662 rudiores
1096 627 1140 661 et
1174 621 1378 661 maxime
1399 631 1592 672 pueros,
1617 626 1698 660 aut
1726 620 1826 659 eius
1858 619 1982 659 insti-

337 701 489 736 tutore
519 694 767 735 destitutos
792 692 818 744 ¹,
842 693 1122 745 perdocere3
1157 692 1264 732 odia
1286 699 1329 732 et
1352 691 1643 740 inimicitias,
1677 690 1845 742 quibus
1875 690 1982 731 civi-

337 774 411 807 tas
432 767 549 806 haec
570 766 869 817 gravissime,
894 770 944 805 ut
966 763 1267 815 quotidianae
1289 763 1458 803 caedes
1479 763 1594 802 satis
1616 762 1873 811 declarant,
1907 761 1981 801 fla-

336 845 458 889 grat,
484 848 788 889 componere,
813 835 872 876 ad
895 835 1207 876 confessionis
1229 846 1285 875 ac
1303 833 1439 885 juxta
1461 833 1805 874 communionis
1828 844 1983 872 sacra-

336 915 602 949 mentorum
634 908 1064 959 frequentationem
1093 917 1414 958 quoscumque
1444 899 1663 957 poterunt
1689 916 1984 956 quocumque

337 980 475 1021 modo
510 980 524 998 ²
558 980 780 1030 incitare3
819 979 936 1019 alios
972 979 1142 1029 verbO,
1181 984 1319 1030 prout
1355 967 1550 1029 quisque
1583 982 1897 1028 opportunum
1937 986 1985 1015 se

335 1052 594 1104 comperiat
629 1050 657 1100 ⁵,
690 1051 939 1102 adjuvare3
979 1050 1187 1100 demum,
1221 1061 1278 1089 ne
1309 1049 1495 1100 singula
1526 1048 1838 1100 perscribam,
1878 1058 1983 1087 nus-

336 1135 479 1176 quam
498 1135 591 1163 non
613 1123 828 1173 exemplo
850 1126 895 1161 et
925 1133 1142 1162 sermone
1163 1120 1504 1172 rempublicam
1526 1126 1656 1160 x.¹¹³m
1686 1129 1981 1170 promovere:

338 1206 526 1247 quoque
554 1193 844 1235 commodius
874 1193 921 1233 id
950 1198 1278 1244 assequantur,
1311 1192 1623 1231 decreverunt
1658 1190 1858 1240 nullum,
1896 1190 1984 1229 nisi

338 1267 614 1318 exploratae
637 1265 777 1316 vitae,
802 1264 1189 1305 contubernalem
1211 1263 1474 1303 admittere.
1498 1262 1831 1302 Foeminarum
1848 1262 1986 1313 paulo

339 1338 558 1378 diversus
588 1335 603 1354 ⁴
630 1337 793 1376 habet:
826 1336 917 1376 hae
954 1336 1012 1375 ad
1042 1335 1254 1386 singulas
1285 1334 1508 1374 calendas
1538 1333 1823 1373 dominicam
1858 1343 1987 1372 acce—

340 1409 455 1449 dunt
477 1419 710 1455 mensam:
736 1408 796 1448 ad
818 1408 935 1447 haec
957 1407 1221 1447 doctrinam
1251 1406 1560 1446 christianam
1591 1404 1860 1445 domesticis
1887 1408 1985 1443 tan-

339 1487 438 1520 tum
478 1480 592 1530 hae,
635 1490 742 1519 cum
778 1479 858 1519 alii
894 1478 958 1518 illi
997 1478 1242 1529 quibusvis
1281 1477 1578 1528 opportunis,
1620 1476 1836 1526 tradunt;
1877 1474 1987 1523 fuci,

339 1551 462 1603 gipsi
488 1557 533 1591 et
568 1551 615 1590 id
650 1561 801 1601 genus
837 1549 1159 1601 emplasmatis
1186 1547 1200 1567 ⁵
1231 1560 1387 1598 usum,
1427 1548 1594 1599 quibus
1629 1558 1771 1587 sexus
1806 1547 1881 1586 ille
1913 1546 1988 1585 hic

340 1624 498 1663 vultus
532 1623 803 1674 turpissime
840 1621 1029 1661 inficere
1066 1622 1206 1672 solet,
1245 1621 1472 1671 ipsaemet
1508 1620 1595 1659 sibi
1629 1618 1986 1667 interdixerunt,

338 1706 425 1734 nec
460 1694 670 1734 fucatam
704 1694 869 1744 ullam,
906 1692 1211 1744 quantumvis
1246 1692 1419 1732 acriter
1454 1691 1696 1741 instatem,
1733 1691 1782 1730 in
1812 1689 1990 1730 sociam

340 1766 607 1806 adsumunt.
643 1764 818 1816 Spiritu
849 1765 979 1805 viros
1011 1769 1239 1815 aequant,
1276 1775 1471 1803 numero
1508 1768 1747 1814 superant.
1783 1761 1846 1802 Ut
1881 1761 1988 1809 Viri,

341 1838 405 1877 ita
427 1837 658 1877 foeminae
680 1835 935 1888 quamdam
965 1835 1316 1887 praefecerunt,
1354 1835 1428 1874 cui
1459 1840 1675 1874 caeterae
1703 1844 1866 1873 omnes
1895 1843 1987 1871 mo-

339 1920 439 1948 rem
475 1914 660 1959 gerunt.
699 1907 817 1948 Tam
855 1907 944 1947 hae
979 1918 1121 1958 quarn
1156 1906 1222 1946 illi
1257 1907 1433 1946 nullam
1474 1905 1765 1952 adsciscunt,
1802 1903 1893 1943 nisi
1933 1903 1989 1943 de

339 1980 482 2020 totius
503 1980 630 2020 vitae
651 1985 781 2019 statu
802 1978 1082 2019 confessam.
1108 1977 1193 2017 His
1214 1977 1390 2017 nullum
1413 1977 1655 2028 hucusque
1674 1987 1846 2015 nomen
1873 1974 1986 2014 indi—

341 2058 439 2091 tum
460 2059 529 2091 est
558 2050 588 2101 ⁴³3
612 2051 677 2091 illi
689 2051 887 2101 fratres
908 2050 1232 2090 venerationes
1253 2053 1590 2089 sacrosanctae
1611 2045 1956 2087 communionis
1978 2046 1990 2063 ⁷

397 2264 407 2283 ¹
449 2263 678 2290 Emendatum
693 2262 758 2289 sic:
775 2266 834 2288 aut
849 2262 1049 2288 doctorzbns
1066 2261 1259 2288 destitutos.

398 2312 411 2331 2
450 2318 668 2345 quocumque
685 2310 785 2337 modo
802 2310 952 2337 deletum
968 2311 1010 2337 ab
1026 2309 1240 2336 emendante.

396 2359 410 2379 ³
449 2363 549 2393 prout
565 2359 691 2392 cuique
707 2358 929 2385 commodum
947 2357 1025 2384 erit.

398 2408 412 2427 ⁴
450 2408 551 2441 paulo
568 2406 685 2433 aliter.

397 2454 411 2474 5
449 2459 482 2481 et
497 2454 529 2481 id
545 2453 806 2489 genusformae
824 2453 1115 2480 medicaminum.

396 2501 410 2521 6
448 2502 602 2529 “Nullum
613 2509 735 2528 nomen
750 2501 894 2528 inditum
909 2500 1005 2528 initio
1019 2500 1285 2534 Congregationi
1303 2500 1537 2532 foeminarum,
1552 2499 1610 2525 sed
1627 2502 1747 2532 postea
1762 2497 1992 2531 Congregatio

344 2551 555 2576 devotarum
570 2549 658 2584 Jesn
674 2549 769 2576 dicta
785 2553 867 2582 est.„
883 2548 1061 2581 Polancuz,
1080 2548 1215 2580 Clzron„
1228 2552 1251 2575 t.
1267 2555 1314 2574 iv.

397 2597 410 2617 ⁷
449 2597 680 2632 Congregatio
695 2596 938 2624 venerationis
960 2595 1067 2623 SSmi.
1084 2595 1309 2623 sacramenti.
1327 2595 1514 2626 Polancus,
1530 2595 1564 2621 in
1581 2594 1761 2625 Chronico,
1777 2597 1800 2621 t.
1816 2591 1988 2620 iv.—Con—

344 2645 556 2680 gregam'one
583 2645 677 2672 della
709 2644 944 2672 Veneratz'one
964 2644 1021 2671 del
1043 2644 1260 2671 Santissimo
1286 2643 1529 2676 Sagranzento.
1554 2641 1729 2674 Scamom,
1754 2641 1872 2667 Storia
1895 2640 1990 2667 della

347 2693 563 2728 Compagnz'a
575 2693 614 2720 dz'
626 2693 734 2719 Gz'esz'c
751 2693 1012 2727 appartenente
1028 2691 1063 2718 al
1076 2691 1197 2724 Regno
1212 2691 1250 2718 di
1266 2690 1409 2724 Napolz‘,
1423 2694 1512 2724 part.
1528 2696 1549 2720 1,
1563 2688 1620 2715 lib.
1636 2696 1659 2722 1,
1674 2695 1748 2722 cap.
1762 2686 1931 2720 x.·—-Quae
1948 2686 1990 2713 ab

347 2742 629 2775 augustissimae
644 2740 898 2768 Eucharistiae
913 2739 1009 2766 cultu
1027 2739 1070 2766 de
1085 2739 1233 2766 consilio
1249 2738 1290 2765 Β.
1306 2738 1443 2772 Ignatii
1458 2744 1585 2764 nomen
1603 2736 1736 2762 hauszt.
1760 2735 1987 2764 ORLANDINUS,

349 2789 509 2816 Historia
525 2788 713 2816 Socz‘etatz's
726 2787 832 2823 Jesu,
846 2791 934 2822 part.
949 2795 969 2819 1,
988 2788 1044 2814 lib.
1065 2795 1136 2820 xm,
1153 2795 1183 2814 n.
1198 2786 1386 2814 36.—Aliud
1401 2789 1587 2820 praeterea
1601 2791 1722 2811 nomen
1738 2783 1790 2810 his
1816 2782 1990 2810 sodalibus

346 2837 489 2864 inditum
503 2837 568 2869 ait,
589 2837 610 2864 1.
626 2844 673 2869 c.‚
689 2836 847 2863 SCfflNOSI
861 2836 913 2863 his
928 2836 1054 2863 verbis:
1070 2835 1157 2862 “Fra
1172 2836 1202 2862 le
1220 2834 1313 2869 quali
1327 2835 1441 2868 <opere
1457 2833 1489 2860 di
1510 2832 1623 2860 carita
1644 2831 1823 2863 cristiana)
1845 2829 1880 2857 fu
1901 2829 1987 2856 delle

346 2885 403 2919 piu
418 2884 618 2919 importanti
634 2891 694 2918 per
709 2883 809 2918 quell'
824 2890 886 2910 ora
901 2883 924 2910 il
938 2887 1192 2917 segretamente
1207 2889 1390 2910 osservare
1406 2889 1440 2908 se
1456 2880 1612 2915 opinione
1627 2886 1724 2906 meno
1746 2877 1911 2906 cattolica
1933 2878 1988 2910 qui

347 2933 488 2959 durasse
504 2933 658 2959 tuttavia
672 2932 704 2959 in
722 2932 855 2965 alcuno,
872 2938 890 2958 o
905 2938 941 2958 se
957 2931 999 2958 da
1013 2938 1162 2965 persona
1177 2930 1239 2957 che
1256 2937 1321 2964 qua
1337 2929 1502 2963 capitava
1517 2927 1549 2955 di
1565 2927 1672 2961 fuori,
1687 2926 1716 2954 si
1738 2925 1987 2953 disseminasse.

347 2979 376 3007 E
389 2980 514 3014 perche
528 2980 606 3006 nell’
619 2979 830 3013 investigare
845 2978 1047 3012 simiglianti
1062 2978 1205 3005 materie
1221 2984 1375 3004 usavano
1390 2978 1424 3003 la
1439 2975 1663 3003 conveniente
1685 2977 1885 3008 segretezza
1900 2979 1917 2999 e
1928 2992 1934 3005 ‚
1947 2972 1992 2998 ri-

347 3028 485 3055 ferendo
501 3028 556 3061 poi
570 3028 603 3055 al
620 3027 654 3054 Ρ.
670 3027 868 3054 Salmerone
879 3047 885 3059 ,
899 3034 1136 3060 cooperavano
1152 3027 1185 3053 al
1201 3029 1339 3060 segreto
1354 3024 1489 3059 riparo,
1512 3024 1521 3051 i
1538 3022 1774 3050 Comunicanti
1797 3029 1857 3048 con
1879 3027 1991 3047 nuovo

348 3082 550 3110 sopranome
564 3075 592 3102 si
608 3075 834 3102 chiamavano
851 3074 860 3101 i
875 3073 968 3107 Zitti,
983 3081 1187 3108 sopranome
1203 3074 1264 3100 che
1278 3080 1360 3107 pure
1377 3073 1428 3099 nel
1444 3074 1602 3106 presente
1618 3070 1645 3097 si
1661 3070 1768 3097 ode....
1779 3090 1794 3103 „
