2168 3437
311 204 383 241 640
824 205 1052 244 LITTERAE
1079 218 1438 251 QUADRIMESTRES

312 311 510 351 cumque
530 300 794 342 haereticos
815 302 1019 343 habeant
1040 303 1249 357 codices,
1274 306 1322 346 in
1342 318 1510 348 manus
1540 315 1728 351 nostras
1755 311 1950 354 libenter

311 371 512 410 tradere.

389 440 604 482 Viennae
625 441 865 495 Austriae,
889 445 1003 496 ipsis
1024 446 1234 487 calendis
1255 447 1368 488 Maii
1393 447 1507 490 1554.

390 511 461 551 De
482 512 704 553 mandato
725 513 991 566 Superioris
1011 517 1176 557 nostri.

389 582 747 634 Indignissimus
768 591 876 626 tuus
897 598 1080 639 servus,

843 727 1100 769 ERHARUUS
1130 729 1458 783 AVANTIANUS,
1492 733 1783 776 LEODIENsxs.

383 938 496 979 Alia
517 950 664 979 manu
680 952 695 980 .·
716 940 769 992 Q.
795 940 996 994 Vienna,
1019 943 1086 984 54.
1111 945 1198 985 cal.
1222 945 1350 986 Maii.

890 1370 1360 1427 GOLXXXVIH

372 1596 612 1645 Dionysius
632 1599 862 1647 Vazquez,

420 1663 541 1700 Patri
559 1664 729 1711 Ignatio
748 1665 801 1702 de
821 1665 1006 1713 Loyola.

468 1728 652 1775 Gandia,
675 1729 692 1766 1
714 1730 819 1778 Maji
840 1730 931 1768 1554
950 1732 974 1769 ¹.

1057 1994 1172 2035 IHs.

376 2222 715 2265 Colendissime
736 2225 784 2265 in
805 2225 945 2266 Chro.
969 2225 1131 2276 Pater:

374 2293 539 2335 Gratia
561 2301 605 2335 et
626 2308 720 2348 pax
741 2295 903 2337 Sancti
923 2296 1123 2349 Spiritus
1152 2304 1333 2338 mentes
1362 2304 1550 2339 nostras
1583 2299 1830 2350 inhabitet,
1870 2305 1935 2351 ut,

293 2365 466 2406 divinis
486 2367 756 2418 locupletati
777 2368 934 2419 doniS,
965 2368 1116 2420 ipsum
1143 2368 1375 2409 donorum
1402 2369 1614 2410 datorem
1642 2370 1782 2421 digne
1813 2381 1935 2410 ame-

293 2448 411 2477 mus.
434 2437 601 2478 Amen.

371 2507 645 2549 Breviorem
666 2521 807 2561 quam
827 2521 912 2562 pro
934 2522 1091 2551 rerum
1112 2511 1350 2562 exigentia
1371 2511 1418 2551 in
1439 2511 1512 2551 his
1542 2523 1615 2552 me
1648 2523 1749 2552 esse
1773 2512 1936 2552 horta-

286 2580 366 2618 tur
385 2578 604 2631 fratrum,
629 2581 706 2632 qui
728 2581 835 2621 hinc:
858 2581 918 2621 ad
939 2587 983 2622 te
1004 2582 1206 2622 transire
1229 2588 1475 2634 apparant,
1501 2582 1727 2633 profectio
1751 2582 1787 2623 '²2
1811 2594 1930 2634 quos

290 2650 562 2701 propediem
595 2652 927 2703 navigaturos,
962 2658 1005 2693 et
1041 2653 1298 2693 incolumes
1332 2652 1533 2693 Romam
1561 2659 1871 2704 perventuros
1903 2666 1931 2693 a

290 2720 497 2761 bonitate
518 2721 606 2762 Dei
627 2729 720 2774 opt.
745 2735 1004 2775 speramus.
1026 2724 1211 2764 Interea
1231 2735 1350 2776 quae
1372 2736 1486 2776 erga
1506 2724 1765 2775 gandiense
1785 2724 1931 2766 Colle-

345 2927 355 2947 ¹
395 2929 645 2964 Autographae
661 2931 693 2957 in
708 2930 788 2958 folio
804 2931 938 2966 duplici,
955 2939 1008 2958 nn.
1023 2931 1075 2958 381
1092 2934 1125 2959 et
1136 2931 1189 2958 382
1202 2936 1235 2959 et
1251 2931 1288 2958 B.

322 2975 333 2982 ¹
347 2976 360 2995 2²
399 2976 518 3004 Plures
534 2985 574 3004 ex
596 2977 763 3012 Hispania
780 2982 850 3006 tum
866 2979 1007 3006 Romam
1023 2982 1094 3006 tum
1109 2979 1142 3006 in
1160 2979 1322 3011 Siciliam.
1338 2987 1379 3006 ex
1395 2979 1508 3006 Patris
1524 2978 1647 3012 Ignatii
1663 2977 1888 3013 praescripto,
1911 2986 1930 3006 a

292 3022 395 3050 Patre
410 3023 526 3051 Natali
542 3025 633 3052 missi
650 3026 712 3053 hoc
728 3029 880 3061 ternpore
896 3027 1001 3061 fuere,
1018 3027 1057 3053 de
1074 3027 1193 3060 quibus
1208 3027 1374 3054 videndus
1390 3026 1724 3060 PorAxcus‚Clzr011.‚
1741 3030 1765 3053 t.
1781 3033 1828 3053 lv.

2142 0 2168 51 ..λὺ
