2168 3437
933 267 1016 305 AN.
1048 268 1140 305 1553
1782 268 1853 306 405

291 363 426 404 Nunc
466 371 815 405 commorantur
858 365 1059 416 quinque
1099 371 1340 405 turcarum
1385 365 1605 416 biremes,
1653 377 1851 416 quorum

213 434 361 486 major
382 446 513 486 pars,
539 441 784 486 apostatae
804 442 932 487 sunt,
958 436 1013 476 de
1041 436 1207 487 quibus
1237 436 1398 476 decem
1423 434 1520 487 jam
1551 437 1649 476 dies
1676 448 1849 487 magna

213 505 326 546 mihi
347 517 452 546 cum
473 505 648 546 Mauris
671 507 905 546 contentio
927 512 1010 546 est.
1035 506 1149 546 Illud
1170 505 1379 558 profecto
1402 518 1565 546 verum
1589 512 1672 557 est,
1697 507 1735 546 si
1757 519 1848 547 una

212 576 420 616 charitas
440 575 580 625 desit,
605 577 760 616 omnia
782 577 904 616 bona
924 577 1060 616 simul
1082 577 1258 617 deesse.
1291 577 1450 628 Itaque
1481 589 1586 617 cum
1619 578 1667 618 hi
1698 578 1849 618 Mauri

212 647 371 698 populi
390 658 583 698 prorsus
605 659 659 686 ea
681 648 772 687 sint
794 647 944 696 exuti,
970 647 1087 686 adeo
1110 654 1217 687 sunt
1243 648 1477 695 crudeles,
1506 655 1556 688 ut
1587 660 1696 689 suos
1726 649 1847 700 quis-

213 729 353 768 quam
381 717 615 768 captivos,
645 729 727 757 seu
755 729 909 757 mares
940 717 1031 757 sint
1058 729 1140 757 seu
1167 718 1418 769 foeminae,
1451 720 1742 760 miserrimae
1769 720 1847 760 ha-

211 788 353 839 bitos,
377 788 502 828 nuda
523 799 725 839 corpora
747 794 1058 837 ostentantes,
1083 789 1181 828 sine
1202 790 1370 829 tunicis
1391 790 1532 830 etiam
1554 791 1750 842 intimis,
1775 802 1849 842 pe-

212 858 347 898 dibus
367 859 540 898 exertis
560 859 715 898 sinant
736 859 975 909 incedere,
999 859 1123 910 quod
1144 859 1183 899 si
1203 860 1250 899 in
1272 861 1484 900 morbum
1506 862 1756 912 aliquando
1782 862 1847 901 in-

212 929 389 978 cidant,
413 929 460 969 in
481 929 750 969 carceribus
770 929 1087 969 subterraneis
1110 936 1247 981 atque
1269 932 1520 971 teterrimis
1542 932 1644 972 illos
1666 933 1849 972 absumi

211 999 460 1040 crudeliter
480 1000 732 1051 patiuntur,
751 1011 838 1040 nec
857 1000 1034 1040 interea
1057 1001 1312 1052 quidquam
1332 1001 1391 1041 ad
1413 1013 1523 1041 usus
1544 1003 1669 1042 vitae
1689 1014 1846 1043 neces-

212 1071 362 1111 sarios
383 1071 565 1111 miseris
586 1071 886 1122 suppeditare
906 1072 1092 1112 volunt:
1116 1072 1421 1122 quamobrem
1443 1084 1641 1123 parvam
1673 1074 1848 1114 Miseri-

212 1141 399 1182 cordiae
422 1142 600 1192 aedem,
623 1142 701 1182 ubi
722 1148 957 1193 curentur,
981 1142 1173 1192 institui,
1199 1148 1336 1193 atque
1359 1143 1657 1195 duumviros,
1682 1145 1848 1195 quibus

211 1212 275 1252 illi
297 1223 438 1253 curae
459 1218 628 1263 essent,
653 1213 868 1264 imposui,
887 1219 1075 1265 praeter
1096 1213 1292 1253 fratrem
1310 1214 1545 1265 Ignatium
1569 1213 1595 1265 ¹,
1619 1216 1697 1266 qui
1718 1227 1848 1266 prae-

211 1283 360 1324 fectus
381 1289 450 1324 est
472 1295 635 1324 eorum
657 1284 877 1335 omnium,
899 1285 976 1335 qui
996 1284 1071 1324 hic
1089 1296 1192 1324 mea
1208 1284 1296 1325 fide
1313 1292 1578 1335 versantur,
1598 1292 1642 1325 et
1664 1287 1846 1326 univer-

212 1366 368 1394 sorum
391 1354 528 1405 hujus
549 1355 705 1406 oppidi
726 1367 993 1406 carcerum,
1017 1356 1095 1406 qui
1117 1362 1223 1395 octo
1245 1362 1353 1396 sunt
1373 1368 1587 1407 numero,
1613 1357 1660 1396 in
1682 1358 1848 1408 quibus

213 1424 329 1465 adeo
351 1426 600 1476 constipati
621 1427 796 1478 captivi
826 1432 932 1466 sunt
961 1426 1142 1477 (domus
1169 1427 1294 1467 enim
1319 1439 1412 1467 non
1442 1428 1648 1478 capiunt)
1678 1436 1727 1468 ut
1755 1440 1849 1468 non

213 1497 407 1536 multum
429 1496 549 1536 absit
571 1497 682 1548 quin
704 1504 882 1537 aestate
904 1499 1060 1538 calore
1090 1499 1233 1538 nimio
1263 1499 1630 1549 strangulentur.
1654 1499 1846 1547 Tantos,

213 1568 323 1607 dum
344 1567 410 1607 eis
430 1568 698 1608 necessaria
720 1568 1040 1616 subministro,
1066 1575 1278 1620 sumptus
1297 1569 1420 1609 facio
1438 1570 1563 1619 (nam
1584 1571 1716 1610 multi
1741 1578 1847 1610 sunt

212 1649 396 1689 semper
418 1639 637 1689 aegroti),
662 1645 711 1679 ut
732 1645 775 1679 te
797 1639 909 1679 mihi
931 1640 1111 1691 aliquas
1132 1640 1240 1680 huic
1259 1641 1327 1680 rei
1359 1642 1682 1692 eleemosynas
1713 1653 1846 1692 quae-

213 1720 316 1749 rere
336 1720 529 1749 necesse
547 1710 619 1749 sit.
638 1710 740 1750 Hoc
762 1711 919 1762 itaque
941 1723 1083 1751 unum
1105 1712 1187 1751 abs
1208 1718 1267 1762 te,
1287 1712 1561 1751 charissime
1578 1718 1726 1763 pater,
1746 1724 1847 1763 pro-

209 1785 314 1831 pter
335 1779 525 1820 Domini
545 1781 693 1820 nostri
725 1793 932 1821 amorem
962 1782 1134 1822 mirum
1164 1783 1211 1822 in
1240 1783 1429 1822 modum
1456 1788 1586 1834 peto:
1616 1789 1664 1823 ut
1691 1790 1847 1833 poten-

209 1850 380 1890 tiorum
400 1851 562 1891 limina
591 1852 753 1902 obeas,
788 1853 846 1892 ab
874 1853 940 1894 eis
970 1853 1185 1893 omnibus
1212 1865 1347 1905 opem
1375 1853 1625 1905 efflagites,
1659 1855 1737 1906 qui
1767 1855 1849 1894 tibi

207 1921 489 1962 videbuntur
506 1922 680 1962 auxilio
702 1934 804 1963 esse
825 1935 963 1974 posse
984 1924 1091 1964 huic
1111 1930 1208 1964 tam
1228 1931 1393 1964 sancto
1416 1925 1559 1976 operi,
1580 1937 1673 1965 non
1691 1926 1842 1965 solum

209 1991 338 2032 aedis
372 1991 746 2045 Misericordiae,
778 1994 859 2034 sed
887 1994 1029 2034 etiam
1054 1995 1101 2034 in
1129 1995 1391 2035 libertatem
1419 1995 1717 2046 vindicandi,
1750 2002 1848 2036 tum

208 2062 382 2114 aliquot
415 2064 644 2104 lusitanos
671 2076 862 2116 pueros,
893 2072 991 2105 tum
1024 2067 1270 2106 nonnullos
1299 2078 1470 2118 pueros
1503 2072 1640 2118 atque
1668 2068 1847 2118 puellas

206 2133 527 2186 foeminasque
546 2135 653 2176 inde
675 2147 734 2176 ex
755 2137 980 2177 orientale
997 2138 1138 2188 plaga
1159 2144 1337 2188 vectas,
1358 2149 1476 2189 quae
1498 2145 1542 2178 et
1564 2137 1712 2188 major
1734 2140 1845 2178 mul-

206 2205 356 2245 titudo
383 2211 471 2256 est,
501 2212 546 2246 et
572 2207 725 2257 magis
753 2208 968 2248 omnibus
1001 2208 1245 2259 destituta,
1274 2209 1492 2260 quoniam
1522 2221 1549 2248 a
1579 2209 1674 2249 suis
1704 2221 1844 2260 quam

206 2275 479 2327 longissime
500 2276 684 2328 absunt,
709 2278 832 2330 quod
852 2279 900 2318 in
920 2290 1064 2319 causa
1086 2285 1156 2319 est
1177 2285 1227 2319 ut
1248 2280 1294 2319 in
1316 2291 1497 2319 summa
1518 2279 1746 2319 libertatis
1772 2279 1843 2320 de-

208 2346 475 2397 speratione
497 2349 629 2388 multi
649 2360 677 2388 a
699 2349 884 2390 Christo
907 2349 1139 2390 deficiant.
1159 2350 1261 2390 Hae
1284 2350 1550 2400 orientales,
1574 2362 1680 2390 cum
1702 2351 1843 2390 omni-

207 2417 292 2458 bus
313 2418 449 2458 simul
470 2419 690 2470 portoriis
711 2426 755 2460 et
775 2421 1008 2473 expensis,
1032 2421 1329 2473 septuaginta
1351 2421 1506 2461 aureis
1528 2421 1587 2461 ad
1608 2433 1842 2461 summum

208 2488 419 2539 stabunt,
443 2489 592 2530 donec
615 2490 675 2530 ad
694 2491 741 2531 id
760 2491 850 2531 loci
871 2492 1119 2542 vehantur,
1154 2503 1326 2542 magna
1356 2492 1595 2542 cautione,
1626 2503 1842 2543 quocum-

208 2570 297 2611 que
334 2560 562 2611 volueris,
604 2572 658 2600 ac
697 2562 816 2602 tanti
853 2561 1039 2614 quidem
1076 2562 1279 2603 infantes
1317 2562 1581 2613 promiscue
1615 2570 1835 2603 veneunt:

207 2630 388 2682 puellae
404 2642 519 2671 vero
540 2631 663 2671 bona
678 2631 844 2682 forma,
865 2645 892 2673 a
913 2633 1158 2673 duodecim
1180 2633 1365 2673 circiter
1387 2633 1446 2673 ad
1461 2632 1513 2672 20
1534 2644 1697 2684 annos,
1718 2640 1839 2673 octo—

207 2701 338 2752 ginta
366 2713 451 2742 sex
478 2703 654 2753 aureis,
686 2703 902 2754 expensis
931 2705 1228 2756 portorisque
1258 2703 1590 2744 adnumeratis.
1621 2703 1684 2744 At
1711 2705 1843 2756 pueri

207 2772 420 2812 Lusitani
452 2773 710 2824 nonaginta
736 2780 816 2814 aut
843 2780 1050 2825 centum,
1074 2775 1198 2826 quod
1218 2775 1487 2815 rarissimae
1510 2775 1751 2825 contingit,
1776 2775 1839 2815 in-

209 2842 439 2883 dicantur.

290 2913 521 2965 Quicquid
550 2914 687 2954 isthic
717 2915 1020 2965 pecuniarum
1049 2916 1279 2966 tradetur,
1312 2917 1371 2956 ad
1398 2916 1681 2956 Clementem
1709 2916 1841 2957 Clau-

265 3072 271 3091 1
314 3072 370 3099 Fr.
391 3074 580 3108 coadjutor,
596 3073 750 3108 Ignatius
765 3073 913 3108 Bogado.
