<?xml version="1.0" encoding="UTF-8"?>
<!DOCTYPE html PUBLIC "-//W3C//DTD XHTML 1.0 Transitional//EN"
    "http://www.w3.org/TR/xhtml1/DTD/xhtml1-transitional.dtd">
<html xmlns="http://www.w3.org/1999/xhtml" xml:lang="en" lang="en">
 <head>
  <title>
</title>
<meta http-equiv="Content-Type" content="text/html;charset=utf-8" />
  <meta name='ocr-system' content='tesseract 3.04.00' />
  <meta name='ocr-capabilities' content='ocr_page ocr_carea ocr_par ocr_line ocrx_word'/>
</head>
<body>
  <div class='ocr_page' id='page_1' title='image "./litteraequadrime1402lain_0129.png"; bbox 0 0 2168 3437; ppageno 0'>
   <div class='ocr_carea' id='block_1_1' title="bbox 913 232 1839 274">
    <p class='ocr_par' dir='ltr' id='par_1_1' title="bbox 913 232 1839 274">
     <span class='ocr_line' id='line_1_1' title="bbox 913 232 1839 274; baseline -0.006 0"><span class='ocrx_word' id='word_1_1' title='bbox 913 237 995 274; x_wconf 50' lang='lat' dir='ltr'>Aa.</span> <span class='ocrx_word' id='word_1_2' title='bbox 1028 236 1121 273; x_wconf 79' lang='lat'>1553</span> <span class='ocrx_word' id='word_1_3' title='bbox 1770 232 1839 269; x_wconf 70' lang='lat'>125</span> 
     </span>
    </p>
   </div>
   <div class='ocr_carea' id='block_1_2' title="bbox 196 329 1878 3084">
    <p class='ocr_par' dir='ltr' id='par_1_2' title="bbox 196 329 1846 954">
     <span class='ocr_line' id='line_1_2' title="bbox 201 329 1837 388; baseline -0.006 -11"><span class='ocrx_word' id='word_1_4' title='bbox 201 336 410 388; x_wconf 83' lang='lat' dir='ltr'>apprime</span> <span class='ocrx_word' id='word_1_5' title='bbox 433 335 573 375; x_wconf 90' lang='lat' dir='ltr'>docti.</span> <span class='ocrx_word' id='word_1_6' title='bbox 598 334 775 375; x_wconf 82' lang='lat' dir='ltr'>Diebus</span> <span class='ocrx_word' id='word_1_7' title='bbox 796 334 994 383; x_wconf 78' lang='lat' dir='ltr'>festivis,</span> <span class='ocrx_word' id='word_1_8' title='bbox 1019 333 1184 385; x_wconf 89' lang='lat' dir='ltr'>quibus</span> <span class='ocrx_word' id='word_1_9' title='bbox 1208 337 1395 373; x_wconf 89' lang='lat' dir='ltr'>cessant</span> <span class='ocrx_word' id='word_1_10' title='bbox 1417 343 1444 371; x_wconf 89' lang='lat' dir='ltr'>a</span> <span class='ocrx_word' id='word_1_11' title='bbox 1464 329 1743 370; x_wconf 90' lang='lat' dir='ltr'>lectionibus</span> <span class='ocrx_word' id='word_1_12' title='bbox 1759 341 1837 369; x_wconf 89' lang='lat' dir='ltr'>au-</span> 
     </span>
     <span class='ocr_line' id='line_1_3' title="bbox 196 401 1834 456; baseline -0.004 -9"><span class='ocrx_word' id='word_1_13' title='bbox 196 407 394 456; x_wconf 86' lang='lat' dir='ltr'>diendis,</span> <span class='ocrx_word' id='word_1_14' title='bbox 416 413 590 447; x_wconf 86' lang='lat' dir='ltr'>vacant</span> <span class='ocrx_word' id='word_1_15' title='bbox 610 406 781 445; x_wconf 86' lang='lat' dir='ltr'>fratres</span> <span class='ocrx_word' id='word_1_16' title='bbox 803 404 1010 445; x_wconf 79' lang='lat' dir='ltr'>visendis</span> <span class='ocrx_word' id='word_1_17' title='bbox 1031 403 1340 444; x_wconf 74' lang='lat' dir='ltr'>xenodochiis</span> <span class='ocrx_word' id='word_1_18' title='bbox 1357 408 1402 442; x_wconf 91' lang='lat' dir='ltr'>et</span> <span class='ocrx_word' id='word_1_19' title='bbox 1420 401 1706 450; x_wconf 78' lang='lat' dir='ltr'>carceribus,</span> <span class='ocrx_word' id='word_1_20' title='bbox 1726 412 1834 440; x_wconf 92' lang='lat' dir='ltr'>con-</span> 
     </span>
     <span class='ocr_line' id='line_1_4' title="bbox 200 471 1838 526; baseline -0.004 -8"><span class='ocrx_word' id='word_1_21' title='bbox 200 478 408 518; x_wconf 88' lang='lat' dir='ltr'>solandis</span> <span class='ocrx_word' id='word_1_22' title='bbox 443 477 636 517; x_wconf 88' lang='lat' dir='ltr'>infirmis</span> <span class='ocrx_word' id='word_1_23' title='bbox 664 484 707 516; x_wconf 93' lang='lat' dir='ltr'>et</span> <span class='ocrx_word' id='word_1_24' title='bbox 736 476 927 523; x_wconf 87' lang='lat' dir='ltr'>vinctis,</span> <span class='ocrx_word' id='word_1_25' title='bbox 957 474 1292 526; x_wconf 77' lang='lat' dir='ltr'>audiendisque</span> <span class='ocrx_word' id='word_1_26' title='bbox 1327 472 1671 526; x_wconf 89' lang='lat' dir='ltr'>poenitentibus</span> <span class='ocrx_word' id='word_1_27' title='bbox 1699 471 1838 511; x_wconf 91' lang='lat' dir='ltr'>utris-</span> 
     </span>
     <span class='ocr_line' id='line_1_5' title="bbox 204 541 1841 600; baseline -0.004 -11"><span class='ocrx_word' id='word_1_28' title='bbox 204 561 306 600; x_wconf 88' lang='lat' dir='ltr'>que.</span> <span class='ocrx_word' id='word_1_29' title='bbox 330 548 400 588; x_wconf 78' lang='lat' dir='ltr'>Ex</span> <span class='ocrx_word' id='word_1_30' title='bbox 422 547 593 587; x_wconf 90' lang='lat' dir='ltr'>vinctis</span> <span class='ocrx_word' id='word_1_31' title='bbox 609 547 899 598; x_wconf 86' lang='lat' dir='ltr'>praesertim.</span> <span class='ocrx_word' id='word_1_32' title='bbox 925 557 1007 597; x_wconf 92' lang='lat' dir='ltr'>per</span> <span class='ocrx_word' id='word_1_33' title='bbox 1026 545 1275 585; x_wconf 83' lang='lat' dir='ltr'>conciones</span> <span class='ocrx_word' id='word_1_34' title='bbox 1292 544 1522 597; x_wconf 88' lang='lat' dir='ltr'>quasdam</span> <span class='ocrx_word' id='word_1_35' title='bbox 1540 543 1599 583; x_wconf 88' lang='lat' dir='ltr'>ad</span> <span class='ocrx_word' id='word_1_36' title='bbox 1614 543 1743 595; x_wconf 89' lang='lat' dir='ltr'>ipsos</span> <span class='ocrx_word' id='word_1_37' title='bbox 1759 541 1841 582; x_wconf 91' lang='lat' dir='ltr'>ha-</span> 
     </span>
     <span class='ocr_line' id='line_1_6' title="bbox 202 614 1842 669; baseline -0.004 -10"><span class='ocrx_word' id='word_1_38' title='bbox 202 620 348 669; x_wconf 89' lang='lat' dir='ltr'>bitas,</span> <span class='ocrx_word' id='word_1_39' title='bbox 373 619 562 659; x_wconf 87' lang='lat' dir='ltr'>adducti</span> <span class='ocrx_word' id='word_1_40' title='bbox 588 623 695 658; x_wconf 88' lang='lat' dir='ltr'>sunt</span> <span class='ocrx_word' id='word_1_41' title='bbox 724 617 914 669; x_wconf 87' lang='lat' dir='ltr'>quidam</span> <span class='ocrx_word' id='word_1_42' title='bbox 949 616 1008 656; x_wconf 88' lang='lat' dir='ltr'>ad</span> <span class='ocrx_word' id='word_1_43' title='bbox 1030 615 1387 665; x_wconf 87' lang='lat' dir='ltr'>confessionem,</span> <span class='ocrx_word' id='word_1_44' title='bbox 1412 615 1490 667; x_wconf 91' lang='lat' dir='ltr'>qui</span> <span class='ocrx_word' id='word_1_45' title='bbox 1511 614 1774 664; x_wconf 86' lang='lat' dir='ltr'>duodecim,</span> <span class='ocrx_word' id='word_1_46' title='bbox 1798 620 1842 653; x_wconf 86' lang='lat' dir='ltr'>et</span> 
     </span>
     <span class='ocr_line' id='line_1_7' title="bbox 202 684 1843 742; baseline -0.004 -12"><span class='ocrx_word' id='word_1_47' title='bbox 202 691 344 730; x_wconf 87' lang='lat' dir='ltr'>etiam</span> <span class='ocrx_word' id='word_1_48' title='bbox 364 689 717 742; x_wconf 87' lang='lat' dir='ltr'>quatuordecim</span> <span class='ocrx_word' id='word_1_49' title='bbox 739 700 887 728; x_wconf 91' lang='lat' dir='ltr'>annos</span> <span class='ocrx_word' id='word_1_50' title='bbox 908 699 1013 727; x_wconf 89' lang='lat' dir='ltr'>eam</span> <span class='ocrx_word' id='word_1_51' title='bbox 1036 687 1307 726; x_wconf 85' lang='lat' dir='ltr'>omiserant.</span> <span class='ocrx_word' id='word_1_52' title='bbox 1340 687 1523 726; x_wconf 72' lang='lat' dir='ltr'>Eorum</span> <span class='ocrx_word' id='word_1_53' title='bbox 1546 685 1688 726; x_wconf 78' lang='lat' dir='ltr'>etiam</span> <span class='ocrx_word' id='word_1_54' title='bbox 1708 684 1843 725; x_wconf 75' lang='lat' dir='ltr'>liber-</span> 
     </span>
     <span class='ocr_line' id='line_1_8' title="bbox 203 756 1843 811; baseline -0.004 -10"><span class='ocrx_word' id='word_1_55' title='bbox 203 765 282 801; x_wconf 82' lang='lat' dir='ltr'>tas</span> <span class='ocrx_word' id='word_1_56' title='bbox 301 764 519 811; x_wconf 74' lang='lat' dir='ltr'>curatur,</span> <span class='ocrx_word' id='word_1_57' title='bbox 540 766 764 811; x_wconf 90' lang='lat' dir='ltr'>quantum</span> <span class='ocrx_word' id='word_1_58' title='bbox 786 771 867 811; x_wconf 88' lang='lat' dir='ltr'>per</span> <span class='ocrx_word' id='word_1_59' title='bbox 890 757 1223 809; x_wconf 77' lang='lat' dir='ltr'>occupationes</span> <span class='ocrx_word' id='word_1_60' title='bbox 1252 757 1368 796; x_wconf 90' lang='lat' dir='ltr'>alias</span> <span class='ocrx_word' id='word_1_61' title='bbox 1399 756 1628 797; x_wconf 88' lang='lat' dir='ltr'>fratribus</span> <span class='ocrx_word' id='word_1_62' title='bbox 1657 756 1843 808; x_wconf 88' lang='lat' dir='ltr'>permit-</span> 
     </span>
     <span class='ocr_line' id='line_1_9' title="bbox 206 827 1846 881; baseline -0.004 -9"><span class='ocrx_word' id='word_1_63' title='bbox 206 833 332 872; x_wconf 89' lang='lat' dir='ltr'>titur.</span> <span class='ocrx_word' id='word_1_64' title='bbox 370 831 465 872; x_wconf 87' lang='lat' dir='ltr'>Alii</span> <span class='ocrx_word' id='word_1_65' title='bbox 499 837 672 871; x_wconf 85' lang='lat' dir='ltr'>vacant</span> <span class='ocrx_word' id='word_1_66' title='bbox 708 830 930 871; x_wconf 89' lang='lat' dir='ltr'>docendis</span> <span class='ocrx_word' id='word_1_67' title='bbox 965 830 1124 881; x_wconf 90' lang='lat' dir='ltr'>pueris</span> <span class='ocrx_word' id='word_1_68' title='bbox 1160 828 1466 868; x_wconf 75' lang='lat' dir='ltr'>christianam</span> <span class='ocrx_word' id='word_1_69' title='bbox 1502 828 1768 868; x_wconf 83' lang='lat' dir='ltr'>doctrinam</span> <span class='ocrx_word' id='word_1_70' title='bbox 1799 827 1846 866; x_wconf 89' lang='lat' dir='ltr'>in</span> 
     </span>
     <span class='ocr_line' id='line_1_10' title="bbox 206 901 1164 954; baseline -0.003 -11"><span class='ocrx_word' id='word_1_71' title='bbox 206 904 394 944; x_wconf 89' lang='lat' dir='ltr'>ruribus</span> <span class='ocrx_word' id='word_1_72' title='bbox 414 907 457 943; x_wconf 80' lang='lat' dir='ltr'>et</span> <span class='ocrx_word' id='word_1_73' title='bbox 472 903 623 954; x_wconf 77' lang='lat' dir='ltr'>pagis</span> <span class='ocrx_word' id='word_1_74' title='bbox 645 902 753 942; x_wconf 91' lang='lat' dir='ltr'>huic</span> <span class='ocrx_word' id='word_1_75' title='bbox 775 902 958 942; x_wconf 84' lang='lat' dir='ltr'>civitati</span> <span class='ocrx_word' id='word_1_76' title='bbox 979 901 1164 941; x_wconf 80' lang='lat' dir='ltr'>vicinis.</span> 
     </span>
    </p>

    <p class='ocr_par' dir='ltr' id='par_1_3' title="bbox 210 969 1878 3084">
     <span class='ocr_line' id='line_1_11' title="bbox 287 969 1849 1022; baseline -0.004 -8"><span class='ocrx_word' id='word_1_77' title='bbox 287 975 466 1015; x_wconf 87' lang='lat' dir='ltr'>Tantus</span> <span class='ocrx_word' id='word_1_78' title='bbox 487 980 556 1014; x_wconf 90' lang='lat' dir='ltr'>est</span> <span class='ocrx_word' id='word_1_79' title='bbox 578 973 972 1013; x_wconf 84' lang='lat' dir='ltr'>scholasticorum</span> <span class='ocrx_word' id='word_1_80' title='bbox 993 983 1277 1021; x_wconf 88' lang='lat' dir='ltr'>concursus,</span> <span class='ocrx_word' id='word_1_81' title='bbox 1310 971 1389 1022; x_wconf 90' lang='lat' dir='ltr'>qui</span> <span class='ocrx_word' id='word_1_82' title='bbox 1419 970 1477 1009; x_wconf 91' lang='lat' dir='ltr'>ad</span> <span class='ocrx_word' id='word_1_83' title='bbox 1506 969 1849 1009; x_wconf 77' lang='lat' dir='ltr'>confessionem</span> 
     </span>
     <span class='ocr_line' id='line_1_12' title="bbox 210 1039 1848 1094; baseline -0.004 -9"><span class='ocrx_word' id='word_1_84' title='bbox 210 1052 255 1086; x_wconf 90' lang='lat' dir='ltr'>et</span> <span class='ocrx_word' id='word_1_85' title='bbox 277 1056 462 1086; x_wconf 89' lang='lat' dir='ltr'>sacram</span> <span class='ocrx_word' id='word_1_86' title='bbox 486 1045 862 1084; x_wconf 88' lang='lat' dir='ltr'>communionem</span> <span class='ocrx_word' id='word_1_87' title='bbox 884 1043 1230 1094; x_wconf 86' lang='lat' dir='ltr'>suscipiendam</span> <span class='ocrx_word' id='word_1_88' title='bbox 1254 1041 1502 1090; x_wconf 88' lang='lat' dir='ltr'>accedunt,</span> <span class='ocrx_word' id='word_1_89' title='bbox 1522 1047 1571 1080; x_wconf 89' lang='lat' dir='ltr'>ut</span> <span class='ocrx_word' id='word_1_90' title='bbox 1588 1039 1726 1079; x_wconf 86' lang='lat' dir='ltr'>facile</span> <span class='ocrx_word' id='word_1_91' title='bbox 1744 1051 1848 1079; x_wconf 90' lang='lat' dir='ltr'>con-</span> 
     </span>
     <span class='ocr_line' id='line_1_13' title="bbox 210 1110 1847 1168; baseline -0.004 -12"><span class='ocrx_word' id='word_1_92' title='bbox 210 1117 351 1157; x_wconf 89' lang='lat' dir='ltr'>iicere</span> <span class='ocrx_word' id='word_1_93' title='bbox 377 1117 531 1168; x_wconf 86' lang='lat' dir='ltr'>possis</span> <span class='ocrx_word' id='word_1_94' title='bbox 557 1116 607 1155; x_wconf 75' lang='lat' dir='ltr'>m</span> <span class='ocrx_word' id='word_1_95' title='bbox 635 1116 701 1155; x_wconf 74' lang='lat' dir='ltr'>eis</span> <span class='ocrx_word' id='word_1_96' title='bbox 732 1126 930 1166; x_wconf 88' lang='lat' dir='ltr'>magnos</span> <span class='ocrx_word' id='word_1_97' title='bbox 963 1114 1228 1154; x_wconf 89' lang='lat' dir='ltr'>animarum</span> <span class='ocrx_word' id='word_1_98' title='bbox 1260 1113 1440 1153; x_wconf 86' lang='lat' dir='ltr'>fructus</span> <span class='ocrx_word' id='word_1_99' title='bbox 1468 1112 1515 1151; x_wconf 92' lang='lat' dir='ltr'>in</span> <span class='ocrx_word' id='word_1_100' title='bbox 1544 1112 1642 1151; x_wconf 91' lang='lat' dir='ltr'>dies</span> <span class='ocrx_word' id='word_1_101' title='bbox 1670 1110 1847 1162; x_wconf 82' lang='lat' dir='ltr'>augeri.</span> 
     </span>
     <span class='ocr_line' id='line_1_14' title="bbox 211 1182 1850 1235; baseline -0.004 -8"><span class='ocrx_word' id='word_1_102' title='bbox 211 1187 542 1227; x_wconf 85' lang='lat' dir='ltr'>Foeminarum</span> <span class='ocrx_word' id='word_1_103' title='bbox 563 1186 883 1226; x_wconf 81' lang='lat' dir='ltr'>confessiones</span> <span class='ocrx_word' id='word_1_104' title='bbox 903 1186 1057 1225; x_wconf 89' lang='lat' dir='ltr'>rarius</span> <span class='ocrx_word' id='word_1_105' title='bbox 1079 1185 1308 1235; x_wconf 81' lang='lat' dir='ltr'>audimus3</span> <span class='ocrx_word' id='word_1_106' title='bbox 1332 1184 1482 1223; x_wconf 88' lang='lat' dir='ltr'>maior</span> <span class='ocrx_word' id='word_1_107' title='bbox 1512 1183 1635 1222; x_wconf 91' lang='lat' dir='ltr'>enim</span> <span class='ocrx_word' id='word_1_108' title='bbox 1661 1187 1783 1221; x_wconf 91' lang='lat' dir='ltr'>esset</span> <span class='ocrx_word' id='word_1_109' title='bbox 1804 1182 1850 1221; x_wconf 85' lang='lat' dir='ltr'>in</span> 
     </span>
     <span class='ocr_line' id='line_1_15' title="bbox 211 1254 1851 1310; baseline -0.004 -12"><span class='ocrx_word' id='word_1_110' title='bbox 211 1259 328 1310; x_wconf 90' lang='lat' dir='ltr'>ipsis</span> <span class='ocrx_word' id='word_1_111' title='bbox 348 1257 592 1298; x_wconf 87' lang='lat' dir='ltr'>audiendis</span> <span class='ocrx_word' id='word_1_112' title='bbox 614 1257 861 1309; x_wconf 89' lang='lat' dir='ltr'>occupatio</span> <span class='ocrx_word' id='word_1_113' title='bbox 883 1268 1023 1308; x_wconf 89' lang='lat' dir='ltr'>quam</span> <span class='ocrx_word' id='word_1_114' title='bbox 1044 1267 1128 1307; x_wconf 93' lang='lat' dir='ltr'>pro</span> <span class='ocrx_word' id='word_1_115' title='bbox 1148 1254 1447 1295; x_wconf 82' lang='lat' dir='ltr'>sacerdotum</span> <span class='ocrx_word' id='word_1_116' title='bbox 1465 1265 1675 1303; x_wconf 89' lang='lat' dir='ltr'>numero;</span> <span class='ocrx_word' id='word_1_117' title='bbox 1695 1264 1851 1304; x_wconf 90' lang='lat' dir='ltr'>quam-</span> 
     </span>
     <span class='ocr_line' id='line_1_16' title="bbox 215 1324 1852 1380; baseline -0.004 -11"><span class='ocrx_word' id='word_1_118' title='bbox 215 1341 354 1380; x_wconf 89' lang='lat' dir='ltr'>quam</span> <span class='ocrx_word' id='word_1_119' title='bbox 375 1329 651 1380; x_wconf 90' lang='lat' dir='ltr'>quibusdam</span> <span class='ocrx_word' id='word_1_120' title='bbox 681 1339 793 1379; x_wconf 90' lang='lat' dir='ltr'>prae</span> <span class='ocrx_word' id='word_1_121' title='bbox 821 1328 1030 1379; x_wconf 89' lang='lat' dir='ltr'>ipsarum</span> <span class='ocrx_word' id='word_1_122' title='bbox 1060 1327 1350 1378; x_wconf 85' lang='lat' dir='ltr'>flagitatione</span> <span class='ocrx_word' id='word_1_123' title='bbox 1379 1325 1590 1365; x_wconf 91' lang='lat' dir='ltr'>auditum</span> <span class='ocrx_word' id='word_1_124' title='bbox 1618 1324 1852 1374; x_wconf 86' lang='lat' dir='ltr'>denegare</span> 
     </span>
     <span class='ocr_line' id='line_1_17' title="bbox 217 1395 1852 1452; baseline -0.004 -12"><span class='ocrx_word' id='word_1_125' title='bbox 217 1413 311 1440; x_wconf 87' lang='lat' dir='ltr'>non</span> <span class='ocrx_word' id='word_1_126' title='bbox 339 1411 601 1452; x_wconf 89' lang='lat' dir='ltr'>possumus.</span> <span class='ocrx_word' id='word_1_127' title='bbox 632 1399 804 1439; x_wconf 86' lang='lat' dir='ltr'>Vocati</span> <span class='ocrx_word' id='word_1_128' title='bbox 831 1410 970 1450; x_wconf 88' lang='lat' dir='ltr'>saepe</span> <span class='ocrx_word' id='word_1_129' title='bbox 998 1398 1288 1438; x_wconf 89' lang='lat' dir='ltr'>occurrimus</span> <span class='ocrx_word' id='word_1_130' title='bbox 1317 1395 1582 1437; x_wconf 83' lang='lat' dir='ltr'>animandis</span> <span class='ocrx_word' id='word_1_131' title='bbox 1610 1396 1852 1435; x_wconf 89' lang='lat' dir='ltr'>consolan-</span> 
     </span>
     <span class='ocr_line' id='line_1_18' title="bbox 215 1467 1852 1523; baseline -0.004 -12"><span class='ocrx_word' id='word_1_132' title='bbox 215 1472 380 1523; x_wconf 89' lang='lat' dir='ltr'>disque</span> <span class='ocrx_word' id='word_1_133' title='bbox 400 1471 488 1521; x_wconf 82' lang='lat' dir='ltr'>his,</span> <span class='ocrx_word' id='word_1_134' title='bbox 512 1471 590 1522; x_wconf 89' lang='lat' dir='ltr'>qui</span> <span class='ocrx_word' id='word_1_135' title='bbox 612 1471 657 1510; x_wconf 88' lang='lat' dir='ltr'>in</span> <span class='ocrx_word' id='word_1_136' title='bbox 679 1471 903 1510; x_wconf 84' lang='lat' dir='ltr'>extremis</span> <span class='ocrx_word' id='word_1_137' title='bbox 925 1476 1032 1510; x_wconf 91' lang='lat' dir='ltr'>sunt</span> <span class='ocrx_word' id='word_1_138' title='bbox 1055 1469 1321 1519; x_wconf 72' lang='lat' dir='ltr'>constituti,</span> <span class='ocrx_word' id='word_1_139' title='bbox 1346 1480 1436 1520; x_wconf 88' lang='lat' dir='ltr'>qua</span> <span class='ocrx_word' id='word_1_140' title='bbox 1467 1480 1517 1507; x_wconf 92' lang='lat' dir='ltr'>re</span> <span class='ocrx_word' id='word_1_141' title='bbox 1544 1467 1731 1507; x_wconf 89' lang='lat' dir='ltr'>videtur</span> <span class='ocrx_word' id='word_1_142' title='bbox 1761 1477 1852 1505; x_wconf 85' lang='lat' dir='ltr'>ma-</span> 
     </span>
     <span class='ocr_line' id='line_1_19' title="bbox 217 1536 1857 1593; baseline -0.004 -11"><span class='ocrx_word' id='word_1_143' title='bbox 217 1543 342 1582; x_wconf 82' lang='lat' dir='ltr'>xime</span> <span class='ocrx_word' id='word_1_144' title='bbox 364 1542 593 1582; x_wconf 86' lang='lat' dir='ltr'>concitari</span> <span class='ocrx_word' id='word_1_145' title='bbox 613 1542 770 1593; x_wconf 91' lang='lat' dir='ltr'>populi</span> <span class='ocrx_word' id='word_1_146' title='bbox 792 1540 993 1581; x_wconf 87' lang='lat' dir='ltr'>devotio.</span> <span class='ocrx_word' id='word_1_147' title='bbox 1018 1540 1312 1580; x_wconf 84' lang='lat' dir='ltr'>Conveniunt</span> <span class='ocrx_word' id='word_1_148' title='bbox 1333 1539 1526 1590; x_wconf 85' lang='lat' dir='ltr'>insuper</span> <span class='ocrx_word' id='word_1_149' title='bbox 1544 1537 1604 1577; x_wconf 91' lang='lat' dir='ltr'>ad</span> <span class='ocrx_word' id='word_1_150' title='bbox 1622 1548 1708 1577; x_wconf 89' lang='lat' dir='ltr'>nos</span> <span class='ocrx_word' id='word_1_151' title='bbox 1724 1536 1857 1575; x_wconf 88' lang='lat' dir='ltr'>multi</span> 
     </span>
     <span class='ocr_line' id='line_1_20' title="bbox 216 1607 1857 1665; baseline -0.004 -12"><span class='ocrx_word' id='word_1_152' title='bbox 216 1620 407 1665; x_wconf 90' lang='lat' dir='ltr'>propter</span> <span class='ocrx_word' id='word_1_153' title='bbox 429 1613 720 1664; x_wconf 89' lang='lat' dir='ltr'>spiritualem</span> <span class='ocrx_word' id='word_1_154' title='bbox 742 1612 1230 1652; x_wconf 87' lang='lat' dir='ltr'>communicationem.</span> <span class='ocrx_word' id='word_1_155' title='bbox 1256 1609 1397 1650; x_wconf 87' lang='lat' dir='ltr'>Pater</span> <span class='ocrx_word' id='word_1_156' title='bbox 1421 1609 1623 1649; x_wconf 89' lang='lat' dir='ltr'>Ioannes</span> <span class='ocrx_word' id='word_1_157' title='bbox 1650 1607 1857 1648; x_wconf 78' lang='lat' dir='ltr'>Alvarez</span> 
     </span>
     <span class='ocr_line' id='line_1_21' title="bbox 218 1678 1854 1736; baseline -0.004 -12"><span class='ocrx_word' id='word_1_158' title='bbox 218 1691 261 1724; x_wconf 89' lang='lat' dir='ltr'>et</span> <span class='ocrx_word' id='word_1_159' title='bbox 281 1684 472 1736; x_wconf 90' lang='lat' dir='ltr'>quidam</span> <span class='ocrx_word' id='word_1_160' title='bbox 493 1690 653 1724; x_wconf 87' lang='lat' dir='ltr'>noster</span> <span class='ocrx_word' id='word_1_161' title='bbox 678 1683 845 1733; x_wconf 86' lang='lat' dir='ltr'>frater,</span> <span class='ocrx_word' id='word_1_162' title='bbox 876 1683 953 1734; x_wconf 90' lang='lat' dir='ltr'>qui</span> <span class='ocrx_word' id='word_1_163' title='bbox 982 1695 1104 1722; x_wconf 89' lang='lat' dir='ltr'>anno</span> <span class='ocrx_word' id='word_1_164' title='bbox 1133 1682 1348 1734; x_wconf 82' lang='lat' dir='ltr'>proximo</span> <span class='ocrx_word' id='word_1_165' title='bbox 1381 1680 1570 1721; x_wconf 88' lang='lat' dir='ltr'>fuerunt</span> <span class='ocrx_word' id='word_1_166' title='bbox 1599 1678 1854 1727; x_wconf 86' lang='lat' dir='ltr'>Granatae,</span> 
     </span>
     <span class='ocr_line' id='line_1_22' title="bbox 216 1749 1859 1805; baseline -0.004 -10"><span class='ocrx_word' id='word_1_167' title='bbox 216 1756 310 1795; x_wconf 90' lang='lat' dir='ltr'>iam</span> <span class='ocrx_word' id='word_1_168' title='bbox 331 1755 390 1795; x_wconf 86' lang='lat' dir='ltr'>ad</span> <span class='ocrx_word' id='word_1_169' title='bbox 410 1767 496 1794; x_wconf 89' lang='lat' dir='ltr'>nos</span> <span class='ocrx_word' id='word_1_170' title='bbox 516 1755 696 1794; x_wconf 84' lang='lat' dir='ltr'>reversi</span> <span class='ocrx_word' id='word_1_171' title='bbox 717 1760 840 1804; x_wconf 89' lang='lat' dir='ltr'>sunt,</span> <span class='ocrx_word' id='word_1_172' title='bbox 865 1766 892 1793; x_wconf 88' lang='lat' dir='ltr'>a</span> <span class='ocrx_word' id='word_1_173' title='bbox 914 1754 1080 1805; x_wconf 92' lang='lat' dir='ltr'>quibus</span> <span class='ocrx_word' id='word_1_174' title='bbox 1108 1753 1418 1804; x_wconf 88' lang='lat' dir='ltr'>cognovimus</span> <span class='ocrx_word' id='word_1_175' title='bbox 1437 1784 1443 1802; x_wconf 95' lang='lat'>,</span> <span class='ocrx_word' id='word_1_176' title='bbox 1468 1762 1609 1803; x_wconf 91' lang='lat' dir='ltr'>quam</span> <span class='ocrx_word' id='word_1_177' title='bbox 1638 1749 1859 1790; x_wconf 82' lang='lat' dir='ltr'>ardenter</span> 
     </span>
     <span class='ocr_line' id='line_1_23' title="bbox 220 1821 1859 1878; baseline -0.005 -11"><span class='ocrx_word' id='word_1_178' title='bbox 220 1827 410 1878; x_wconf 90' lang='lat' dir='ltr'>cupiant</span> <span class='ocrx_word' id='word_1_179' title='bbox 431 1833 741 1877; x_wconf 81' lang='lat' dir='ltr'>granatenses</span> <span class='ocrx_word' id='word_1_180' title='bbox 763 1826 930 1865; x_wconf 73' lang='lat' dir='ltr'>habere</span> <span class='ocrx_word' id='word_1_181' title='bbox 952 1825 1074 1877; x_wconf 90' lang='lat' dir='ltr'>apud</span> <span class='ocrx_word' id='word_1_182' title='bbox 1097 1836 1146 1865; x_wconf 88' lang='lat' dir='ltr'>se</span> <span class='ocrx_word' id='word_1_183' title='bbox 1168 1825 1349 1876; x_wconf 88' lang='lat' dir='ltr'>aliquos</span> <span class='ocrx_word' id='word_1_184' title='bbox 1371 1836 1430 1863; x_wconf 84' lang='lat' dir='ltr'>ex</span> <span class='ocrx_word' id='word_1_185' title='bbox 1452 1822 1641 1863; x_wconf 85' lang='lat' dir='ltr'>nostris.</span> <span class='ocrx_word' id='word_1_186' title='bbox 1666 1821 1768 1861; x_wconf 90' lang='lat' dir='ltr'>Hoc</span> <span class='ocrx_word' id='word_1_187' title='bbox 1785 1832 1859 1871; x_wconf 89' lang='lat' dir='ltr'>pe-</span> 
     </span>
     <span class='ocr_line' id='line_1_24' title="bbox 219 1893 1862 1948; baseline -0.004 -10"><span class='ocrx_word' id='word_1_188' title='bbox 219 1899 292 1938; x_wconf 89' lang='lat' dir='ltr'>tiit</span> <span class='ocrx_word' id='word_1_189' title='bbox 311 1898 647 1938; x_wconf 88' lang='lat' dir='ltr'>instantissime</span> <span class='ocrx_word' id='word_1_190' title='bbox 669 1898 978 1948; x_wconf 89' lang='lat' dir='ltr'>gubernator,</span> <span class='ocrx_word' id='word_1_191' title='bbox 1003 1896 1345 1947; x_wconf 87' lang='lat' dir='ltr'>archiepiscopi</span> <span class='ocrx_word' id='word_1_192' title='bbox 1375 1893 1680 1946; x_wconf 83' lang='lat' dir='ltr'>granatensis</span> <span class='ocrx_word' id='word_1_193' title='bbox 1707 1893 1862 1932; x_wconf 91' lang='lat' dir='ltr'>locum</span> 
     </span>
     <span class='ocr_line' id='line_1_25' title="bbox 222 1963 1858 2020; baseline -0.004 -11"><span class='ocrx_word' id='word_1_194' title='bbox 222 1975 399 2019; x_wconf 86' lang='lat' dir='ltr'>tenens,</span> <span class='ocrx_word' id='word_1_195' title='bbox 423 1976 467 2008; x_wconf 89' lang='lat' dir='ltr'>et</span> <span class='ocrx_word' id='word_1_196' title='bbox 489 1969 567 2008; x_wconf 88' lang='lat' dir='ltr'>alii</span> <span class='ocrx_word' id='word_1_197' title='bbox 588 1980 809 2020; x_wconf 90' lang='lat' dir='ltr'>proceres</span> <span class='ocrx_word' id='word_1_198' title='bbox 831 1980 885 2008; x_wconf 83' lang='lat' dir='ltr'>ac</span> <span class='ocrx_word' id='word_1_199' title='bbox 909 1969 1037 2008; x_wconf 86' lang='lat' dir='ltr'>cives</span> <span class='ocrx_word' id='word_1_200' title='bbox 1058 1967 1299 2019; x_wconf 87' lang='lat' dir='ltr'>proposita</span> <span class='ocrx_word' id='word_1_201' title='bbox 1327 1978 1408 2017; x_wconf 90' lang='lat' dir='ltr'>spe</span> <span class='ocrx_word' id='word_1_202' title='bbox 1440 1965 1635 2005; x_wconf 80' lang='lat' dir='ltr'>maximi</span> <span class='ocrx_word' id='word_1_203' title='bbox 1664 1963 1858 2003; x_wconf 88' lang='lat' dir='ltr'>fructus.</span> 
     </span>
     <span class='ocr_line' id='line_1_26' title="bbox 222 2035 1863 2092; baseline -0.004 -12"><span class='ocrx_word' id='word_1_204' title='bbox 222 2041 383 2092; x_wconf 88' lang='lat' dir='ltr'>Neque</span> <span class='ocrx_word' id='word_1_205' title='bbox 413 2040 460 2080; x_wconf 87' lang='lat' dir='ltr'>id</span> <span class='ocrx_word' id='word_1_206' title='bbox 487 2041 637 2080; x_wconf 90' lang='lat' dir='ltr'>solum</span> <span class='ocrx_word' id='word_1_207' title='bbox 664 2040 820 2079; x_wconf 83' lang='lat' dir='ltr'>verbis</span> <span class='ocrx_word' id='word_1_208' title='bbox 843 2040 924 2079; x_wconf 90' lang='lat' dir='ltr'>sed</span> <span class='ocrx_word' id='word_1_209' title='bbox 948 2040 1085 2079; x_wconf 92' lang='lat' dir='ltr'>rebus</span> <span class='ocrx_word' id='word_1_210' title='bbox 1107 2039 1247 2078; x_wconf 82' lang='lat' dir='ltr'>etiam</span> <span class='ocrx_word' id='word_1_211' title='bbox 1267 2044 1445 2090; x_wconf 86' lang='lat' dir='ltr'>petunt:</span> <span class='ocrx_word' id='word_1_212' title='bbox 1478 2037 1718 2076; x_wconf 87' lang='lat' dir='ltr'>donavere</span> <span class='ocrx_word' id='word_1_213' title='bbox 1740 2035 1863 2073; x_wconf 89' lang='lat' dir='ltr'>enim</span> 
     </span>
     <span class='ocr_line' id='line_1_27' title="bbox 226 2105 1864 2163; baseline -0.004 -12"><span class='ocrx_word' id='word_1_214' title='bbox 226 2112 319 2151; x_wconf 91' lang='lat' dir='ltr'>iam</span> <span class='ocrx_word' id='word_1_215' title='bbox 340 2111 529 2163; x_wconf 89' lang='lat' dir='ltr'>quidam</span> <span class='ocrx_word' id='word_1_216' title='bbox 550 2117 594 2151; x_wconf 92' lang='lat' dir='ltr'>et</span> <span class='ocrx_word' id='word_1_217' title='bbox 623 2111 831 2150; x_wconf 87' lang='lat' dir='ltr'>obtulere</span> <span class='ocrx_word' id='word_1_218' title='bbox 860 2110 938 2150; x_wconf 90' lang='lat' dir='ltr'>alii</span> <span class='ocrx_word' id='word_1_219' title='bbox 966 2116 1192 2161; x_wconf 86' lang='lat' dir='ltr'>quantum</span> <span class='ocrx_word' id='word_1_220' title='bbox 1221 2109 1280 2149; x_wconf 90' lang='lat' dir='ltr'>ad</span> <span class='ocrx_word' id='word_1_221' title='bbox 1307 2107 1606 2149; x_wconf 89' lang='lat' dir='ltr'>sustinendos</span> <span class='ocrx_word' id='word_1_222' title='bbox 1635 2117 1723 2146; x_wconf 77' lang='lat' dir='ltr'>nos</span> <span class='ocrx_word' id='word_1_223' title='bbox 1755 2105 1864 2156; x_wconf 71' lang='lat' dir='ltr'>(sic)</span> 
     </span>
     <span class='ocr_line' id='line_1_28' title="bbox 218 2177 1866 2233; baseline -0.004 -11"><span class='ocrx_word' id='word_1_224' title='bbox 218 2188 404 2233; x_wconf 78' lang='lat' dir='ltr'>paucos</span> <span class='ocrx_word' id='word_1_225' title='bbox 423 2182 593 2222; x_wconf 85' lang='lat' dir='ltr'>fratres</span> <span class='ocrx_word' id='word_1_226' title='bbox 614 2182 822 2231; x_wconf 71' lang='lat' dir='ltr'>sufficiet,</span> <span class='ocrx_word' id='word_1_227' title='bbox 847 2193 956 2222; x_wconf 86' lang='lat' dir='ltr'>nam</span> <span class='ocrx_word' id='word_1_228' title='bbox 976 2181 1115 2221; x_wconf 85' lang='lat' dir='ltr'>Pater</span> <span class='ocrx_word' id='word_1_229' title='bbox 1137 2180 1311 2221; x_wconf 82' lang='lat' dir='ltr'>Sancta</span> <span class='ocrx_word' id='word_1_230' title='bbox 1335 2180 1471 2230; x_wconf 88' lang='lat' dir='ltr'>Cruz,</span> <span class='ocrx_word' id='word_1_231' title='bbox 1499 2179 1576 2230; x_wconf 91' lang='lat' dir='ltr'>qui</span> <span class='ocrx_word' id='word_1_232' title='bbox 1595 2184 1665 2218; x_wconf 92' lang='lat' dir='ltr'>est</span> <span class='ocrx_word' id='word_1_233' title='bbox 1685 2177 1866 2217; x_wconf 85' lang='lat' dir='ltr'>Conim-</span> 
     </span>
     <span class='ocr_line' id='line_1_29' title="bbox 227 2249 1867 2305; baseline -0.004 -13"><span class='ocrx_word' id='word_1_234' title='bbox 227 2253 400 2302; x_wconf 90' lang='lat' dir='ltr'>bricae,</span> <span class='ocrx_word' id='word_1_235' title='bbox 424 2259 467 2293; x_wconf 89' lang='lat' dir='ltr'>et</span> <span class='ocrx_word' id='word_1_236' title='bbox 489 2253 677 2305; x_wconf 88' lang='lat' dir='ltr'>quidam</span> <span class='ocrx_word' id='word_1_237' title='bbox 700 2254 798 2293; x_wconf 86' lang='lat' dir='ltr'>eius</span> <span class='ocrx_word' id='word_1_238' title='bbox 819 2253 980 2302; x_wconf 87' lang='lat' dir='ltr'>frater,</span> <span class='ocrx_word' id='word_1_239' title='bbox 1005 2253 1081 2304; x_wconf 91' lang='lat' dir='ltr'>qui</span> <span class='ocrx_word' id='word_1_240' title='bbox 1115 2252 1355 2292; x_wconf 85' lang='lat' dir='ltr'>Granatae</span> <span class='ocrx_word' id='word_1_241' title='bbox 1383 2250 1539 2302; x_wconf 89' lang='lat' dir='ltr'>degit,</span> <span class='ocrx_word' id='word_1_242' title='bbox 1573 2249 1867 2289; x_wconf 85' lang='lat' dir='ltr'>donaverunt</span> 
     </span>
     <span class='ocr_line' id='line_1_30' title="bbox 226 2319 1866 2375; baseline -0.004 -12"><span class='ocrx_word' id='word_1_243' title='bbox 226 2325 320 2364; x_wconf 89' lang='lat' dir='ltr'>iam</span> <span class='ocrx_word' id='word_1_244' title='bbox 342 2324 400 2363; x_wconf 87' lang='lat' dir='ltr'>ad</span> <span class='ocrx_word' id='word_1_245' title='bbox 423 2324 511 2363; x_wconf 87' lang='lat' dir='ltr'>hoc</span> <span class='ocrx_word' id='word_1_246' title='bbox 532 2336 614 2375; x_wconf 92' lang='lat' dir='ltr'>per</span> <span class='ocrx_word' id='word_1_247' title='bbox 635 2325 867 2375; x_wconf 82' lang='lat' dir='ltr'>publicum</span> <span class='ocrx_word' id='word_1_248' title='bbox 886 2325 1282 2373; x_wconf 50' lang='lat' dir='ltr'>mstrmnentmsn,</span> <span class='ocrx_word' id='word_1_249' title='bbox 1299 2322 1424 2374; x_wconf 88' lang='lat' dir='ltr'>quod</span> <span class='ocrx_word' id='word_1_250' title='bbox 1444 2320 1501 2361; x_wconf 87' lang='lat' dir='ltr'>ad</span> <span class='ocrx_word' id='word_1_251' title='bbox 1520 2332 1606 2360; x_wconf 90' lang='lat' dir='ltr'>nos</span> <span class='ocrx_word' id='word_1_252' title='bbox 1624 2319 1866 2368; x_wconf 86' lang='lat' dir='ltr'>miserunt,</span> 
     </span>
     <span class='ocr_line' id='line_1_31' title="bbox 229 2391 1870 2446; baseline -0.005 -11"><span class='ocrx_word' id='word_1_253' title='bbox 229 2396 415 2435; x_wconf 90' lang='lat' dir='ltr'>domum</span> <span class='ocrx_word' id='word_1_254' title='bbox 438 2395 706 2445; x_wconf 87' lang='lat' dir='ltr'>quamdam,</span> <span class='ocrx_word' id='word_1_255' title='bbox 730 2407 849 2446; x_wconf 90' lang='lat' dir='ltr'>quae</span> <span class='ocrx_word' id='word_1_256' title='bbox 871 2395 1051 2435; x_wconf 89' lang='lat' dir='ltr'>duobus</span> <span class='ocrx_word' id='word_1_257' title='bbox 1073 2395 1197 2434; x_wconf 92' lang='lat' dir='ltr'>mille</span> <span class='ocrx_word' id='word_1_258' title='bbox 1214 2395 1494 2434; x_wconf 88' lang='lat' dir='ltr'>ducatorum</span> <span class='ocrx_word' id='word_1_259' title='bbox 1516 2391 1806 2438; x_wconf 87' lang='lat' dir='ltr'>aestimatur,</span> <span class='ocrx_word' id='word_1_260' title='bbox 1826 2394 1870 2427; x_wconf 87' lang='lat' dir='ltr'>et</span> 
     </span>
     <span class='ocr_line' id='line_1_32' title="bbox 230 2463 1871 2517; baseline -0.004 -12"><span class='ocrx_word' id='word_1_261' title='bbox 230 2477 398 2506; x_wconf 89' lang='lat' dir='ltr'>census</span> <span class='ocrx_word' id='word_1_262' title='bbox 416 2466 644 2517; x_wconf 83' lang='lat' dir='ltr'>quosdam</span> <span class='ocrx_word' id='word_1_263' title='bbox 661 2473 925 2517; x_wconf 87' lang='lat' dir='ltr'>perpetuos:</span> <span class='ocrx_word' id='word_1_264' title='bbox 948 2466 1026 2505; x_wconf 92' lang='lat' dir='ltr'>alii</span> <span class='ocrx_word' id='word_1_265' title='bbox 1043 2477 1157 2506; x_wconf 81' lang='lat' dir='ltr'>vero</span> <span class='ocrx_word' id='word_1_266' title='bbox 1175 2465 1266 2505; x_wconf 86' lang='lat' dir='ltr'>alia</span> <span class='ocrx_word' id='word_1_267' title='bbox 1283 2464 1560 2516; x_wconf 88' lang='lat' dir='ltr'>promisere,</span> <span class='ocrx_word' id='word_1_268' title='bbox 1580 2463 1668 2501; x_wconf 87' lang='lat' dir='ltr'>hac</span> <span class='ocrx_word' id='word_1_269' title='bbox 1688 2466 1871 2501; x_wconf 85' lang='lat' dir='ltr'>tantum</span> 
     </span>
     <span class='ocr_line' id='line_1_33' title="bbox 230 2531 1871 2588; baseline -0.004 -12"><span class='ocrx_word' id='word_1_270' title='bbox 230 2538 357 2588; x_wconf 89' lang='lat' dir='ltr'>lege,</span> <span class='ocrx_word' id='word_1_271' title='bbox 386 2544 434 2576; x_wconf 91' lang='lat' dir='ltr'>ut</span> <span class='ocrx_word' id='word_1_272' title='bbox 462 2537 552 2576; x_wconf 90' lang='lat' dir='ltr'>sint</span> <span class='ocrx_word' id='word_1_273' title='bbox 581 2537 820 2577; x_wconf 87' lang='lat' dir='ltr'>Granatae</span> <span class='ocrx_word' id='word_1_274' title='bbox 847 2537 988 2588; x_wconf 90' lang='lat' dir='ltr'>aliqui</span> <span class='ocrx_word' id='word_1_275' title='bbox 1018 2549 1077 2577; x_wconf 79' lang='lat' dir='ltr'>ex</span> <span class='ocrx_word' id='word_1_276' title='bbox 1107 2537 1324 2577; x_wconf 88' lang='lat' dir='ltr'>Patribus</span> <span class='ocrx_word' id='word_1_277' title='bbox 1356 2534 1619 2575; x_wconf 84' lang='lat' dir='ltr'>Societatis.</span> <span class='ocrx_word' id='word_1_278' title='bbox 1652 2531 1871 2571; x_wconf 91' lang='lat' dir='ltr'>Nondum</span> 
     </span>
     <span class='ocr_line' id='line_1_34' title="bbox 232 2601 1871 2659; baseline -0.004 -11"><span class='ocrx_word' id='word_1_279' title='bbox 232 2608 468 2658; x_wconf 89' lang='lat' dir='ltr'>potuimus</span> <span class='ocrx_word' id='word_1_280' title='bbox 489 2607 641 2647; x_wconf 85' lang='lat' dir='ltr'>adhuc</span> <span class='ocrx_word' id='word_1_281' title='bbox 663 2608 917 2659; x_wconf 84' lang='lat' dir='ltr'>quicquam</span> <span class='ocrx_word' id='word_1_282' title='bbox 944 2608 1058 2647; x_wconf 90' lang='lat' dir='ltr'>certi</span> <span class='ocrx_word' id='word_1_283' title='bbox 1084 2607 1372 2659; x_wconf 86' lang='lat' dir='ltr'>respondere</span> <span class='ocrx_word' id='word_1_284' title='bbox 1404 2610 1599 2656; x_wconf 89' lang='lat' dir='ltr'>propter</span> <span class='ocrx_word' id='word_1_285' title='bbox 1628 2601 1871 2643; x_wconf 90' lang='lat' dir='ltr'>mittendo-</span> 
     </span>
     <span class='ocr_line' id='line_1_35' title="bbox 231 2673 1872 2730; baseline -0.003 -12"><span class='ocrx_word' id='word_1_286' title='bbox 231 2690 337 2718; x_wconf 91' lang='lat' dir='ltr'>rum</span> <span class='ocrx_word' id='word_1_287' title='bbox 357 2678 557 2718; x_wconf 86' lang='lat' dir='ltr'>fratrum</span> <span class='ocrx_word' id='word_1_288' title='bbox 578 2679 839 2730; x_wconf 79' lang='lat' dir='ltr'>penuriam3</span> <span class='ocrx_word' id='word_1_289' title='bbox 861 2679 1000 2730; x_wconf 90' lang='lat' dir='ltr'>pauci</span> <span class='ocrx_word' id='word_1_290' title='bbox 1021 2679 1144 2718; x_wconf 87' lang='lat' dir='ltr'>enim</span> <span class='ocrx_word' id='word_1_291' title='bbox 1161 2678 1237 2718; x_wconf 90' lang='lat' dir='ltr'>hic</span> <span class='ocrx_word' id='word_1_292' title='bbox 1254 2688 1429 2725; x_wconf 91' lang='lat' dir='ltr'>sumus,</span> <span class='ocrx_word' id='word_1_293' title='bbox 1452 2681 1501 2715; x_wconf 92' lang='lat' dir='ltr'>ut</span> <span class='ocrx_word' id='word_1_294' title='bbox 1521 2675 1615 2714; x_wconf 88' lang='lat' dir='ltr'>iam</span> <span class='ocrx_word' id='word_1_295' title='bbox 1636 2674 1789 2724; x_wconf 89' lang='lat' dir='ltr'>retuli,</span> <span class='ocrx_word' id='word_1_296' title='bbox 1809 2673 1872 2714; x_wconf 87' lang='lat' dir='ltr'>fu-</span> 
     </span>
     <span class='ocr_line' id='line_1_36' title="bbox 234 2744 1875 2801; baseline -0.003 -13"><span class='ocrx_word' id='word_1_297' title='bbox 234 2749 327 2789; x_wconf 84' lang='lat' dir='ltr'>turi</span> <span class='ocrx_word' id='word_1_298' title='bbox 348 2749 447 2789; x_wconf 89' lang='lat' dir='ltr'>sine</span> <span class='ocrx_word' id='word_1_299' title='bbox 469 2749 607 2789; x_wconf 85' lang='lat' dir='ltr'>dubio</span> <span class='ocrx_word' id='word_1_300' title='bbox 628 2750 785 2800; x_wconf 90' lang='lat' dir='ltr'>plures</span> <span class='ocrx_word' id='word_1_301' title='bbox 806 2749 845 2788; x_wconf 90' lang='lat' dir='ltr'>si</span> <span class='ocrx_word' id='word_1_302' title='bbox 863 2761 1020 2789; x_wconf 89' lang='lat' dir='ltr'>rerum</span> <span class='ocrx_word' id='word_1_303' title='bbox 1046 2755 1313 2801; x_wconf 89' lang='lat' dir='ltr'>suppeteret</span> <span class='ocrx_word' id='word_1_304' title='bbox 1342 2758 1471 2786; x_wconf 87' lang='lat' dir='ltr'>usus.</span> <span class='ocrx_word' id='word_1_305' title='bbox 1502 2745 1624 2786; x_wconf 84' lang='lat' dir='ltr'>Sunt</span> <span class='ocrx_word' id='word_1_306' title='bbox 1645 2745 1769 2785; x_wconf 88' lang='lat' dir='ltr'>enim</span> <span class='ocrx_word' id='word_1_307' title='bbox 1799 2744 1875 2784; x_wconf 89' lang='lat' dir='ltr'>hic</span> 
     </span>
     <span class='ocr_line' id='line_1_37' title="bbox 235 2816 1874 2870; baseline -0.002 -11"><span class='ocrx_word' id='word_1_308' title='bbox 235 2820 380 2860; x_wconf 92' lang='lat' dir='ltr'>multa</span> <span class='ocrx_word' id='word_1_309' title='bbox 401 2826 446 2860; x_wconf 88' lang='lat' dir='ltr'>et</span> <span class='ocrx_word' id='word_1_310' title='bbox 463 2820 610 2859; x_wconf 90' lang='lat' dir='ltr'>literis</span> <span class='ocrx_word' id='word_1_311' title='bbox 631 2826 674 2859; x_wconf 92' lang='lat' dir='ltr'>et</span> <span class='ocrx_word' id='word_1_312' title='bbox 695 2820 831 2860; x_wconf 91' lang='lat' dir='ltr'>bonis</span> <span class='ocrx_word' id='word_1_313' title='bbox 853 2821 1059 2860; x_wconf 89' lang='lat' dir='ltr'>moribus</span> <span class='ocrx_word' id='word_1_314' title='bbox 1079 2820 1193 2860; x_wconf 89' lang='lat' dir='ltr'>satis</span> <span class='ocrx_word' id='word_1_315' title='bbox 1215 2825 1325 2870; x_wconf 87' lang='lat' dir='ltr'>apta</span> <span class='ocrx_word' id='word_1_316' title='bbox 1347 2817 1558 2868; x_wconf 87' lang='lat' dir='ltr'>ingenia,</span> <span class='ocrx_word' id='word_1_317' title='bbox 1578 2827 1698 2868; x_wconf 89' lang='lat' dir='ltr'>quae</span> <span class='ocrx_word' id='word_1_318' title='bbox 1716 2816 1776 2856; x_wconf 89' lang='lat' dir='ltr'>acl</span> <span class='ocrx_word' id='word_1_319' title='bbox 1793 2827 1874 2855; x_wconf 89' lang='lat' dir='ltr'>no-</span> 
     </span>
     <span class='ocr_line' id='line_1_38' title="bbox 233 2887 1875 2942; baseline -0.002 -12"><span class='ocrx_word' id='word_1_320' title='bbox 233 2896 384 2930; x_wconf 87' lang='lat' dir='ltr'>stram</span> <span class='ocrx_word' id='word_1_321' title='bbox 415 2891 688 2930; x_wconf 88' lang='lat' dir='ltr'>societatem</span> <span class='ocrx_word' id='word_1_322' title='bbox 724 2891 958 2931; x_wconf 90' lang='lat' dir='ltr'>anhelant.</span> <span class='ocrx_word' id='word_1_323' title='bbox 991 2890 1214 2942; x_wconf 88' lang='lat' dir='ltr'>Suppleat</span> <span class='ocrx_word' id='word_1_324' title='bbox 1241 2888 1471 2929; x_wconf 90' lang='lat' dir='ltr'>Dominus</span> <span class='ocrx_word' id='word_1_325' title='bbox 1502 2887 1707 2938; x_wconf 88' lang='lat' dir='ltr'>benigna</span> <span class='ocrx_word' id='word_1_326' title='bbox 1734 2888 1875 2937; x_wconf 88' lang='lat' dir='ltr'>largi-</span> 
     </span>
     <span class='ocr_line' id='line_1_39' title="bbox 237 2957 1878 3013; baseline -0.002 -12"><span class='ocrx_word' id='word_1_327' title='bbox 237 2967 333 3001; x_wconf 90' lang='lat' dir='ltr'>tate</span> <span class='ocrx_word' id='word_1_328' title='bbox 355 2973 439 3002; x_wconf 91' lang='lat' dir='ltr'>sua</span> <span class='ocrx_word' id='word_1_329' title='bbox 462 2962 632 3012; x_wconf 89' lang='lat' dir='ltr'>omnia,</span> <span class='ocrx_word' id='word_1_330' title='bbox 657 2973 775 3013; x_wconf 89' lang='lat' dir='ltr'>quae</span> <span class='ocrx_word' id='word_1_331' title='bbox 797 2962 978 3011; x_wconf 89' lang='lat' dir='ltr'>desunt,</span> <span class='ocrx_word' id='word_1_332' title='bbox 1003 2974 1057 3002; x_wconf 92' lang='lat' dir='ltr'>eo</span> <span class='ocrx_word' id='word_1_333' title='bbox 1074 2967 1211 3013; x_wconf 85' lang='lat' dir='ltr'>pacto</span> <span class='ocrx_word' id='word_1_334' title='bbox 1230 2972 1318 3011; x_wconf 88' lang='lat' dir='ltr'>quo</span> <span class='ocrx_word' id='word_1_335' title='bbox 1335 2959 1489 3010; x_wconf 89' lang='lat' dir='ltr'>magis</span> <span class='ocrx_word' id='word_1_336' title='bbox 1508 2957 1567 2999; x_wconf 90' lang='lat' dir='ltr'>ad</span> <span class='ocrx_word' id='word_1_337' title='bbox 1582 2958 1785 3010; x_wconf 87' lang='lat' dir='ltr'>gloriam</span> <span class='ocrx_word' id='word_1_338' title='bbox 1806 2959 1878 2998; x_wconf 88' lang='lat' dir='ltr'>sui</span> 
     </span>
     <span class='ocr_line' id='line_1_40' title="bbox 238 3032 1177 3084; baseline 0 -12"><span class='ocrx_word' id='word_1_339' title='bbox 238 3032 527 3072; x_wconf 89' lang='lat' dir='ltr'>sanctissimi</span> <span class='ocrx_word' id='word_1_340' title='bbox 547 3033 749 3072; x_wconf 84' lang='lat' dir='ltr'>nominis</span> <span class='ocrx_word' id='word_1_341' title='bbox 769 3032 901 3072; x_wconf 88' lang='lat' dir='ltr'>novit</span> <span class='ocrx_word' id='word_1_342' title='bbox 928 3033 1177 3084; x_wconf 84' lang='lat' dir='ltr'>pertinere.</span> 
     </span>
    </p>
   </div>
  </div>
 </body>
</html>
