2168 3437
385 178 407 215 6
897 178 1124 215 LITTERAE
1151 187 1513 220 QUADRIMESTRES

384 274 566 323 versia,
595 274 661 314 ita
687 279 737 314 ut
762 273 1020 325 periculum
1051 273 1110 313 sit
1136 285 1193 313 ne
1221 273 1445 312 tumultus
1473 272 1553 312 fiat
1583 273 1630 313 in
1659 275 1830 326 populo
1859 280 2022 315 contra

385 346 564 385 clerum
584 351 629 385 et
647 345 894 396 religiosos
917 355 1093 384 omnes.
1116 343 1220 384 Non
1240 356 1426 395 possem
1454 344 1619 384 litteris
1646 345 1883 396 explicare
1912 357 2026 397 quo-

388 416 525 456 modo
546 415 622 455 hic
641 415 847 467 religiosi
874 421 919 455 et
949 415 1221 455 sacerdotes
1249 415 1341 455 sint
1371 415 1525 466 exosi,
1556 415 1789 467 quomodo
1818 422 1923 468 post
1944 428 2024 457 eos

389 488 613 527 clametur
634 488 682 527 in
702 487 869 539 plateis
891 487 990 526 sine
1013 486 1167 538 aliqua
1186 485 1488 526 verecundia.

467 557 562 598 Nos
595 557 777 609 pacifici
811 568 1054 598 manemus
1089 556 1214 608 apud
1248 558 1472 608 templum
1507 557 1645 597 divae
1669 558 1886 599 Ursulae.
1918 558 2032 599 Istis>

389 629 624 669 mensibus
645 629 802 669 multis
823 629 878 668 de
900 628 1055 668 causis
1076 629 1228 669 coacti
1248 627 1419 668 fuimus
1439 639 1525 667 nos
1554 629 1705 679 magis
1732 629 1857 669 domi
1884 629 2024 670 conti-

390 711 500 740 nere
521 705 565 740 et
586 705 747 740 nostra
769 700 923 739 studia
945 705 1165 739 tractare.
1190 699 1367 739 Tamen
1388 699 1633 739 dominicis
1651 700 1812 740 diebus
1833 706 1878 740 et
1895 700 2034 741 festis.

391 770 461 810 bis
483 781 666 822 semper
687 770 1063 810 exhortationem
1084 770 1225 810 habui
1247 770 1447 810 diversis
1468 770 1515 810 in
1535 770 1649 810 locis
1677 770 1703 808 '.

475 841 674 892 Quidam
693 842 894 893 promoti
914 842 961 881 in
982 841 1159 882 artibus
1181 848 1225 881 et
1247 842 1515 881 sacerdotes
1538 853 1679 893 saepe
1710 853 1796 882 nos
1822 842 2028 882 invisant

395 912 505 963 (sic)
532 919 610 952 aut
639 912 912 953 consulendi
945 918 1023 952 aut
1054 912 1306 952 confitendi
1334 912 1512 963 gratia,
1543 913 1664 952 inter
1691 924 1808 964 quos
1836 919 1906 953 est
1935 913 2029 964 qui-

397 984 504 1024 dam
523 983 644 1023 filius
665 984 869 1024 consulis
889 989 1130 1035 promotus
1154 984 1200 1023 in
1222 984 1421 1034 artibus,
1445 984 1521 1035 qui
1544 984 1679 1024 valde
1706 984 1929 1025 Societati
1960 990 2030 1024 est

395 1054 621 1095 addictus.
658 1054 798 1106 Apud
833 1066 1127 1095 communem
1161 1055 1383 1106 populum
1411 1055 1528 1095 bene
1557 1056 1794 1105 audimus,
1835 1055 2033 1095 libenter

394 1138 480 1166 nos
515 1126 723 1166 audiunt.
764 1124 855 1166 Sed
889 1126 1030 1176 aliqui
1063 1126 1397 1177 magistrorum
1427 1132 1697 1166 nostrorum
1731 1126 1745 1145 ²
1777 1127 2031 1166 admodum

397 1208 538 1248 aegre
571 1209 657 1237 nos
690 1195 864 1246 ferunt,
903 1208 1101 1248 quorum
1134 1208 1252 1236 unus
1286 1197 1333 1237 in
1367 1197 1564 1248 publicis
1600 1198 1904 1237 concionibus
1937 1197 2038 1237 suis

395 1274 621 1319 quantum
641 1273 795 1320 potest
816 1267 1095 1307 contradicit
1116 1268 1273 1318 nobis,
1298 1268 1355 1308 ab
1378 1268 1480 1307 aliis
1507 1269 1628 1308 male
1656 1267 1955 1319 infor-meum,
1989 1274 2033 1308 et

396 1339 462 1378 ita
484 1339 696 1379 inhaeret
718 1350 830 1378 suae
853 1338 1081 1390 opinioni,
1111 1344 1160 1378 ut
1181 1339 1403 1390 quicquid
1424 1339 1713 1379 contrarium
1734 1339 1914 1390 audiat,
1940 1351 2033 1379 non

399 1409 573 1450 credat.
598 1408 851 1461 Speramus
873 1409 1027 1449 omnia
1052 1410 1183 1449 brevi
1204 1410 1397 1449 meliora
1419 1409 1508 1450 Dei
1526 1410 1697 1461 gratia.

478 1480 602 1521 Nihil
623 1480 775 1521 adhuc
797 1481 1091 1532 percepimus
1112 1481 1167 1520 de
1189 1480 1380 1520 Andrea
1401 1480 1602 1532 Phrysio
1623 1480 1652 1531 ³,
1672 1492 1809 1532 quem
1829 1492 1935 1521 cum
1957 1479 2032 1521 Se—

398 1552 613 1592 bastiano
653 1550 668 1569 4
707 1557 814 1591 ante
855 1557 1081 1591 aestatem
1120 1550 1317 1591 Romam
1356 1551 1583 1591 misimus.
1631 1552 1844 1603 Intelligo
1890 1551 2035 1603 ipsius

399 1630 580 1674 patrem
600 1623 717 1662 bene
739 1628 1007 1662 contentum
1030 1621 1151 1674 quod
1171 1633 1221 1661 se
1242 1620 1464 1662 Societati
1487 1622 1686 1673 dederit,
1710 1629 1753 1662 et
1777 1623 1932 1662 omnia
1959 1634 2034 1662 ne-

403 1691 611 1734 cessaria
627 1704 730 1733 esse
752 1693 816 1732 illi
836 1698 1054 1744 paratum
1073 1692 1272 1742 mittere,
1296 1692 1434 1733 modo
1456 1693 1574 1733 sciat
1591 1693 1781 1733 ubinam
1799 1699 1924 1744 agat.

479 1764 609 1804 Haec
630 1770 737 1804 sunt
759 1775 877 1816 quae
896 1764 945 1804 P.
972 1763 1029 1804 V.
1054 1763 1300 1804 scribenda
1333 1770 1610 1813 occurrunt,
1643 1765 1716 1804 cui
1749 1764 1883 1804 unice
1913 1775 2034 1804 com-

400 1835 647 1876 mendatos
667 1846 754 1875 nos
775 1835 1002 1886 cupimus.

486 1906 607 1956 1552,
632 1906 793 1946 ultima
814 1905 1034 1957 Augusti.

484 1977 537 2017 R.
562 1976 621 2017 V.
646 1988 812 2017 servus
832 1977 1074 2027 indignus,

1310 2118 1594 2158 LEONARDUS
1624 2118 1820 2159 KESSEL.

485 2331 864 2383 Superscm'ptz‘o:
886 2331 986 2371 R.d0
1014 2331 1059 2371 in
1081 2330 1166 2371 X.0
1184 2331 1312 2372 Patri
1334 2332 1455 2374 Dno.
1480 2332 1663 2383 Ignatio
1686 2344 1712 2371 a
1733 2331 1929 2382 Loyola,
1954 2330 2041 2371 Ge-

404 2403 551 2443 nerali
572 2402 844 2454 Praeposito
865 2401 1116 2442 Societatis
1135 2402 1260 2453 Iesu,
1284 2403 1475 2443 Romae.

484 2475 635 2513 Manu
655 2473 704 2525 J.
730 2473 821 2513 Ph.
866 2473 990 2512 Vito:
1012 2473 1154 2513 Iesus.
1191 2473 1305 2513 1552.
1340 2473 1554 2524 Colonia,
1587 2473 1643 2513 de
1664 2473 1769 2514 Μ.ΓΟ
1795 2471 2045 2513 Leonardo

408 2545 587 2595 Kesscl,
612 2545 684 2585 del
705 2545 868 2584 ultimo
891 2544 946 2583 de
965 2544 1195 2594 Augusto.
1282 2547 1284 2549 '

462 2754 471 2773 ¹
512 2754 605 2781 Haec
622 2754 727 2781 fusius
741 2757 775 2780 et
792 2753 917 2780 elarius
931 2752 1036 2780 habes
1052 2752 1084 2779 in
1100 2752 1266 2786 POLANco,
1284 2751 1439 2779 Clzrom'c.
1456 2752 1578 2780 Societ.
1593 2753 1694 2788 Jesu,
1709 2755 1789 2779 tom.
1802 2759 1835 2785 11,
1852 2758 1929 2785 pag.
1944 2751 2006 2778 585.

461 2802 475 2821 ἓ
513 2801 597 2834 Quid
612 2801 742 2828 nomine
759 2800 1014 2833 Magz'strorum
1031 2801 1231 2826 nostrorum
1247 2799 1300 2825 hic
1316 2799 1433 2826 veniat
1448 2800 1555 2827 habes
1569 2800 1602 2827 in
1619 2800 1775 2833 Cartasy
1788 2800 1882 2825 otros
1897 2799 2044 2825 escritos

411 2849 467 2875 del
482 2847 521 2875 B.
540 2848 575 2874 P.
591 2848 705 2875 Pcdro
722 2847 848 2879 Fahro,
864 2851 887 2874 t.
901 2854 921 2879 ι,
937 2854 1016 2881 pag.
1034 2846 1084 2873 103
1098 2850 1131 2874 et
1145 2845 1207 2873 224.

463 2897 477 2916 5
516 2896 601 2923 Vide
617 2903 730 2930 supra,
747 2899 802 2928 t.1,
818 2902 896 2929 pag.
912 2894 974 2925 546,
992 2898 1062 2921 not.
1078 2894 1103 2920 2.

463 2945 477 2964 4
514 2943 562 2971 Dc
596 2944 657 2970 hoc
692 2942 905 2975 Sebastiam),
936 2942 1040 2975 cujus,
1074 2949 1255 2975 suppresso
1291 2942 1433 2975 nomine,
1468 2942 1659 2968 meminisse
1693 2941 1829 2968 videtur
1863 2940 2045 2967 Pomxcus

411 2991 545 3022 Chron..
560 2994 582 3017 t.
601 2998 633 3024 11,
652 2997 730 3025 pag.
746 2989 807 3021 535,
824 2997 853 3016 n.
869 2989 932 3021 397,
949 2988 1031 3015 nihil
1048 2988 1157 3015 adhue
1174 2989 1258 3015 certi
1275 2989 1399 3015 addere
1417 2990 1582 3016 valemus,
