2168 3437
343 288 415 326 540
858 285 1086 323 LITTERAE
1113 296 1472 329 QUADRIMESTRES

424 383 682 434 Audivisti,
714 383 874 433 credo,
907 382 1301 434 quemadmodum
1328 382 1467 423 Pater
1497 383 1724 435 Magister
1754 384 1984 439 Hierony-

342 467 445 496 mus
466 454 616 494 Nadal
638 453 832 493 mirifico
860 459 904 493 et
924 453 1079 494 studio
1107 459 1152 493 et
1179 454 1492 494 sollicitudine
1519 453 1663 506 Regis
1691 466 1747 495 ac
1773 455 1984 508 Reginae

341 525 633 566 efficiendum
654 524 913 575 curaverit,
937 530 987 564 ut
1008 524 1174 564 domus
1191 536 1218 564 a
1240 525 1450 575 collegiis
1478 536 1563 576 pro
1585 536 1713 566 more
1734 525 1983 568 Societatis

342 601 658 647 separaretur;
678 607 777 635 rem
794 596 1015 635 nimirum
1031 596 1203 647 populo
1222 595 1514 636 fructuosam
1531 601 1577 636 et
1592 597 1769 648 utilem,
1791 598 1868 650 qui
1885 599 1982 651 qui-

341 666 447 707 dem
467 673 575 706 ante
595 667 723 707 illum
746 667 867 706 diem
890 667 946 707 de
968 668 1034 707 eis
1055 667 1194 707 rebus
1215 667 1454 707 nesciebat
1476 667 1586 719 quid
1616 669 1983 711 existimandum

341 744 478 788 esset;
502 749 608 778 cum
629 738 751 778 enim
773 738 927 778 omnia
950 738 1234 778 haberentur
1256 738 1472 789 confusa,
1503 738 1606 779 aliis
1633 740 1725 779 alia
1748 742 1981 782 sententia

342 815 457 849 erat.
480 809 586 862 Jam
606 820 730 848 nunc
746 808 836 849 Dei
857 815 950 861 opt.
975 821 1099 849 max.
1126 809 1351 849 beneficio
1372 815 1498 850 recte
1528 810 1797 863 optimoque
1820 812 1985 852 ordine

340 886 511 920 cuncta
535 879 810 931 procedunt,
834 887 934 920 tum
955 881 1015 921 ad
1035 880 1124 920 Dei
1145 880 1331 920 laudem
1348 887 1392 920 et
1409 881 1636 922 maiorem
1652 883 1868 934 gloriam,
1887 889 1987 923 tum

341 950 401 990 ad
424 950 800 991 aedificationem
822 950 958 1002 hujus
979 952 1153 1003 populi,
1173 951 1252 1003 qui
1267 963 1351 992 nos
1368 951 1696 993 benevolentia
1720 955 1983 1006 complecti-

343 1028 420 1062 tur
441 1022 685 1073 singulari.

423 1093 642 1134 Calendis
665 1093 883 1134 Octobris
904 1094 1007 1134 Rex
1022 1094 1155 1134 nobis
1173 1094 1406 1134 concessit
1423 1095 1646 1146 templum
1662 1095 1774 1136 Divi
1790 1096 1984 1149 Rocchi,

340 1164 621 1205 latissimum
648 1171 693 1206 et
720 1165 765 1204 in
795 1166 1100 1205 celeberrimo
1129 1166 1270 1205 totius
1300 1166 1428 1205 urbis
1463 1172 1508 1205 et
1544 1167 1852 1208 saluberrimo
1881 1170 1985 1210 loco

340 1236 561 1287 positum,
586 1237 709 1288 quod
730 1237 916 1288 quidem
938 1237 1162 1288 templum
1183 1249 1290 1277 cum
1306 1238 1501 1277 multum
1523 1238 1599 1278 diu
1619 1251 1645 1278 a
1665 1239 1986 1281 confratribus

339 1307 536 1358 petitum
558 1314 681 1348 esset
702 1319 874 1360 eosque
896 1307 942 1348 id
963 1308 1258 1348 retinendum
1280 1309 1578 1349 constituisse
1610 1309 1710 1350 Rex
1738 1312 1986 1363 cognovis-

337 1385 422 1429 set,
447 1384 552 1431 post
572 1380 744 1420 multas
764 1391 929 1432 preces
952 1379 1252 1431 officiosaque
1274 1380 1486 1431 imperia,
1513 1381 1640 1421 diem'
1658 1381 1771 1432 fixit,
1809 1395 1900 1434 quo
1927 1384 1987 1424 ad

340 1450 452 1490 illud
489 1451 562 1491 die
597 1451 803 1501 veniret,
841 1457 890 1491 ut
927 1451 1061 1491 nobis
1095 1451 1194 1503 ipse
1228 1463 1455 1503 praesens
1491 1452 1604 1492 illud
1639 1454 1863 1494 traderet.
1900 1454 1986 1495 Ita-

336 1533 430 1572 que
451 1522 576 1573 fecit,
600 1528 645 1562 et
664 1523 800 1562 nobis
821 1534 905 1574 per
926 1522 1098 1563 Dnum.
1120 1522 1311 1563 Petrum
1327 1522 1666 1564 Mascarenhas
1683 1526 1843 1565 claves
1863 1537 1985 1566 com-

342 1593 460 1633 mitti
477 1592 628 1644 jussit;
652 1594 730 1645 qui
752 1599 909 1634 tamen
931 1600 980 1634 ut
1011 1601 1080 1634 est
1112 1594 1247 1645 aequi
1275 1594 1676 1647 servantissimus,
1702 1595 1984 1648 hominibus,

338 1676 399 1704 ne
420 1676 561 1715 quam
581 1665 845 1705 molestiam
875 1665 982 1705 inde
1010 1665 1362 1716 contraherent,
1394 1666 1636 1707 satisfecit.
1670 1666 1878 1708 Primum
1912 1668 1987 1708 100

339 1736 472 1775 aurei
492 1736 709 1786 restituti,
734 1748 851 1787 quos
871 1737 976 1788 plus
997 1737 1150 1776 minus
1181 1736 1245 1776 illi
1273 1737 1540 1777 coemendis
1569 1739 1788 1789 tessellis,
1819 1739 1987 1791 quibus

341 1805 593 1846 artificiose
628 1807 816 1858 quidem
844 1813 1125 1847 exornatum
1159 1808 1383 1858 templum
1416 1814 1539 1858 erat,
1578 1817 1985 1863 consumpserant3

339 1873 504 1917 decem
525 1878 637 1918 item
658 1878 705 1918 in
722 1878 933 1929 singulos
951 1890 1114 1929 annos,
1134 1879 1258 1930 quod
1276 1878 1463 1929 quidem
1480 1880 1807 1931 compendium
1824 1883 1986 1922 arcula

339 1948 751 2000 eleemosynarum
772 1948 929 1989 facere
951 1961 1089 2001 posse
1110 1949 1372 1989 videbatur.
1397 1950 1590 1990 Decreti
1609 1951 1774 1992 deinde
1791 1953 1987 2004 triginta

339 2019 538 2071 singulis
558 2020 817 2071 quibusque
840 2021 976 2060 annis
997 2021 1206 2072 parocho
1227 2020 1363 2072 hujus
1385 2021 1635 2073 ecclesiae,
1661 2023 1771 2063 dum
1793 2024 1982 2075 vixerit,

338 2091 418 2141 qui
439 2091 639 2142 amplius
661 2091 854 2142 triginta
886 2103 1036 2131 annos
1066 2091 1128 2131 ibi
1155 2091 1470 2132 habitaverat.
1501 2092 1678 2144 Quibus
1706 2105 1820 2135 sane
1847 2095 1987 2136 rebus

340 2174 446 2202 cum
467 2174 560 2202 non
582 2163 772 2202 omnino
792 2162 965 2203 fratres
987 2169 1143 2203 essent
1166 2164 1388 2214 contenti,
1408 2163 1535 2204 haud
1552 2171 1657 2216 post
1679 2167 1850 2206 multos
1868 2166 1981 2219 dies,

339 2234 527 2284 quando
549 2233 788 2286 coepimus
809 2234 856 2274 in
878 2246 932 2273 eo
953 2235 1056 2274 loco
1079 2245 1236 2285 agere,
1260 2235 1554 2286 pensiculato
1575 2236 1752 2288 fructu,
1779 2238 1858 2290 qui
1878 2238 1986 2279 inde

339 2305 506 2356 ingens
527 2305 798 2357 percipitur,
819 2306 1027 2346 omnium
1043 2317 1158 2356 erga
1174 2317 1261 2346 nos
1277 2307 1545 2347 voluntates
1563 2308 1838 2360 animosque
1855 2308 1985 2350 Deus

339 2382 435 2427 opt.
460 2388 583 2416 max.
604 2376 934 2417 conformavit.
954 2376 1351 2417 Animadvertunt
1369 2390 1572 2430 namque
1590 2380 1763 2430 optime
1780 2392 1983 2421 commu-

339 2453 481 2497 tasse,
496 2447 759 2497 ecclesiam,
775 2448 853 2487 uni
866 2447 1052 2499 quidem
1069 2448 1277 2499 parocho
1295 2448 1576 2501 ademptam,
1590 2451 1746 2491 multis
1762 2451 1986 2492 traditam

338 2530 457 2569 esse,
481 2525 614 2559 tanto
636 2519 791 2559 studio
814 2519 1219 2570 sollicitudineque
1241 2519 1342 2559 Deo
1369 2520 1697 2562 servientibus.
1733 2521 1867 2573 Quod
1899 2534 1980 2563 eos

339 2590 528 2641 quidem
550 2595 676 2630 certe
697 2590 1018 2642 maximopere
1040 2590 1241 2630 delectat
1258 2596 1398 2642 atque
1417 2593 1701 2633 consolatur:
1723 2604 1863 2644 quam
1880 2605 1984 2645 pro-

339 2661 463 2702 fecto
484 2662 735 2712 laetitiam,
767 2667 1077 2713 posteaquam
1104 2667 1149 2701 et
1176 2662 1439 2702 institutum
1469 2668 1514 2702 et
1541 2664 1773 2704 rationem
1793 2671 1984 2704 nostrae

342 2732 548 2772 omnium
568 2733 694 2773 vitae
715 2733 1062 2783 intellexerunt,
1087 2738 1185 2772 tum
1213 2733 1371 2773 verbis
1397 2739 1497 2773 tum
1525 2745 1574 2773 re
1604 2745 1744 2785 saepe
1774 2734 1984 2775 declara-

339 2809 464 2854 runt,
487 2804 665 2843 nullum
685 2814 892 2854 unquam
914 2809 1097 2855 tempus
1117 2804 1500 2855 intermittentes,
1533 2805 1644 2856 quin
1670 2805 1772 2845 Deo
1800 2806 1984 2856 gratias

340 2881 558 2925 agerent,
594 2874 718 2926 quod
752 2875 886 2914 nobis
912 2875 1068 2926 potius
1098 2886 1237 2926 quam
1273 2875 1431 2915 multis
1465 2875 1569 2932 aliis
1604 2866 1840 2926 religiosis
1859 2909 1866 2926 ,
1905 2877 1985 2928 qui

340 2956 446 2984 eam
474 2946 671 2996 adipisci
698 2945 840 2996 Regis
872 2946 982 2985 item
1009 2945 1173 2985 favore
1204 2951 1518 2997 tentaverant,
1550 2947 1666 2986 haec
1705 2946 1845 2986 aedes
1876 2946 1983 2996 (Do-

340 3015 466 3055 mino
488 3028 645 3056 rerum
667 3016 873 3056 omnium
892 3017 1049 3067 gratia
1071 3023 1115 3056 et
1132 3017 1249 3067 laus)
1268 3017 1511 3057 obvenerit
1528 3028 1583 3057 ac
1601 3018 1867 3069 contigerit.
1887 3018 1980 3058 De-

339 3085 479 3136 nique
500 3087 546 3126 in
568 3087 749 3138 regiam
770 3099 820 3127 se
842 3088 1153 3137 contulerunt,
1178 3087 1403 3138 Reginae,
1428 3099 1547 3139 quae
1570 3088 1758 3139 quidem
1775 3094 1918 3140 caput
1935 3095 1982 3129 et
