2168 3437
940 219 1023 256 AN.
1054 219 1146 257 1553>
1783 219 1856 256 367

218 315 303 354 bus
324 314 469 354 literis
492 314 551 354 ad
572 314 715 354 Rham
736 321 863 355 tuam
884 315 1156 366 scripsimus
1180 313 1205 366 ¹,
1230 326 1367 366 quem
1389 314 1586 354 daemon
1602 326 1628 353 a
1646 314 1722 365 pio
1744 326 1848 365 pro-

217 385 369 436 posito
387 385 730 425 detractionum
751 386 913 426 naevis
931 384 1178 426 Societatis
1194 385 1382 436 inustis,
1402 390 1685 425 commotum
1702 385 1847 425 semel

217 461 546 506 revocaverat,
572 461 620 495 ut
641 468 803 496 coram
823 455 984 507 Patre,
1008 455 1207 496 candido
1230 467 1286 496 ac
1306 467 1506 507 syncero
1523 455 1699 506 animo,
1724 467 1850 495 men-

215 525 274 565 tis
295 526 599 566 mutationem
619 527 859 578 professus
889 539 916 566 a
946 526 1079 566 nobis
1110 538 1249 578 quam
1279 526 1593 566 alienissimus
1620 526 1750 566 visus
1771 527 1847 566 sit.

218 595 360 647 Atqui
381 596 590 636 divinam
613 597 906 636 vocationem
927 596 1132 636 humano
1155 596 1348 636 consilio
1378 608 1472 636 non
1501 595 1600 636 fore
1621 596 1847 637 frustran-

214 666 323 707 dam
344 673 469 707 recte
491 667 768 717 arbitratus,
792 667 1009 707 humanis
1030 667 1327 706 suasionibus
1348 666 1629 717 suffragium
1645 667 1846 718 repetiit,

212 742 257 777 et
276 737 587 788 palinodiam,
611 749 796 777 omnem
816 749 999 777 moram
1019 743 1063 777 et
1086 737 1299 777 inducias
1321 737 1603 788 abrumpens
1622 769 1630 787 ,
1662 738 1846 778 cecinit.

213 808 373 860 Itaque
405 814 574 848 octavo
605 808 732 861 Junii
762 808 808 848 in
834 814 1025 848 nostrae
1060 807 1265 847 familiae
1300 808 1656 848 contubernium
1692 820 1794 849 sese
1824 821 1848 849 e

214 878 509 918 xenodochio
531 879 591 929 (in
614 891 703 930 quo
725 878 1008 930 pauperibus
1029 889 1122 917 non
1143 877 1242 917 sine
1268 878 1413 929 pestis
1440 879 1649 929 periculo
1671 880 1844 919 servie-

214 954 301 1000 rat,
336 960 454 1000 puro
485 948 659 989 Christi
689 960 848 989 amore
877 955 921 989 et
949 949 1212 988 animarum
1245 949 1344 988 zelo
1380 949 1623 1000 impulsus)
1654 951 1844 1001 recepit;

214 1031 350 1071 quem
371 1031 532 1060 omnes
553 1031 645 1060 una
666 1032 773 1060 cum
792 1020 895 1072 ipso
916 1019 1056 1060 Patre
1077 1019 1365 1060 admiramur
1386 1025 1430 1059 et
1452 1020 1774 1071 amplectimur
1792 1022 1850 1061 ob

214 1090 445 1141 insignem
480 1090 770 1130 obedientiae
804 1102 1040 1142 veraeque
1073 1090 1315 1141 religionis
1351 1090 1397 1129 in
1431 1089 1532 1141 ipso
1572 1097 1851 1141 regnantem

214 1160 390 1200 Christi
421 1161 650 1212 spiritum.
682 1161 725 1201 ls
759 1160 1009 1213 aliquando
1039 1160 1474 1212 Hypodidascalum
1504 1161 1600 1211 egit
1634 1161 1681 1201 in
1714 1161 1848 1202 Flan-

215 1231 336 1282 dria3
363 1243 538 1272 annum
558 1232 696 1272 modo
719 1232 817 1283 agit
846 1232 1334 1283 vigesimumsextum3
1367 1231 1512 1282 probe
1540 1231 1776 1272 institutus
1801 1233 1849 1272 in

215 1302 363 1342 literis
383 1303 758 1354 humanioribus,
782 1302 1104 1355 philosophiae
1134 1302 1287 1342 studio
1313 1301 1589 1352 designatus
1611 1308 1680 1342 est
1708 1315 1736 1342 a
1766 1302 1850 1342 Pa-

212 1379 305 1423 tre;
329 1380 509 1413 tantam
529 1374 806 1414 modestiam
827 1379 871 1414 et
896 1385 1079 1414 morum
1109 1373 1428 1413 maturitatem
1456 1384 1570 1424 prae
1598 1385 1646 1413 se
1672 1373 1845 1424 ferens,

212 1450 260 1484 ut
281 1456 308 1483 a
329 1444 464 1484 nobis
485 1445 776 1496 trigesimum
792 1445 929 1485 facile
948 1444 1161 1496 attigisse
1177 1456 1351 1484 annum
1368 1444 1600 1484 iudicatus
1616 1444 1688 1484 sit.
1708 1444 1844 1484 Hunc

215 1514 492 1555 paternitati
512 1521 619 1555 tuae
641 1515 1020 1567 acceptissimum
1040 1515 1139 1555 fore
1161 1515 1277 1555 certi
1298 1525 1558 1566 speramus.

288 1585 420 1626 Alter
444 1586 717 1627 adolescens
738 1592 807 1626 est
829 1597 1061 1626 annorum
1081 1585 1426 1636 novemdecim,
1451 1585 1661 1624 honestis
1682 1597 1846 1636 paren-

210 1657 353 1706 tibus,
377 1657 476 1697 vita
497 1657 749 1709 defunctis,
781 1658 830 1697 in
856 1656 1158 1708 Burgundiae
1187 1656 1362 1696 ducatu
1388 1662 1549 1707 natus,
1583 1667 1721 1707 quem
1742 1656 1849 1695 hae-

208 1728 367 1768 redem
384 1728 749 1780 primogenitum
778 1728 1088 1780 reliquerunt,
1114 1739 1250 1767 rarae
1276 1726 1533 1767 modestiae
1563 1738 1619 1766 ac
1641 1726 1844 1777 singula-

209 1799 273 1839 ris
292 1799 481 1850 pietatis
502 1799 635 1840 donis
655 1800 917 1851 praeditus,
941 1799 988 1839 in
1008 1798 1156 1839 literis
1183 1798 1364 1849 latinis,
1393 1797 1579 1848 graecis
1600 1803 1644 1837 et
1666 1797 1829 1837 hebrai

209 1869 276 1909 cis
297 1870 591 1911 mediocriter
619 1876 850 1911 versatus.
874 1870 917 1910 Is
938 1870 986 1910 in
1006 1870 1179 1910 nostris
1209 1869 1401 1909 aedibus
1429 1874 1648 1920 suscepta
1670 1869 1845 1908 exerci-

208 1940 380 1981 tiorum
409 1947 677 1981 nostrorum
705 1942 868 1982 militia
902 1941 1129 1991 eruditus,
1165 1945 1354 1980 nostrae
1384 1939 1609 1980 Societati
1640 1940 1848 1979 animum

210 2012 385 2064 appulit
407 2018 450 2052 et
472 2013 565 2053 iam
591 2013 835 2053 nobiscum
863 2012 1120 2064 permansit
1147 2011 1396 2061 hactenus,
1431 2017 1589 2061 spreta
1616 2010 1849 2050 honorum

203 2081 437 2134 civilium,
463 2084 522 2124 ad
543 2095 658 2135 quos
680 2096 706 2124 a
728 2084 825 2124 suis
840 2084 1190 2135 provocabatur
1207 2093 1309 2133 spe,
1330 2081 1440 2133 quin
1456 2082 1599 2121 etiam
1614 2081 1846 2121 Abbatiae

209 2160 336 2194 certa
365 2155 695 2206 promissione,
720 2167 747 2195 a
768 2154 971 2207 quodam
997 2153 1181 2194 Abbate
1210 2153 1439 2204 sanguine
1470 2153 1555 2192 sibi
1586 2153 1744 2192 iuncto
1772 2153 1849 2192 ob-

208 2225 352 2276 latae,
389 2225 658 2277 posthabita
693 2225 940 2277 dignitate,
977 2225 1179 2274 ieiuniis,
1218 2224 1369 2264 cilicio
1411 2236 1466 2264 ac
1501 2223 1850 2263 mortificationi

209 2295 280 2335 sui
300 2307 356 2336 ac
377 2296 669 2347 potissimum
690 2296 980 2336 obedientiae
1001 2295 1202 2346 legibus,
1227 2294 1394 2346 quibus
1411 2301 1618 2344 caetera,
1643 2294 1703 2334 ad
1723 2305 1844 2345 quae

208 2366 282 2418 pie
302 2378 563 2418 propensus
583 2373 673 2418 est,
696 2367 905 2418 metitur,
930 2365 1296 2416 addictissimus,
1327 2377 1465 2417 quem
1492 2364 1631 2405 Pater
1651 2377 1736 2416 pro
1759 2376 1845 2404 sua

209 2438 456 2489 prudentia
490 2438 661 2489 optime
694 2438 934 2478 moderari
960 2438 1091 2478 novit
1120 2449 1178 2477 ne
1207 2437 1317 2488 quid
1346 2437 1483 2476 nimis
1514 2436 1721 2476 humeris
1751 2436 1850 2476 suis

212 2509 436 2560 imponat.
478 2509 560 2549 Est
599 2508 722 2549 enim
756 2520 952 2561 corpore
985 2520 1210 2561 procerus
1245 2507 1452 2560 quidem,
1489 2519 1656 2559 parum
1690 2513 1848 2547 tamen

209 2580 449 2631 robustus,
473 2591 758 2632 quamquam
778 2580 1001 2620 incolumi
1016 2579 1284 2620 valetudine
1305 2579 1525 2630 potiatur.
1544 2578 1587 2618 Is
1605 2579 1651 2618 in
1668 2578 1845 2629 lingua-

209 2662 314 2692 rum
344 2651 497 2691 studio
528 2656 822 2702 perseverat,
856 2663 915 2691 ex
943 2650 1097 2691 Patris
1128 2650 1280 2690 nostri
1310 2649 1526 2700 arbitrio,
1551 2649 1848 2700 potissimum

208 2723 386 2763 latinae
408 2723 597 2774 linguae
618 2721 803 2762 deditus
824 2720 852 2762 ².

268 2881 279 2902 ¹
319 2882 408 2909 Vide
428 2889 541 2916 supra,
558 2889 635 2916 pag.
651 2880 712 2908 286.

265 2929 279 2949 2
314 2929 434 2957 Eritne
450 2929 504 2956 h'rc
520 2929 576 2956 ille
588 2928 736 2961 Jacobus
750 2927 910 2956 Morellus
924 2928 1077 2963 (Morell),
1093 2928 1133 2956 de
1149 2935 1212 2962 quo
1227 2926 1363 2960 saepius
1377 2927 1502 2954 mentio
1517 2928 1666 2955 occurrit
1682 2928 1714 2955 in
1729 2927 1846 2956 Sancti

210 2976 336 3011 Ignatii
353 2977 478 3004 litteris
493 2976 640 3003 nondum
655 2975 765 3010 editis,
783 2983 946 3010 quemque
963 2976 1148 3008 PoLANcus,
1167 2975 1369 3006 Clzrom'con,
1384 2978 1406 3000 t.
1423 2981 1471 3008 111,
1488 2982 1566 3009 pag.
1582 2975 1644 3010 296,
1659 2984 1689 3003 n.
1706 2975 1768 3010 661,
1780 2974 1847 3003 Mo-

209 3024 332 3052 relium
348 3024 516 3059 appellat?
