2168 3437
322 213 394 251 678
834 209 1064 246 LITTERAE
1091 212 1452 251 QUADRmESTREs

324 309 410 348 bus
432 307 639 357 mireque
658 304 915 345 incitarunt
933 301 992 343 ad
1010 301 1352 342 conficiendum
1370 307 1415 341 et
1431 301 1761 341 illustrandum
1778 301 1965 341 inchoa-

324 386 422 419 tum
451 389 581 429 opus.
607 374 993 416 D.1²³Cardinalis
1025 373 1033 393 ¹
1064 373 1182 414 dixit
1216 372 1347 413 Patri
1382 372 1554 413 Mironi
1587 379 1637 412 ut
1667 383 1749 412 eas
1784 372 1966 412 litteras

323 450 527 490 Eboram
548 448 768 497 mitteret,
793 458 886 498 quo
907 445 1113 486 maiores
1135 444 1317 484 animos
1339 450 1382 484 et
1405 444 1598 495 spiritus
1619 443 1829 484 adderet.

403 519 709 570 Summopere
740 517 920 558 incensi
951 522 1058 556 sunt
1090 527 1252 556 omnes
1282 515 1572 566 profectione
1599 514 1906 555 Patriarchae
1935 515 1963 553 ².

325 592 566 642 Exoptant
587 601 692 629 eum
712 587 958 640 p1·osequi;
981 599 1119 627 nemo
1141 592 1300 626 tamen
1321 586 1578 626 etiamnum
1596 592 1665 626 est
1681 585 1964 626 declaratus.

322 662 555 703 Dominus
579 665 755 701 statuat
777 659 901 711 quod
924 659 1014 699 sibi
1034 658 1359 709 gratissimum
1378 657 1533 697 fuerit.

403 733 509 774 Duo
531 732 724 772 Fratres
740 735 973 771 venerunt
992 729 1308 779 Conimbrica,
1328 735 1524 780 uterque
1542 728 1764 768 sacerdos
1782 734 1969 768 creatus

323 811 407 846 est.
428 805 479 845 In
496 803 676 844 Indiam
695 802 807 843 abiit
825 802 944 842 alter
960 799 988 851 ³,
1010 802 1129 840 alter
1145 800 1390 841 nobiscum
1407 807 1493 840 est.
1511 799 1783 850 Antequam
1798 798 1969 838 initiati

325 882 496 924 essent,
518 875 811 915 docebantur
839 872 1044 925 quotidie
1075 871 1402 912 caeremonias
1430 883 1512 923 per
1540 871 1705 911 horam
1733 870 1790 910 ab
1823 871 1967 910 eccle-

325 948 529 997 siarcha‚
554 958 638 998 per
659 946 856 986 alteram
879 944 1133 984 audiebant
1154 943 1344 984 Patrem
1364 942 1673 983 Franciscum
1689 940 1718 992 4,
1739 942 1816 993 qui
1834 953 1968 993 quae-

325 1019 502 1059 stiones
524 1016 841 1057 confessarias
861 1015 1081 1067 explicat,
1106 1014 1166 1054 ad
1188 1026 1326 1066 quern
1346 1014 1513 1066 reliqui
1534 1013 1806 1053 sacerdotes
1837 1024 1965 1052 acce-

329 1091 518 1140 debant,
542 1089 598 1129 de
629 1088 702 1128 his
724 1087 1078 1140 quaestionibus
1100 1086 1367 1136 tractaturi,
1399 1097 1491 1137 quo
1521 1085 1567 1125 in
1590 1084 1835 1125 audiendis
1866 1095 1972 1124 con-

327 1161 613 1202 fessionibus
648 1159 898 1200 solutiores
926 1164 1098 1198 essent.
1127 1157 1197 1198 Ita
1226 1156 1405 1197 factum
1431 1164 1495 1206 ut,
1529 1156 1607 1196 ubi
1636 1156 1838 1208 primum
1865 1161 1973 1195 sunt

329 1232 596 1273 sacerdotio
621 1231 805 1280 initiati,
832 1229 1080 1271 confestim
1098 1241 1181 1269 suo
1199 1240 1392 1268 munere
1413 1229 1507 1268 sint
1527 1227 1689 1267 functi.

408 1303 601 1355 Aliquot
624 1303 670 1343 in
691 1309 907 1342 nostrum
928 1301 1139 1341 ordinem
1161 1300 1372 1351 cooptati
1389 1305 1511 1339 sunt.
1532 1298 1648 1339 Cum
1665 1298 1803 1338 Pater
1821 1297 1973 1338 Miron

331 1376 470 1416 rediit
492 1375 664 1423 Ebora,
688 1373 931 1425 praemisit
953 1372 1070 1412 duos
1091 1371 1262 1412 ibidem
1283 1377 1515 1422 receptos,
1538 1377 1587 1410 ut
1609 1379 1764 1410 essent
1782 1368 1973 1409 admini-

334 1448 441 1497 stri3
475 1454 672 1497 uterque
694 1445 920 1485 exercitia
948 1444 1129 1495 primae
1156 1442 1480 1482 hebdomadae
1507 1442 1703 1493 accepit,
1733 1441 1780 1480 in
1807 1440 1975 1492 quibus

327 1519 466 1560 valde
497 1518 699 1571 profecit
733 1524 944 1568 uterque.
975 1516 1109 1556 Alter
1143 1514 1493 1555 Conimbricam
1526 1513 1697 1553 missus
1737 1518 1827 1561 est,
1857 1512 1975 1552 alter

335 1591 581 1631 nobiscum
603 1589 853 1637 ministrat,
879 1588 956 1639 qui
978 1593 1230 1637 antequam
1247 1586 1490 1636 ingressus
1512 1590 1650 1633 esset,
1673 1584 1767 1624 iam
1785 1583 1862 1623 diu
1883 1583 1973 1623 vir-

333 1668 431 1702 tute
454 1661 696 1713 praeditus
717 1666 834 1706 erat,
859 1657 1272 1698 mortificationum
1295 1657 1436 1696 etiam
1459 1662 1656 1705 amator,
1681 1655 1868 1695 interim
1884 1654 1974 1694 die-

332 1734 418 1773 bus
438 1732 571 1773 festis
593 1732 774 1772 cinctus
796 1730 944 1781 paleis
966 1729 980 1748 5
1001 1736 1044 1769 et
1067 1735 1198 1768 veste
1222 1728 1449 1768 vilissima
1468 1727 1780 1767 conveniebat
1797 1726 1975 1766 amicos

334 1812 379 1845 et
400 1803 712 1853 necessarios,
737 1813 855 1854 quos
876 1800 1118 1853 splendide
1139 1800 1336 1840 vestitos
1358 1810 1461 1839 esse
1483 1798 1817 1850 cognoscebat,
1849 1797 1975 1849 quod

331 1877 374 1916 ei
397 1882 499 1916 erat
520 1886 703 1915 summo
725 1874 912 1914 solatio.
936 1873 1080 1913 Venit
1101 1872 1220 1912 alius
1241 1872 1399 1912 Ebora
1420 1878 1469 1911 ut
1491 1871 1795 1921 ministraret,
1826 1869 1903 1921 qui
1926 1869 1972 1908 in

329 1947 567 1988 exercitiis
582 1947 834 1998 plurimum
850 1944 1065 1996 profecit,
1083 1944 1215 1984 adest
1232 1941 1260 1983 ⁸³.
1281 1942 1376 1983 Alii
1388 1948 1633 1993 praeterea
1653 1946 1760 1981 sunt
1773 1941 1975 1991 ingressi

331 2019 391 2059 ad
410 2019 574 2059 literas
603 2018 713 2069 apti.
739 2017 843 2057 Duo
870 2016 1042 2056 fratres
1064 2015 1242 2055 Baetici
1264 2014 1460 2054 consilio
1482 2013 1636 2053 Patris
1657 2012 1828 2053 Avilae
1850 2011 1862 2029 ⁷
1884 2011 1975 2051 huc

332 2097 580 2138 venerunt,
614 2096 810 2139 uterque
843 2088 1014 2136 bonus,
1045 2086 1124 2126 ubi
1154 2086 1358 2136 primum
1388 2085 1502 2124 facti
1529 2090 1636 2124 sunt
1674 2084 1898 2124 certiores
1919 2082 1975 2122 de

331 2163 566 2214 ingressu,
594 2173 693 2201 rem
716 2160 1052 2200 commiserunt
1074 2157 1260 2198 cuidam
1280 2157 1384 2197 viro
1406 2157 1483 2208 pio
1506 2162 1554 2196 ut
1570 2167 1674 2195 eam
1691 2155 1977 2207 pauperibus

332 2233 667 2289 distribueren-
691 2232 849 2282 itaque
890 2236 998 2270 sunt
1034 2229 1251 2280 ingressi.
1288 2227 1422 2268 Alter
1458 2227 1820 2276 Conimbricam,
1859 2227 1976 2265 alter

332 2305 538 2345 Eboram
574 2304 745 2343 missus
773 2308 857 2342 est.
888 2301 1100 2342 Admissi
1132 2306 1239 2340 sunt
1269 2300 1359 2340 duo
1388 2310 1564 2350 magna
1593 2298 1767 2338 virtute
1802 2297 1969 2345 ornati,

335 2387 535 2428 quorum
559 2376 676 2414 alter
711 2374 758 2414 in
792 2373 944 2424 prima
967 2373 1117 2411 classe
1145 2371 1442 2420 versabatur,
1477 2369 1639 2409 literas
1669 2379 1872 2420 graecas
1898 2368 1973 2407 do—

333 2453 436 2487 ctus
458 2453 598 2498 atque
621 2445 913 2495 rhetoricen,
938 2449 1077 2483 natus
1099 2442 1202 2482 viro
1233 2442 1488 2482 admodum
1515 2440 1679 2491 nobili,
1710 2439 1784 2480 cui
1810 2438 1892 2479 filii
1911 2439 1974 2478 in-

333 2529 531 2570 gressus
553 2517 806 2557 admodum
833 2515 1024 2567 placuit,
1049 2514 1194 2554 multo
1221 2512 1375 2564 magis
1403 2512 1559 2562 matri,
1588 2523 1707 2563 quae
1734 2511 1825 2551 huc
1846 2510 1974 2550 venit

389 2702 399 2721 ¹
440 2701 607 2728 Henrieus
619 2722 625 2734 ,
642 2700 698 2735 qui
714 2700 900 2734 Collegium
918 2698 1082 2726 Societati
1098 2698 1234 2724 Eborae
1249 2696 1465 2724 aedificabat.

389 2750 403 2768 2
438 2748 673 2783 patriarchae
688 2748 908 2782 Aethiopiae,
924 2747 963 2773 de
980 2753 1044 2780 quo
1059 2745 1196 2779 saepius
1211 2745 1305 2772 facta
1320 2749 1371 2772 est
1387 2749 1421 2772 et
1436 2745 1493 2773 fiet
1509 2746 1646 2773 mentio.

388 2797 402 2816 5
441 2795 519 2823 Fuit
534 2797 590 2823 ille
608 2795 756 2822 Didacus
772 2795 812 2821 de
828 2795 983 2828 Soveral,
1000 2801 1075 2820 cum
1091 2792 1127 2819 P.
1145 2792 1330 2820 Francisco
1347 2792 1453 2820 Viera
1470 2794 1502 2820 in
1517 2793 1648 2820 Indiam
1665 2792 1798 2819 missus.

389 2845 404 2864 4
442 2843 478 2870 P.
494 2842 715 2870 Franciscum
731 2842 933 2875 Rodriguez.

390 2891 404 2911 5
442 2890 536 2917 Fune
553 2890 684 2917 cinctus
699 2889 870 2916 contextis
887 2888 996 2923 paleis
1011 2888 1115 2915 sacto.

388 2937 403 2957 6
441 2937 496 2965 Sic
512 2937 701 2971 perspicue;
718 2941 751 2963 et
766 2943 886 2963 sensus
901 2943 974 2963 esse
989 2935 1127 2963 videtur
1143 2934 1325 2962 nobiscum
1344 2936 1418 2968 agit
1433 2939 1493 2962 aut
1504 2936 1726 2969 perseverat.

390 2986 402 3004 ⁷
441 2985 478 3012 Β.
493 2985 641 3018 Joanncs
658 2985 696 3011 de
710 2985 824 3018 Avila,
836 2984 1026 3011 saecularis
1040 2983 1212 3018 sacerdos,
1226 2983 1265 3010 de
1282 2991 1346 3018 quo
1358 2983 1495 3018 saepius
1510 2983 1564 3011 hic
1580 2987 1613 3010 et
1628 2983 1661 3010 in
1673 2981 1857 3009 Societatis
1874 2981 1976 3008 histo>

334 3033 388 3061 ria
402 3033 529 3060 mentio
545 3033 639 3060 facta
655 3037 706 3059 est
722 3031 856 3066 fietque.
