2168 3437
925 256 1004 294 AN.
1037 257 1129 294 1554
1769 259 1839 295 (³79

196 358 428 403 rogatum
451 353 620 393 obnixe
638 360 688 393 ut
709 354 1013 405 reciperetur,
1037 354 1160 405 quod
1181 354 1275 394 iam
1291 355 1471 406 pridem
1492 361 1696 406 cuperet.
1718 355 1841 396 Alte-

205 423 304 463 rius
327 434 510 474 quoque
531 431 682 464 mater
713 425 772 464 ad
800 436 885 465 nos
914 425 1038 465 venit
1063 423 1088 465 ¹.
1118 424 1333 476 Quinque
1365 432 1443 465 aut
1472 438 1555 465 sex
1585 437 1644 466 ex
1670 428 1842 467 nostris

206 494 500 534 auditoribus
523 506 704 535 summa
728 496 1025 536 contentione
1047 495 1306 547 efflagitant
1327 504 1375 536 ut
1403 497 1707 548 recipiantur,
1731 497 1841 538 data

204 565 297 604 iam
319 576 346 604 a
368 565 580 616 patribus
603 565 615 583 '²
637 565 874 606 facultate.

281 635 552 676 Bernardus
574 637 843 688 iaponensis
870 636 884 655 ⁵
911 637 1194 678 Societatem
1221 638 1461 689 ingressus
1490 644 1574 688 est,
1599 639 1671 678 vir
1701 640 1842 690 plane

203 706 352 746 bonus
370 718 378 758 3
397 707 548 758 primo
569 708 785 759 cupiebat
802 709 1123 760 maximopere
1140 709 1313 761 aliquid
1331 709 1532 761 discere;
1555 721 1721 750 verum
1738 721 1843 750 cum

203 789 263 817 ex
297 778 441 828 longa
471 779 777 829 navigatione
807 786 930 819 esset
957 779 1223 830 languidus,
1248 786 1291 820 et
1319 780 1513 820 infirmis
1541 781 1738 828 viribus,
1766 793 1841 832 po-

203 848 294 888 tius
334 848 592 890 ducebatur
627 851 747 891 ratio
775 850 1060 890 valetudinis
1094 856 1144 890 ut
1179 851 1470 891 commodius
1508 863 1593 891 suo
1628 858 1837 903 tempore

202 919 375 971 optatis
394 921 638 971 potiretur.
663 922 753 962 Ubi
775 922 928 973 coepit
943 922 1109 962 melius
1126 922 1314 972 habere,
1339 923 1553 974 exposita
1576 929 1644 962 est
1661 923 1709 962 ⁴ei
1739 935 1837 974 pre-

200 991 323 1032 catio
346 991 595 1042 dominica,
620 994 752 1033 cuius
774 993 1027 1044 explicatio
1049 993 1166 1033 adeo
1189 993 1253 1032 illi
1273 993 1516 1044 satisfecit,
1542 994 1658 1034 adeo
1677 1005 1836 1034 conso-

201 1063 296 1102 lata
317 1069 387 1103 est
410 1069 459 1103 ut
481 1063 657 1104 diceret
678 1076 728 1104 se
749 1065 866 1104 nihil
887 1064 1088 1116 amplius
1111 1065 1230 1104 velle
1252 1064 1512 1114 addiscere,
1537 1065 1585 1104 in
1605 1076 1660 1105 ea
1682 1077 1839 1116 preca-

198 1134 329 1174 tione
354 1135 512 1175 omnia
533 1135 622 1175 sita
645 1147 770 1185 esse;
793 1142 973 1175 tantum
997 1135 1043 1175 id
1063 1135 1184 1175 Velle
1213 1135 1336 1186 quod
1358 1135 1598 1187 Superiori
1624 1137 1842 1188 probare-

203 1210 292 1256 tur,
317 1217 423 1246 cum
444 1206 727 1257 intelligeret
750 1207 797 1247 id
817 1206 971 1247 Deum
992 1207 1126 1256 velle,
1147 1213 1289 1258 atque
1310 1207 1594 1247 dominicam
1615 1208 1841 1258 precatio—

201 1288 309 1316 nem
331 1277 546 1317 recitare.
570 1277 684 1317 Eum
704 1277 758 1317 R.
783 1276 833 1317 P.
852 1277 1006 1318 Miron
1025 1277 1374 1318 Conimbricam
1394 1278 1534 1318 misit.
1554 1277 1740 1328 Paulus,
1765 1279 1843 1329 qui

204 1346 379 1388 Ormuz
401 1349 530 1388 venit
550 1347 579 1397 4,
599 1349 646 1388 in
667 1348 847 1389 Indiam
868 1348 1104 1400 profectus
1127 1354 1211 1396 est,
1237 1349 1311 1387 cui
1332 1348 1433 1388 Rex
1454 1349 1678 1389 viaticum
1700 1350 1840 1400 largi-

199 1425 276 1459 tus
298 1426 382 1469 est,
407 1426 654 1471 praeterea
676 1420 798 1460 unde
818 1421 1023 1460 aleretur
1041 1420 1240 1470 singulis
1257 1421 1408 1459 annis.

282 1489 325 1530 A
346 1490 466 1530 festo
484 1490 861 1531 Resurrectionis
877 1496 1023 1542 usque
1042 1491 1100 1530 ad
1117 1490 1424 1531 Ascensionis
1440 1491 1636 1531 fecimus
1653 1503 1840 1531 sacrum

203 1573 289 1613 pro
312 1562 637 1602 distributione
658 1562 1011 1614 provinciarum
1034 1561 1293 1613 Hispaniae
1315 1560 1343 1599 ⁵.

284 1633 357 1673 Ex
380 1634 481 1674 aliis
503 1634 712 1685 epistolis
729 1634 957 1685 intelliget
974 1639 1055 1673 tua
1071 1632 1340 1673 Paternitas
1362 1645 1481 1684 quae
1498 1633 1685 1673 Domini
1705 1634 1841 1674 bene-

199 1704 303 1744 ficio
331 1705 378 1744 in
405 1705 480 1745 his
506 1705 718 1756 partibus
751 1712 858 1746 acta
893 1711 1014 1745 sunt.
1048 1704 1182 1756 Quod
1214 1705 1443 1756 reliquum
1480 1705 1690 1755 obsecro,
1728 1704 1839 1744 Rme

199 1776 249 1816 P.
264 1782 305 1827 r,
328 1782 379 1816 ut
399 1788 486 1816 nos
507 1776 608 1817 Deo
630 1776 945 1817 commendes.

279 1847 353 1888 Ex
374 1847 584 1903 Collegio
607 1847 980 1900 OIyssiponens1,
1003 1847 1042 1887 8.
1068 1848 1172 1887 idus
1193 1847 1305 1899 Maji
1330 1848 1445 1888 1554.

282 2060 393 2100 Alia
414 2073 559 2101 manu
577 2073 591 2101 .·
614 2061 764 2112 Quad.

283 2132 347 2172 Et
368 2131 495 2172 alia:
515 2133 586 2173 Ex
604 2133 814 2183 Collegio
837 2133 1208 2184 Ulyssiponensi.

280 2203 345 2243 Et
365 2204 507 2244 tertia
525 2215 539 2243 .·
565 2204 679 2253 1554,
704 2203 730 2243 8
752 2204 812 2244 id.
837 2204 962 2244 Maii.

256 2363 267 2383 ¹
307 2363 396 2391 idem
409 2371 471 2398 pro
486 2371 545 2391 suo
560 2364 628 2391 filio
643 2368 819 2398 rogatura.

258 2411 272 2430 ‘2
309 2411 528 2438 Parentibus
542 2412 630 2446 lege.

253 2459 268 2478 3
305 2458 394 2486 Vide
410 2459 559 2486 POLANCI
576 2459 780 2490 Clwonz'con,
794 2458 934 2493 passim,
950 2459 1167 2492 praesertim,
1188 2463 1210 2485 t.
1227 2466 1275 2490 111,
1291 2465 1370 2492 pag.
1386 2457 1447 2491 409,
1461 2466 1491 2485 n.
1507 2458 1569 2486 9021.

251 2507 267 2527 ⁴
302 2505 442 2533 Ibidem.

251 2553 266 2573 5
302 2553 425 2581 Divisa
438 2557 489 2581 est
503 2554 567 2581 hoc
584 2561 671 2581 anno
687 2553 854 2586 Hispania
869 2553 901 2580 in
917 2556 988 2580 tres
1003 2553 1211 2587 provincias,
1228 2552 1472 2587 Castellanam‚
1489 2553 1687 2587 Aragoniae
1703 2557 1736 2580 et
1753 2552 1837 2580 Bae-

197 2602 318 2636 ticam3
333 2602 373 2629 de
386 2609 452 2636 qua
467 2609 504 2629 re
519 2602 590 2629 fuse
606 2601 782 2628 PoLANcus
797 2601 830 2628 in
847 2600 1025 2635 Chronico,
1040 2605 1062 2627 t.
1079 2600 1254 2627 xxm—Vide
1270 2600 1374 2627 etiam
1392 2600 1517 2627 Cartas
1532 2600 1575 2627 de
1591 2600 1664 2627 San
1680 2600 1838 2634 Ignacio,

198 2653 222 2677 t.
237 2657 284 2684 1v,
297 2649 405 2677 Carta
419 2656 533 2676 ccccv.
