2168 3437
420 241 470 278 98
932 241 1160 278 LITTERAE
1188 251 1550 283 QUADRIMESTRES

421 335 624 377 Sanctae
653 336 957 377 Obedientiae
986 337 1285 387 promulgata
1312 336 1437 387 lege,
1463 336 1764 376 oeconomiae
1791 342 1983 377 nostrae
2006 349 2060 377 ac

420 408 705 448 domesticae
741 407 1092 448 consuetudinis
1124 407 1335 447 ordinem
1365 406 1677 447 Reverentiae
1708 413 1814 447 tuae
1846 420 2059 459 compen-

421 479 571 519 diaria
607 479 904 519 enarratione
932 479 1238 530 explicemus;
1276 484 1374 518 tum
1404 490 1575 518 usurae
1609 478 1887 530 spiritualiS‚
1921 490 2062 530 quam

419 550 540 590 R.dus
564 550 703 590 Pater
723 549 1026 600 Paschasius,
1054 562 1112 589 ex
1133 561 1224 601 quo
1246 556 1457 600 tempore
1486 549 1577 589 huc
1609 550 1953 601 commigravit,
1989 562 2059 590 ac-

419 622 542 673 cepti
562 633 589 661 a
610 620 813 661 Domino
835 621 997 661 talenti
1018 621 1226 661 subsidio
1247 621 1413 671 fretus,
1447 621 1638 660 uberem
1673 621 1860 672 quidem
1882 632 1937 661 ac
1969 621 2059 660 fru-

419 698 633 732 ctuosam
655 692 842 732 Christo
864 692 1073 732 lucratus
1100 693 1178 742 sit,
1211 692 1443 732 rationem
1474 691 1776 732 Paternitatis
1803 698 1912 732 tuae
1941 692 2059 732 arbi-

417 764 508 803 trio
532 762 807 814 reddamus;
831 772 1069 814 postremo
1100 763 1419 814 negotiorum,
1451 761 1662 813 erigendi
1693 762 1890 814 Collegii
1919 763 2059 803 facul-

416 840 562 874 tatem
601 846 657 874 ac
691 834 759 874 rei
798 834 1045 874 familiaris
1084 834 1368 874 adminicula
1407 834 1747 885 spectantium,
1790 845 2062 874 successum

417 906 743 946 communibus
763 906 888 946 votis
910 906 1195 957 aspirantem
1218 907 1508 946 nunciemus.
1536 905 1665 956 Quae
1686 906 1896 957 singula,
1929 906 2062 957 quasi

417 978 610 1017 ansulae
631 978 883 1018 catenatim
906 990 955 1018 se
973 984 1312 1029 consequentes
1334 983 1473 1029 atque
1491 988 1725 1027 annexae,
1749 977 1989 1017 succincta
2007 989 2061 1017 ac

415 1048 666 1100 perspicua
688 1049 807 1088 serie
829 1061 855 1088 a
876 1048 1010 1089 nobis
1032 1048 1321 1088 deducentur
1350 1060 1404 1089 ac
1432 1054 1755 1100 proponentur
1786 1048 1845 1088 ad
1875 1048 2062 1088 divinae

415 1119 596 1170 gloriae
630 1120 1023 1172 propagationem
1054 1131 1109 1160 ac
1144 1118 1334 1160 Paterni
1361 1120 1428 1160 tui
1455 1119 1666 1160 mandati
1695 1119 1916 1159 humilem
1955 1120 2058 1159 obe-

415 1190 655 1231 dientiam.

421 1253 438 1284 *
495 1261 731 1313 Principio
753 1262 911 1314 igitur,
936 1267 1162 1313 quantum
1184 1262 1244 1302 ad
1266 1262 1554 1302 domesticae
1576 1262 1880 1303 institutionis
1907 1262 2060 1318 obser-

413 1333 650 1373 vationem
675 1334 858 1385 attinet,
885 1333 963 1374 filii
986 1334 1066 1384 tui,
1091 1346 1150 1373 ex
1172 1334 1293 1374 iusto
1316 1345 1510 1374 numero
1529 1334 1637 1374 hinc
1655 1334 1871 1385 ablegato
1893 1333 2057 1384 relicti,

416 1404 628 1444 unanimi
662 1416 896 1444 consensu
932 1411 1073 1456 atque
1110 1411 1282 1445 conatu
1320 1416 1503 1455 omnes,
1542 1405 1661 1445 inter
1702 1417 1819 1457 quos
1852 1405 2061 1445 infimum

411 1476 565 1515 locum
606 1476 749 1516 etiam
797 1476 1017 1527 indignus
1060 1487 1264 1527 occupo,
1307 1476 1573 1516 vocationis
1619 1488 1732 1516 suae
1771 1476 2060 1528 professione

411 1547 557 1598 probe
579 1546 711 1597 fungi
741 1546 958 1586 laborant
986 1546 1045 1586 ad
1075 1546 1372 1587 Christianae
1398 1547 1524 1587 vitae
1554 1546 1890 1598 perfectionem
1923 1554 2061 1599 atque

420 1619 654 1658 internam
676 1624 720 1658 et
741 1624 987 1658 externam
1008 1617 1304 1668 Religionem
1326 1619 1484 1658 omnia
1507 1630 1591 1658 sua
1611 1619 1806 1659 consilia
1829 1631 1884 1659 ac
1906 1619 2060 1659 studia

411 1689 732 1739 conferenteS,
757 1689 835 1740 qui
860 1689 1054 1739 Christi,
1088 1689 1237 1729 Ducis
1258 1690 1673 1741 praestantissimi,
1697 1690 1932 1741 praesidio
1954 1690 2061 1730 freti

411 1761 648 1812 armisque
683 1760 973 1812 spiritalibus
1009 1754 1307 1801 Christianae
1346 1761 1538 1801 militiae
1577 1761 1838 1812 insignibus
1876 1762 2056 1812 muniti,

410 1832 502 1870 tela
530 1831 678 1871 hostis
706 1831 992 1871 atrocissimi
1026 1843 1120 1871 non
1155 1832 1293 1872 modo
1328 1832 1575 1872 retundere
1603 1845 1658 1872 ac
1689 1833 1868 1884 seipsos
1899 1833 2057 1873 divina

409 1903 702 1954 protectione
738 1903 995 1942 incolumes
1030 1914 1238 1951 servare,
1267 1915 1432 1943 verum
1468 1903 1608 1943 etiam
1644 1904 1808 1943 alienis
1840 1904 2058 1955 periculis

411 1981 574 2013 contra
599 1973 791 2013 hostiles
814 1973 1197 2024 impugnationes
1219 1974 1460 2025 suppetias
1480 1973 1603 2014 ferre
1624 1981 1690 2025 et,
1715 1975 1838 2026 quod
1864 1976 2057 2015 alacrio—

410 2045 475 2084 ris
516 2050 585 2084 est
622 2044 843 2094 fiduciae,
886 2044 1059 2084 misera
1101 2045 1329 2085 servitute
1373 2057 1646 2096 oppressos,
1695 2046 1843 2086 hostis
1880 2047 2059 2086 viribus

417 2116 677 2165 enervatis,
715 2116 761 2155 in
789 2116 1054 2155 libertatem
1078 2127 1291 2156 asserere
1314 2122 1550 2167 satagunt,
1575 2117 1788 2157 omnibus
1809 2117 2059 2158 suadentes

409 2193 459 2227 ut
481 2188 565 2227 sub
587 2186 885 2238 imperatoris
916 2187 1267 2226 clementissimi
1294 2187 1397 2227 Iesu
1420 2187 1593 2227 Christi
1622 2188 1857 2228 crucifero
1886 2189 2058 2243 vexillo

410 2258 699 2298 christianae
734 2257 928 2297 militiae
963 2269 1134 2297 nomen
1171 2258 1282 2298 dare
1319 2259 1364 2298 in
1400 2259 1595 2298 summis
1630 2260 1752 2299 votis
1787 2260 1990 2300 habeant
2027 2259 2053 2300 ¹.

408 2329 571 2381 Itaque
593 2329 824 2378 nonnulli,
849 2329 1022 2380 partim
1043 2329 1230 2380 pietatis
1263 2329 1460 2379 affectu,
1494 2331 1664 2380 partim
1694 2331 1931 2381 profectus
1961 2331 2055 2370 lite-

409 2401 524 2441 rarii
546 2412 643 2452 spe,
668 2412 752 2440 ceu
770 2400 910 2440 hamo
934 2400 1135 2451 quodam
1158 2400 1367 2447 inescati,
1387 2402 1432 2440 in
1451 2408 1661 2442 nostram
1679 2402 1976 2454 pelliciuntur
1993 2402 2054 2442 fa-

410 2472 743 2520 miliaritatem,
768 2471 939 2511 bonam
962 2471 1191 2511 uberioris
1212 2471 1392 2512 fructus
1410 2484 1540 2523 spem
1561 2473 1694 2513 nobis
1711 2474 2052 2525 promittentes.

408 2543 539 2594 Quae
575 2554 757 2594 quoque
784 2542 919 2592 ratio,
946 2541 1150 2582 familiae
1172 2549 1374 2593 nostrae,
1399 2544 1596 2584 fratrum
1618 2545 1889 2585 accessione
1913 2545 2055 2596 (quae

412 2614 603 2665 reliquis
626 2613 953 2654 emolumentis
983 2614 1126 2664 longo
1158 2613 1405 2654 intervallo
1434 2615 1667 2666 praestat)
1699 2616 1924 2667 temporis
1956 2628 2054 2656 suc-

409 2685 622 2725 cessione
652 2684 1025 2736 locupletandae,
1059 2696 1144 2724 nos
1173 2685 1218 2724 in
1247 2691 1423 2725 certam
1459 2686 1652 2726 adduxit
1685 2687 2053 2738 persuasionem,

411 2768 497 2796 nec
519 2768 645 2796 vana
675 2768 756 2807 spe
786 2757 986 2795 laetatos
1015 2767 1101 2795 nos
1132 2755 1292 2796 fefellit
1320 2762 1480 2796 nostra
1509 2758 1680 2808 opinio,
1710 2769 1819 2797 nam
1849 2758 1948 2809 spei
1976 2769 2054 2798 no-

411 2833 538 2867 strae
560 2827 683 2866 votis
705 2833 894 2878 optatus
923 2827 989 2867 rei
1018 2834 1215 2867 eventus
1248 2828 1476 2878 proximis
1507 2828 1682 2869 foribus
1713 2829 1912 2880 aspirat,
1947 2829 2054 2869 duo-

462 2963 471 2983 ¹
513 2963 605 2995 Quae
622 2970 641 2990 a
655 2964 772 2990 verbis
789 2964 833 2990 ad
849 2963 1068 2990 christianae
1086 2965 1182 2990 vitae
1200 2963 1457 2998 perfectionem
1481 2965 1524 2992 ad
1542 2966 1648 2992 verba
1670 2966 1760 2992 votis
1782 2965 1935 2992 habeant
1952 2965 2057 2992 conti-

408 3015 543 3043 nentur,
561 3011 714 3042 linea,ne
738 3011 988 3045 exscribantur,
1012 3014 1089 3038 sunt
1113 3012 1241 3043 clausa,
1265 3012 1324 3038 sed
1341 3016 1377 3038 ut
1400 3020 1515 3039 eorum
1536 3013 1608 3040 loco
1632 3013 1894 3043 substituantur.
1915 3013 1998 3040 haec
2019 3013 2052 3040 in

407 3059 553 3093 paginae
570 3065 630 3085 ora
646 3062 722 3086 sunt
739 3059 877 3094 scripta:
895 3066 963 3086 non
979 3059 1048 3086 sibi
1063 3059 1251 3086 dumtaxat
1267 3060 1329 3086 sed
1343 3061 1375 3086 et
1391 3060 1475 3086 alizs
1489 3061 1655 3093 gnaviter
1669 3060 1903 3088 consulentes.
