2168 3437
851 207 934 243 AN.
966 206 1056 244 1552
1725 207 1773 244 85

781 657 1134 711 CLXXXIX

207 889 468 927 Theodorus
489 890 711 935 Pestanus,

255 953 325 991 Ex
344 955 664 992 commissione
684 956 828 993 Patris
847 956 1056 993 Andreae
1076 956 1129 994 de
1153 955 1335 1003 Oviedo,

302 1020 424 1057 Patri
442 1020 612 1068 Ignatio
633 1020 684 1057 de
707 1020 892 1068 Loyola.

351 1085 548 1132 Neapoli,
570 1086 613 1123 31
633 1085 894 1123 Decembris
914 1086 1004 1123 1552
1023 1087 1047 1121 ¹.

806 1294 1036 1346 Neapolis
1074 1295 1103 1332 ².

214 1504 379 1545 Gratia
408 1515 453 1546 et
484 1517 579 1557 pax
606 1506 796 1546 Domini
824 1507 985 1547 Nostri
1018 1509 1121 1548 Iesu
1150 1507 1324 1548 Christi
1357 1509 1416 1548 sit
1452 1520 1635 1560 semper
1666 1521 1773 1550 cum

133 1575 347 1617 omnibus
369 1577 520 1618 nobis.
544 1577 710 1617 Amen.

211 1645 517 1699 Superiorum
554 1649 785 1689 mensium
822 1649 1055 1689 rationem
1089 1650 1336 1701 reddituri,
1370 1651 1470 1691 Rfle
1509 1652 1555 1691 in
1592 1652 1683 1692 C.t0
1718 1652 1768 1691 Ρ.

130 1719 242 1758 illud
262 1719 310 1759 in
330 1720 493 1771 primis
512 1721 868 1761 memorandum
895 1722 1043 1771 venit,
1069 1723 1320 1773 quamdam
1350 1723 1613 1773 mulierem,
1648 1736 1768 1775 quae

131 1789 295 1829 salutis
315 1801 427 1830 suae
449 1790 703 1831 diffidentia
725 1803 784 1831 ex
811 1791 934 1831 edito
968 1792 1171 1844 quodam
1198 1794 1301 1833 loco
1331 1794 1635 1845 praecipitem
1667 1806 1770 1834 sese

132 1859 324 1901 dederat
344 1873 399 1901 ac
421 1863 599 1902 vultum
622 1863 717 1902 suis
739 1863 827 1903 sibi
847 1864 1082 1915 unguibus
1103 1865 1396 1915 conciderat,
1428 1865 1627 1917 denique
1649 1878 1770 1918 quae

132 1932 345 1972 omnibus
378 1933 529 1973 modis
563 1945 696 1973 suam
727 1934 813 1973 sibi
845 1935 993 1975 vitam
1029 1935 1307 1987 abrumpere
1341 1935 1517 1976 furiose
1553 1937 1765 1987 ardebat,

133 2002 190 2042 ab
211 2003 491 2044 immanibus
512 2004 612 2045 istis
633 2004 766 2045 furiis
788 2016 932 2056 opera
955 2005 1043 2046 Dei
1064 2018 1119 2046 ac
1140 2006 1233 2046 R.di
1255 2006 1303 2047 Ρ.
1333 2008 1482 2047 nostri
1513 2007 1733 2048 Andreae
1754 2007 1769 2025 ³

131 2073 341 2115 sedatam
362 2087 464 2116 esse
486 2076 694 2128 adeoque
720 2082 970 2128 mutatam,
999 2084 1049 2117 ut
1070 2091 1163 2118 non
1194 2078 1332 2118 modo
1364 2079 1517 2119 cibum
1546 2086 1765 2129 sumeret,

131 2145 212 2185 sed
246 2152 291 2186 et
324 2153 628 2198 peccatorum
663 2159 855 2188 suorum
885 2149 1121 2190 sarcinam
1156 2162 1239 2202 per
1267 2150 1576 2191 confessionis
1603 2150 1768 2191 Sacra-

131 2223 336 2258 mentum
363 2218 595 2270 deponere
632 2218 956 2260 ardentissime
985 2220 1294 2271 desideraret,
1326 2223 1449 2274 quod
1478 2230 1767 2274 consequuta

130 2299 274 2340 usque
296 2289 413 2329 adeo
435 2289 689 2330 efficaciter
710 2291 869 2342 ignitis
899 2292 988 2332 illis
1015 2291 1215 2344 Spiritus
1243 2294 1394 2334 sancti
1423 2295 1527 2334 telis
1555 2295 1767 2334 sauciata

128 2358 232 2410 fuit,
273 2366 322 2400 ut
362 2360 409 2400 in
442 2361 653 2412 singulas
696 2362 1016 2403 hebdomadas
1051 2364 1262 2404 confiteri
1296 2364 1560 2405 firmissime
1596 2371 1765 2405 statue-

129 2437 213 2471 ret.
236 2430 486 2472 Praeterea
509 2432 566 2472 ab
588 2433 751 2473 eodem
772 2433 821 2473 Ρ.
846 2434 1037 2474 Andrea
1061 2435 1304 2475 cuiusdam
1330 2436 1557 2476 haeretici
1587 2436 1765 2477 confes-

129 2502 259 2542 sione
281 2502 462 2554 audita,
486 2502 715 2544 Dominus
736 2517 842 2545 eum
863 2517 958 2545 non
979 2507 1127 2546 solum
1149 2506 1207 2546 ad
1236 2518 1400 2546 sanam
1429 2514 1652 2558 mentem,
1685 2508 1767 2548 sed

129 2573 269 2613 etiam
290 2573 349 2613 ad
370 2585 601 2614 summam
622 2587 837 2615 errorum
860 2588 1053 2617 suorum
1074 2578 1431 2618 detestationem
1460 2578 1660 2619 reduxit.
1690 2579 1765 2619 Ad

127 2644 244 2684 haec
286 2650 480 2696 uterque
519 2644 534 2663 ⁴
571 2645 710 2686 Pater
755 2648 1066 2698 quorumdam
1111 2649 1400 2689 infirmorum
1447 2649 1767 2691 confessiones

126 2715 240 2755 foris
289 2717 594 2767 audiverunt3
645 2718 835 2758 eosdem
877 2726 1182 2760 sacrosancto
1231 2720 1555 2761 Eucharistiae
1600 2720 1765 2762 Sacra-

185 2876 193 2894 ¹
236 2875 350 2909 Epist.
364 2876 562 2909 qzmdrz·›n.,
577 2876 779 2904 1553-1554.
795 2878 1041 2913 Apographum
1058 2879 1167 2911 unico,
1183 2880 1239 2906 sol.
1258 2880 1321 2907 123.

180 2923 194 2941 ‘—'
233 2923 387 2950 Verbum
402 2924 464 2951 hoc
480 2925 722 2958 superscripsit
735 2924 913 2952 Polancus.

180 2969 194 2987 5
233 2969 268 2995 Ρ.
285 2970 444 2997 Andreas
457 2971 496 2997 de
513 2970 652 2997 Oviedo.

181 3017 196 3036 4
235 3016 317 3043 Scil.
333 3016 372 3044 P.
387 3017 548 3044 Nicolaus
563 3017 741 3045 Bobadilla
758 3023 789 3045 et
807 3018 842 3046 Ρ.
855 3019 1013 3047 Andreas
1029 3019 1068 3046 de
1082 3019 1220 3047 Oviedo.
