2168 3437
355 249 425 287 204
868 247 1095 284 LITTERAE
1123 254 1482 289 QUADRnuESTREs

348 345 596 398 epistolam
623 350 916 395 extempore,
944 355 1003 383 ex
1029 341 1288 394 improviso
1310 346 1354 381 et
1383 353 1437 381 eo
1461 341 1556 392 die,
1581 353 1672 393 quo
1703 346 1809 381 tuas
1837 342 1993 392 recepi

348 417 531 467 literas,
555 415 821 466 scripsisse:
853 414 1014 454 nuncii
1035 413 1204 464 adepta
1225 412 1573 464 opportunitate
1601 417 1645 452 et
1672 411 1992 452 confitentium

350 498 583 528 concursu
614 485 812 538 posthac
838 491 1021 537 tempus
1048 484 1283 525 scribendi
1309 483 1472 524 forsan
1500 494 1595 523 non
1625 483 1989 535 suppeditatum.

429 557 520 599 Sed
541 557 812 597 tabellarius
834 556 906 597 sui
927 555 1164 597 discessus
1184 554 1431 606 promissis
1453 566 1547 594 non
1568 554 1709 595 stetit.
1734 554 1896 605 Itaque
1918 566 1994 594 me

351 629 513 670 fefellit
535 628 707 679 opinio.

431 700 559 739 Tuus
580 699 628 739 in
650 698 836 740 Christo
859 703 904 739 et
925 698 1101 739 inutilis
1123 709 1304 749 servus,

1480 837 1780 879 DESIDERIUS.

433 1054 810 1107 Superscm‘ptz'o:
831 1054 933 1095 R.d0
955 1055 1002 1094 in
1027 1054 1148 1105 Xpo.
1184 1052 1268 1094 P.1·i
1296 1058 1340 1093 et
1368 1052 1696 1093 colendissimo
1724 1052 1998 1104 praeposito

351 1127 439 1178 pri.
479 1126 663 1177 ignatio
703 1125 925 1166 Generali
959 1125 1244 1165 venerabilis
1278 1123 1527 1164 Societatis
1561 1123 1686 1176 Jesu
1729 1124 1768 1164 E
1802 1123 1997 1174 regione

354 1198 431 1240 §.ti
458 1197 607 1238 Marci
628 1197 852 1237 basilicae
874 1204 919 1237 et
939 1197 1170 1249 Capitolii.
1198 1196 1391 1236 Romae.

434 1270 498 1309 Et
519 1268 615 1308 alia
636 1279 783 1308 manu
800 1280 814 1308 .·
840 1268 963 1319 1553,
987 1268 1096 1308 Litt.
1127 1268 1214 1320 pri.
1240 1267 1343 1307 idus
1369 1279 1486 1307 mar.

433 1340 618 1381 Exstat
639 1343 682 1380 et
703 1351 836 1380 cerae
857 1339 1104 1390 sigillique
1125 1338 1400 1390 vestigium.

1067 1754 1279 1812 CCVII

429 1971 712 2009 Eleutherius
732 1971 972 2013 Fontanus,

473 2036 541 2074 Ex
560 2035 884 2073 commissione
903 2034 1049 2071 Patris
1068 2033 1228 2081 Elpidii
1247 2032 1457 2081 Ugoletti‚

522 2102 644 2139 Patri
662 2101 832 2148 Ignatio
852 2100 905 2137 de
924 2099 1109 2146 Loyola.

568 2167 755 2205 Patavio
767 2196 775 2211 ‚
792 2166 839 2203 ‘25
858 2165 1006 2202 Martii
1030 2164 1123 2202 1553
1140 2164 1165 2201 ¹.

436 2553 601 2594 Gratia
623 2560 667 2594 et
688 2566 783 2606 pax
806 2552 997 2593 Domini
1017 2551 1165 2591 nostri
1182 2551 1293 2604 Jesu
1316 2550 1489 2591 Christi
1516 2548 1719 2590 abundet
1746 2559 1930 2600 semper
1951 2548 1998 2586 in

360 2625 580 2665 cordibus
601 2625 790 2665 nostris.

435 2695 527 2736 Rdi
549 2695 713 2735 Patres
735 2702 779 2735 et
801 2695 973 2735 fratres
996 2694 1263 2734 charissimi
1284 2692 1312 2733 ².

436 2766 826 2819 Quandoquidem
847 2765 1049 2807 Sanctae
1071 2764 1361 2805 obedientiae
1382 2764 1538 2804 visum
1555 2769 1624 2804 est
1641 2768 1690 2803 ut
1707 2774 1793 2803 vos
1815 2773 1995 2810 eorum,

412 2926 421 2945 ¹
463 2926 549 2953 Tota
570 2926 805 2960 autographa,
828 2926 951 2960 duplici
966 2925 1056 2958 folio,
1072 2932 1161 2951 num.
1177 2925 1221 2951 79.
1239 2924 1420 2958 Castigata
1437 2927 1504 2955 est,
1520 2927 1555 2951 ut
1572 2923 1674 2950 moris
1691 2926 1783 2957 erat,
1801 2930 1820 2950 a
1836 2922 1996 2954 Polanco,

357 2977 390 3000 et
405 2974 477 3007 ejus
491 2974 540 3000 ita
556 2974 757 3001 emendatae
773 2974 1009 3008 apographum
1025 2976 1122 3000 extat
1138 2973 1199 2999 sub
1215 2980 1245 2998 n.
1260 2972 1303 2998 81.

411 3020 423 3039 2
461 3020 554 3047 Haec
570 3021 777 3048 cancellavit
792 3021 976 3054 Polancus;
994 3024 1086 3047 recte
1103 3020 1247 3054 quidem,
1263 3027 1340 3046 nam
1356 3019 1493 3046 litterae
1510 3018 1644 3052 Ignatio
1661 3021 1796 3045 tantum
1810 3017 1997 3052 superscri-

357 3071 435 3102 ptae
452 3072 540 3096 Sunt.
