2168 3437
362 261 411 298 42
874 261 1103 299 LITTERAE
1131 273 1490 303 QUADRIMESTRES

447 356 907 410 &perscriptio—qh
929 358 989 399 Al
1011 359 1152 398 molto
1175 358 1276 398 R.d0
1297 358 1345 398 in
1365 358 1448 399 X.⁰
1469 358 1542 399 Re
1563 359 1595 399 11
1614 358 1766 401 Padre
1782 360 1843 401 M.
1866 361 2000 412 Igna-

362 428 427 468 tio
448 428 504 468 de
525 428 704 481 Loyola
727 430 964 482 preposito
985 430 1207 480 generale
1229 429 1350 469 della
1373 429 1559 481 Comp.a
1581 430 1637 471 de
1657 431 1781 484 Jesu.

446 499 498 540 In
517 499 682 541 Roma.

445 569 557 610 Alia
578 582 722 611 mann
742 571 791 611 in
813 570 1058 621 margine:
1080 570 1140 610 Di
1159 570 1396 622 Peruggia
1424 570 1497 611 del
1529 571 1631 612 1552
1656 572 1726 624 p.⁰
1756 573 1812 613 de
1840 572 1933 614 Ott.
1957 579 2001 613 et

365 640 411 681 A
431 641 445 681 i
467 640 521 692 Q.
545 641 604 682 V.

445 712 509 752 Et
530 712 580 752 in
602 712 751 753 medio
768 713 1020 764 pagellae:
1040 712 1094 753 R.
1124 712 1238 752 1552.
1263 711 1412 763 Quad.
1437 724 1496 752 ex
1516 713 1723 754 Perusio.

451 783 615 823 Manet
637 783 797 834 sigilli
813 784 1087 835 vestigium.

1008 1210 1375 1265 CLXXVIII

437 1456 530 1494 Leo
551 1455 621 1494 del
641 1456 790 1503 Giglio

484 1522 605 1559 Patri
625 1521 794 1569 Ignatio
814 1522 867 1559 de
885 1522 1072 1570 Loyola.

534 1588 779 1634 Florentia,
800 1587 823 1624 S
841 1587 1046 1625 Octobris
1066 1587 1157 1624 1552
1177 1587 1203 1622 ¹.

1090 1828 1271 1883 jesus

447 2060 613 2101 Gratia
635 2066 678 2101 et
699 2072 814 2112 pax,
839 2066 925 2101 etc.

448 2132 549 2172 Hoc
572 2132 727 2172 oneris
749 2132 862 2172 mihi
883 2132 1152 2183 imponitur,
1178 2131 1226 2171 P.
1250 2132 1321 2183 R,
1347 2138 1396 2172 ut
1417 2132 1475 2171 ad
1492 2138 1536 2172 te
1554 2132 1723 2172 iterum
1740 2143 1795 2171 ea
1811 2131 2007 2183 perscri-

367 2203 497 2253 bam,
521 2214 641 2254 quae
664 2203 753 2243 hoc
784 2203 1117 2254 quadrimestri
1147 2203 1360 2255 proxime
1390 2204 1628 2253 revoluto,
1659 2202 1719 2242 ad
1746 2202 2009 2242 animarum

371 2275 569 2314 salutern
589 2274 1004 2326 proximorumque
1026 2274 1400 2315 aedificationem
1428 2274 1595 2314 summi
1610 2273 1697 2314 Dei
1713 2274 1932 2325 largitate
1954 2285 2010 2313 ac

368 2357 561 2386 munere
584 2345 660 2386 hic
681 2346 960 2386 inciderunt.

451 2416 630 2457 Eadem
668 2416 956 2456 consuetudo
1006 2416 1349 2456 visitandorum
1389 2416 1436 2456 in
1474 2415 1693 2468 hospitali
1732 2427 2006 2468 pauperum,

370 2488 494 2528 idem
533 2487 737 2528 studium
772 2487 819 2527 in
854 2487 925 2527 his
964 2487 1285 2537 consolandiS‚
1323 2487 1401 2538 qui
1435 2486 1483 2526 in
1513 2487 1727 2527 custodia
1761 2487 2007 2537 habentur,

370 2559 535 2599 eadem
560 2558 914 2610 perseverantia
947 2570 1037 2610 qua
1066 2564 1204 2598 antea
1235 2558 1307 2598 usi
1335 2569 1495 2598 sumus
1525 2564 1574 2598 ut
1603 2558 1658 2598 de
1687 2569 1817 2598 more
1847 2563 2010 2598 nostro

368 2630 516 2680 aliqui
536 2635 724 2681 patrum
746 2634 825 2669 aut
845 2629 1046 2669 fratrum
1069 2634 1288 2680 aegrotos
1315 2628 1530 2680 visitent,
1560 2640 1758 2680 quorum
1784 2629 2008 2680 nonnulli,

368 2701 528 2740 audito
551 2712 710 2750 sacro,
736 2706 874 2752 atque
895 2700 1221 2740 Eucharistiae
1242 2706 1553 2751 sacramento,
1586 2700 1645 2740 ad
1667 2699 1910 2740 daemonis
1930 2700 2010 2739 im-

370 2776 505 2822 petus
537 2770 835 2811 sustinendos
870 2782 925 2810 ac
953 2769 1267 2822 repellendos,
1305 2770 1488 2816 muniti,
1526 2783 1583 2811 ex
1617 2771 1883 2811 hominibus
1917 2772 2011 2822 pla·

373 2841 475 2882 cide
516 2848 880 2894 constanterque
916 2842 1085 2882 abiere.
1122 2840 1211 2881 Hic
1253 2841 1298 2880 in
1341 2842 1502 2892 primis
1539 2853 1681 2893 quum
1713 2841 1769 2881 de
1804 2842 2012 2893 aegrotis

374 2912 548 2953 mentio
576 2912 700 2952 facta
729 2918 821 2963 est,
854 2912 943 2952 duo
972 2911 1086 2951 mihi
1121 2911 1264 2951 tacita
1300 2912 1603 2963 relinquenda
1633 2923 1728 2952 non
1759 2918 1880 2952 sunt.
1917 2912 2014 2952 Pri-

433 3073 443 3093 ¹
484 3073 741 3108 Apographum,
757 3072 789 3100 in
805 3072 938 3100 10193.ο
954 3072 1006 3100 v.⁰
1022 3075 1055 3099 ct
1069 3072 1133 3099 921.o
1149 3071 1281 3100 Codicis
1297 3072 1374 3099 1551.
