<?xml version="1.0" encoding="UTF-8"?>
<!DOCTYPE html PUBLIC "-//W3C//DTD XHTML 1.0 Transitional//EN"
    "http://www.w3.org/TR/xhtml1/DTD/xhtml1-transitional.dtd">
<html xmlns="http://www.w3.org/1999/xhtml" xml:lang="en" lang="en">
 <head>
  <title>
</title>
<meta http-equiv="Content-Type" content="text/html;charset=utf-8" />
  <meta name='ocr-system' content='tesseract 3.04.00' />
  <meta name='ocr-capabilities' content='ocr_page ocr_carea ocr_par ocr_line ocrx_word'/>
</head>
<body>
  <div class='ocr_page' id='page_1' title='image "./litteraequadrime1402lain_0095.png"; bbox 0 0 2168 3437; ppageno 0'>
   <div class='ocr_carea' id='block_1_1' title="bbox 884 177 1801 216">
    <p class='ocr_par' dir='ltr' id='par_1_1' title="bbox 884 177 1801 216">
     <span class='ocr_line' id='line_1_1' title="bbox 884 177 1801 216; baseline 0.003 -3"><span class='ocrx_word' id='word_1_1' title='bbox 884 177 968 214; x_wconf 84' lang='lat' dir='ltr'>AN.</span> <span class='ocrx_word' id='word_1_2' title='bbox 1000 177 1091 215; x_wconf 82' lang='lat'>1553</span> <span class='ocrx_word' id='word_1_3' title='bbox 1758 179 1801 216; x_wconf 78' lang='lat'>91</span> 
     </span>
    </p>
   </div>
   <div class='ocr_carea' id='block_1_2' title="bbox 150 271 1809 2615">
    <p class='ocr_par' dir='ltr' id='par_1_2' title="bbox 159 271 1803 609">
     <span class='ocr_line' id='line_1_2' title="bbox 159 271 1803 326; baseline 0.001 -12"><span class='ocrx_word' id='word_1_4' title='bbox 159 284 280 314; x_wconf 82' lang='lat' dir='ltr'>sono</span> <span class='ocrx_word' id='word_1_5' title='bbox 301 271 530 312; x_wconf 88' lang='lat' dir='ltr'>risormati</span> <span class='ocrx_word' id='word_1_6' title='bbox 551 277 596 312; x_wconf 93' lang='lat' dir='ltr'>et</span> <span class='ocrx_word' id='word_1_7' title='bbox 615 272 783 313; x_wconf 87' lang='lat' dir='ltr'>ricolti.</span> <span class='ocrx_word' id='word_1_8' title='bbox 806 272 864 313; x_wconf 89' lang='lat' dir='ltr'>Et</span> <span class='ocrx_word' id='word_1_9' title='bbox 894 274 1000 313; x_wconf 90' lang='lat' dir='ltr'>altri</span> <span class='ocrx_word' id='word_1_10' title='bbox 1021 274 1114 314; x_wconf 83' lang='lat' dir='ltr'>han</span> <span class='ocrx_word' id='word_1_11' title='bbox 1140 274 1336 315; x_wconf 89' lang='lat' dir='ltr'>lasciate</span> <span class='ocrx_word' id='word_1_12' title='bbox 1362 275 1405 315; x_wconf 93' lang='grc'>16</span> <span class='ocrx_word' id='word_1_13' title='bbox 1435 275 1718 326; x_wconf 79' lang='lat' dir='ltr'>concubine3</span> <span class='ocrx_word' id='word_1_14' title='bbox 1745 276 1803 315; x_wconf 91' lang='grc'>51-</span> 
     </span>
     <span class='ocr_line' id='line_1_3' title="bbox 163 343 1798 398; baseline 0.001 -13"><span class='ocrx_word' id='word_1_15' title='bbox 163 344 397 385; x_wconf 91' lang='lat' dir='ltr'>milmente</span> <span class='ocrx_word' id='word_1_16' title='bbox 414 343 567 383; x_wconf 86' lang='lat' dir='ltr'>donne</span> <span class='ocrx_word' id='word_1_17' title='bbox 587 343 634 383; x_wconf 88' lang='lat' dir='ltr'>in</span> <span class='ocrx_word' id='word_1_18' title='bbox 656 344 749 384; x_wconf 89' lang='lat' dir='ltr'>mal</span> <span class='ocrx_word' id='word_1_19' title='bbox 769 349 892 385; x_wconf 87' lang='lat' dir='ltr'>stato</span> <span class='ocrx_word' id='word_1_20' title='bbox 914 346 1176 386; x_wconf 75' lang='lat' dir='ltr'>convertite</span> <span class='ocrx_word' id='word_1_21' title='bbox 1194 346 1240 386; x_wconf 90' lang='lat' dir='ltr'>in</span> <span class='ocrx_word' id='word_1_22' title='bbox 1261 346 1431 397; x_wconf 87' lang='lat' dir='ltr'>buono,</span> <span class='ocrx_word' id='word_1_23' title='bbox 1452 346 1672 387; x_wconf 86' lang='lat' dir='ltr'>massime</span> <span class='ocrx_word' id='word_1_24' title='bbox 1688 359 1798 398; x_wconf 86' lang='lat' dir='ltr'>una,</span> 
     </span>
     <span class='ocr_line' id='line_1_4' title="bbox 164 414 1798 468; baseline 0.001 -11"><span class='ocrx_word' id='word_1_25' title='bbox 164 416 236 457; x_wconf 88' lang='lat' dir='ltr'>ch’</span> <span class='ocrx_word' id='word_1_26' title='bbox 261 426 339 455; x_wconf 81' lang='lat' dir='ltr'>era</span> <span class='ocrx_word' id='word_1_27' title='bbox 353 414 560 466; x_wconf 85' lang='lat' dir='ltr'>publica,</span> <span class='ocrx_word' id='word_1_28' title='bbox 584 415 631 455; x_wconf 89' lang='lat' dir='ltr'>in</span> <span class='ocrx_word' id='word_1_29' title='bbox 651 416 715 455; x_wconf 88' lang='lat' dir='ltr'>tal</span> <span class='ocrx_word' id='word_1_30' title='bbox 742 416 954 456; x_wconf 88' lang='lat' dir='ltr'>maniera</span> <span class='ocrx_word' id='word_1_31' title='bbox 981 417 1021 456; x_wconf 88' lang='lat' dir='ltr'>si</span> <span class='ocrx_word' id='word_1_32' title='bbox 1041 416 1235 457; x_wconf 82' lang='lat' dir='ltr'>risormo</span> <span class='ocrx_word' id='word_1_33' title='bbox 1262 429 1352 457; x_wconf 92' lang='lat' dir='ltr'>con</span> <span class='ocrx_word' id='word_1_34' title='bbox 1371 418 1416 457; x_wconf 86' lang='grc'>13</span> <span class='ocrx_word' id='word_1_35' title='bbox 1444 417 1605 458; x_wconf 84' lang='lat' dir='ltr'>divina</span> <span class='ocrx_word' id='word_1_36' title='bbox 1625 418 1798 468; x_wconf 84' lang='lat' dir='ltr'>gratia,</span> 
     </span>
     <span class='ocr_line' id='line_1_5' title="bbox 163 485 1803 537; baseline 0.001 -11"><span class='ocrx_word' id='word_1_37' title='bbox 163 486 249 526; x_wconf 87' lang='lat' dir='ltr'>che</span> <span class='ocrx_word' id='word_1_38' title='bbox 283 485 520 526; x_wconf 84' lang='lat' dir='ltr'>aborrisce</span> <span class='ocrx_word' id='word_1_39' title='bbox 551 491 683 526; x_wconf 83' lang='lat' dir='ltr'>tanto</span> <span class='ocrx_word' id='word_1_40' title='bbox 711 487 816 537; x_wconf 90' lang='lat' dir='ltr'>quel</span> <span class='ocrx_word' id='word_1_41' title='bbox 842 487 958 526; x_wconf 83' lang='lat' dir='ltr'>vitio</span> <span class='ocrx_word' id='word_1_42' title='bbox 987 487 1073 527; x_wconf 90' lang='lat' dir='ltr'>che</span> <span class='ocrx_word' id='word_1_43' title='bbox 1096 499 1190 527; x_wconf 90' lang='lat' dir='ltr'>non</span> <span class='ocrx_word' id='word_1_44' title='bbox 1217 487 1447 528; x_wconf 83' lang='lat' dir='ltr'>vorrebbe</span> <span class='ocrx_word' id='word_1_45' title='bbox 1475 488 1507 528; x_wconf 93' lang='lat' dir='ltr'>li</span> <span class='ocrx_word' id='word_1_46' title='bbox 1534 489 1723 529; x_wconf 89' lang='lat' dir='ltr'>venessi</span> <span class='ocrx_word' id='word_1_47' title='bbox 1755 489 1803 529; x_wconf 92' lang='lat' dir='ltr'>in</span> 
     </span>
     <span class='ocr_line' id='line_1_6' title="bbox 163 557 927 609; baseline 0 -11"><span class='ocrx_word' id='word_1_48' title='bbox 163 557 387 598; x_wconf 87' lang='lat' dir='ltr'>memoria</span> <span class='ocrx_word' id='word_1_49' title='bbox 407 568 458 597; x_wconf 86' lang='lat' dir='ltr'>se</span> <span class='ocrx_word' id='word_1_50' title='bbox 478 569 573 597; x_wconf 92' lang='lat' dir='ltr'>non</span> <span class='ocrx_word' id='word_1_51' title='bbox 596 569 677 608; x_wconf 88' lang='lat' dir='ltr'>per</span> <span class='ocrx_word' id='word_1_52' title='bbox 697 558 927 609; x_wconf 89' lang='lat' dir='ltr'>pianger&#39;.</span> 
     </span>
    </p>

    <p class='ocr_par' dir='ltr' id='par_1_3' title="bbox 162 619 1801 751">
     <span class='ocr_line' id='line_1_7' title="bbox 239 619 1801 683; baseline 0.001 -13"><span class='ocrx_word' id='word_1_53' title='bbox 239 629 305 670; x_wconf 92' lang='lat' dir='ltr'>Le</span> <span class='ocrx_word' id='word_1_54' title='bbox 327 628 611 669; x_wconf 81' lang='lat' dir='ltr'>confessioni</span> <span class='ocrx_word' id='word_1_55' title='bbox 631 628 868 669; x_wconf 78' lang='lat' dir='ltr'>ordinarie</span> <span class='ocrx_word' id='word_1_56' title='bbox 890 619 935 669; x_wconf 81' lang='lat' dir='ltr'>di</span> <span class='ocrx_word' id='word_1_57' title='bbox 956 628 982 668; x_wconf 83' lang='grc'>8</span> <span class='ocrx_word' id='word_1_58' title='bbox 999 634 1043 669; x_wconf 90' lang='grc'>61</span> <span class='ocrx_word' id='word_1_59' title='bbox 1063 629 1111 669; x_wconf 78' lang='grc'>15</span> <span class='ocrx_word' id='word_1_60' title='bbox 1127 629 1173 669; x_wconf 81' lang='lat' dir='ltr'>di</span> <span class='ocrx_word' id='word_1_61' title='bbox 1189 631 1332 670; x_wconf 87' lang='lat' dir='ltr'>molto</span> <span class='ocrx_word' id='word_1_62' title='bbox 1354 631 1388 670; x_wconf 84' lang='lat' dir='ltr'>s’</span> <span class='ocrx_word' id='word_1_63' title='bbox 1406 631 1562 671; x_wconf 84' lang='lat' dir='ltr'>hanno</span> <span class='ocrx_word' id='word_1_64' title='bbox 1581 642 1801 683; x_wconf 81' lang='lat' dir='ltr'>augmen-</span> 
     </span>
     <span class='ocr_line' id='line_1_8' title="bbox 162 700 876 751; baseline -0.004 -9"><span class='ocrx_word' id='word_1_65' title='bbox 162 707 259 743; x_wconf 86' lang='lat' dir='ltr'>tato</span> <span class='ocrx_word' id='word_1_66' title='bbox 280 707 324 740; x_wconf 91' lang='lat' dir='ltr'>et</span> <span class='ocrx_word' id='word_1_67' title='bbox 342 700 453 751; x_wconf 88' lang='lat' dir='ltr'>ogni</span> <span class='ocrx_word' id='word_1_68' title='bbox 475 700 520 740; x_wconf 79' lang='lat' dir='ltr'>cli</span> <span class='ocrx_word' id='word_1_69' title='bbox 542 707 876 751; x_wconf 85' lang='lat' dir='ltr'>augmentano.</span> 
     </span>
    </p>

    <p class='ocr_par' dir='ltr' id='par_1_4' title="bbox 154 771 1805 1100">
     <span class='ocr_line' id='line_1_9' title="bbox 239 771 1804 824; baseline 0.001 -11"><span class='ocrx_word' id='word_1_70' title='bbox 239 771 526 813; x_wconf 87' lang='lat' dir='ltr'>Similmente</span> <span class='ocrx_word' id='word_1_71' title='bbox 567 772 598 811; x_wconf 94' lang='lat' dir='ltr'>li</span> <span class='ocrx_word' id='word_1_72' title='bbox 626 772 749 811; x_wconf 90' lang='lat' dir='ltr'>soliti</span> <span class='ocrx_word' id='word_1_73' title='bbox 778 772 991 812; x_wconf 76' lang='lat' dir='ltr'>exercitii</span> <span class='ocrx_word' id='word_1_74' title='bbox 1025 771 1129 812; x_wconf 83' lang='lat' dir='ltr'>dell&#39;</span> <span class='ocrx_word' id='word_1_75' title='bbox 1169 772 1390 824; x_wconf 83' lang='lat' dir='ltr'>hospitali</span> <span class='ocrx_word' id='word_1_76' title='bbox 1418 779 1462 813; x_wconf 94' lang='lat' dir='ltr'>et</span> <span class='ocrx_word' id='word_1_77' title='bbox 1494 775 1677 814; x_wconf 85' lang='lat' dir='ltr'>carceri</span> <span class='ocrx_word' id='word_1_78' title='bbox 1708 786 1804 814; x_wconf 89' lang='lat' dir='ltr'>non</span> 
     </span>
     <span class='ocr_line' id='line_1_10' title="bbox 162 843 1805 894; baseline 0.001 -9"><span class='ocrx_word' id='word_1_79' title='bbox 162 855 408 892; x_wconf 82' lang='lat' dir='ltr'>mancano,</span> <span class='ocrx_word' id='word_1_80' title='bbox 433 843 537 883; x_wconf 87' lang='lat' dir='ltr'>anzi</span> <span class='ocrx_word' id='word_1_81' title='bbox 558 855 672 894; x_wconf 87' lang='lat' dir='ltr'>pare</span> <span class='ocrx_word' id='word_1_82' title='bbox 695 844 780 883; x_wconf 91' lang='lat' dir='ltr'>che</span> <span class='ocrx_word' id='word_1_83' title='bbox 803 843 848 883; x_wconf 87' lang='lat' dir='ltr'>di</span> <span class='ocrx_word' id='word_1_84' title='bbox 875 843 1096 883; x_wconf 90' lang='lat' dir='ltr'>continuo</span> <span class='ocrx_word' id='word_1_85' title='bbox 1126 855 1216 884; x_wconf 91' lang='lat' dir='ltr'>con</span> <span class='ocrx_word' id='word_1_86' title='bbox 1242 856 1399 884; x_wconf 86' lang='lat' dir='ltr'>nuovo</span> <span class='ocrx_word' id='word_1_87' title='bbox 1432 844 1606 885; x_wconf 75' lang='lat' dir='ltr'>fervor’</span> <span class='ocrx_word' id='word_1_88' title='bbox 1632 846 1805 886; x_wconf 88' lang='lat' dir='ltr'>comin-</span> 
     </span>
     <span class='ocr_line' id='line_1_11' title="bbox 160 914 1802 957; baseline 0.001 -1"><span class='ocrx_word' id='word_1_89' title='bbox 160 916 296 956; x_wconf 86' lang='lat' dir='ltr'>ciano</span> <span class='ocrx_word' id='word_1_90' title='bbox 314 920 358 955; x_wconf 93' lang='lat' dir='ltr'>et</span> <span class='ocrx_word' id='word_1_91' title='bbox 380 914 417 955; x_wconf 91' lang='lat' dir='ltr'>si</span> <span class='ocrx_word' id='word_1_92' title='bbox 439 920 570 954; x_wconf 88' lang='lat' dir='ltr'>sente</span> <span class='ocrx_word' id='word_1_93' title='bbox 592 914 769 955; x_wconf 89' lang='lat' dir='ltr'>notabil</span> <span class='ocrx_word' id='word_1_94' title='bbox 796 914 941 955; x_wconf 88' lang='lat' dir='ltr'>frutto</span> <span class='ocrx_word' id='word_1_95' title='bbox 962 915 1066 956; x_wconf 83' lang='lat' dir='ltr'>nell’</span> <span class='ocrx_word' id='word_1_96' title='bbox 1092 915 1246 955; x_wconf 89' lang='lat' dir='ltr'>anime</span> <span class='ocrx_word' id='word_1_97' title='bbox 1275 915 1562 956; x_wconf 85' lang='lat' dir='ltr'>trattandosi</span> <span class='ocrx_word' id='word_1_98' title='bbox 1585 917 1631 957; x_wconf 88' lang='lat' dir='ltr'>di</span> <span class='ocrx_word' id='word_1_99' title='bbox 1653 929 1802 957; x_wconf 91' lang='lat' dir='ltr'>emen-</span> 
     </span>
     <span class='ocr_line' id='line_1_12' title="bbox 154 986 1801 1040; baseline 0.001 -12"><span class='ocrx_word' id='word_1_100' title='bbox 154 988 259 1028; x_wconf 87' lang='lat' dir='ltr'>-dar&#39;</span> <span class='ocrx_word' id='word_1_101' title='bbox 282 987 325 1027; x_wconf 93' lang='grc'>13</span> <span class='ocrx_word' id='word_1_102' title='bbox 347 987 445 1026; x_wconf 84' lang='lat' dir='ltr'>vita</span> <span class='ocrx_word' id='word_1_103' title='bbox 467 998 558 1026; x_wconf 90' lang='lat' dir='ltr'>con</span> <span class='ocrx_word' id='word_1_104' title='bbox 578 987 931 1027; x_wconf 78' lang='lat' dir='ltr'>conoscimento</span> <span class='ocrx_word' id='word_1_105' title='bbox 960 987 1032 1027; x_wconf 89' lang='lat' dir='ltr'>del</span> <span class='ocrx_word' id='word_1_106' title='bbox 1058 986 1275 1028; x_wconf 89' lang='lat' dir='ltr'>benefitio</span> <span class='ocrx_word' id='word_1_107' title='bbox 1305 988 1390 1027; x_wconf 90' lang='lat' dir='ltr'>che</span> <span class='ocrx_word' id='word_1_108' title='bbox 1419 999 1502 1040; x_wconf 88' lang='lat' dir='ltr'>per</span> <span class='ocrx_word' id='word_1_109' title='bbox 1530 989 1571 1028; x_wconf 92' lang='grc'>16</span> <span class='ocrx_word' id='word_1_110' title='bbox 1601 989 1801 1029; x_wconf 89' lang='lat' dir='ltr'>infermi-</span> 
     </span>
     <span class='ocr_line' id='line_1_13' title="bbox 162 1058 527 1100; baseline -0.011 0"><span class='ocrx_word' id='word_1_111' title='bbox 162 1060 260 1100; x_wconf 85' lang='lat' dir='ltr'>tadi</span> <span class='ocrx_word' id='word_1_112' title='bbox 279 1060 310 1099; x_wconf 87' lang='lat' dir='ltr'>il</span> <span class='ocrx_word' id='word_1_113' title='bbox 327 1058 399 1099; x_wconf 84' lang='lat' dir='ltr'><strong>S.¹·</strong></span> <span class='ocrx_word' id='word_1_114' title='bbox 415 1059 446 1099; x_wconf 88' lang='lat' dir='ltr'>li</span> <span class='ocrx_word' id='word_1_115' title='bbox 467 1059 527 1099; x_wconf 80' lang='lat' dir='ltr'>fa.</span> 
     </span>
    </p>

    <p class='ocr_par' dir='ltr' id='par_1_5' title="bbox 154 1129 1807 1470">
     <span class='ocr_line' id='line_1_14' title="bbox 239 1129 1805 1185; baseline 0.001 -13"><span class='ocrx_word' id='word_1_116' title='bbox 239 1130 447 1172; x_wconf 90' lang='lat' dir='ltr'>Anchor&#39;</span> <span class='ocrx_word' id='word_1_117' title='bbox 472 1131 511 1170; x_wconf 90' lang='lat' dir='ltr'>si</span> <span class='ocrx_word' id='word_1_118' title='bbox 533 1135 557 1170; x_wconf 84' lang='lat' dir='ltr'>e</span> <span class='ocrx_word' id='word_1_119' title='bbox 578 1129 695 1171; x_wconf 82' lang='lat' dir='ltr'>satta</span> <span class='ocrx_word' id='word_1_120' title='bbox 723 1131 767 1170; x_wconf 90' lang='lat' dir='ltr'>la</span> <span class='ocrx_word' id='word_1_121' title='bbox 788 1131 929 1171; x_wconf 81' lang='lat' dir='ltr'>visita</span> <span class='ocrx_word' id='word_1_122' title='bbox 951 1131 1010 1171; x_wconf 86' lang='lat' dir='ltr'>ad</span> <span class='ocrx_word' id='word_1_123' title='bbox 1041 1132 1196 1172; x_wconf 82' lang='lat' dir='ltr'>alcuni</span> <span class='ocrx_word' id='word_1_124' title='bbox 1224 1131 1410 1172; x_wconf 86' lang='lat' dir='ltr'>infermi</span> <span class='ocrx_word' id='word_1_125' title='bbox 1439 1132 1513 1173; x_wconf 89' lang='lat' dir='ltr'>del</span> <span class='ocrx_word' id='word_1_126' title='bbox 1539 1135 1736 1185; x_wconf 87' lang='lat' dir='ltr'>populo,</span> <span class='ocrx_word' id='word_1_127' title='bbox 1762 1139 1805 1174; x_wconf 87' lang='lat' dir='ltr'>et</span> 
     </span>
     <span class='ocr_line' id='line_1_15' title="bbox 154 1202 1806 1256; baseline 0.002 -13"><span class='ocrx_word' id='word_1_128' title='bbox 154 1202 483 1254; x_wconf 89' lang='lat' dir='ltr'>-disponendoli</span> <span class='ocrx_word' id='word_1_129' title='bbox 505 1214 594 1242; x_wconf 93' lang='lat' dir='ltr'>con</span> <span class='ocrx_word' id='word_1_130' title='bbox 614 1203 659 1242; x_wconf 84' lang='lat' dir='ltr'>la</span> <span class='ocrx_word' id='word_1_131' title='bbox 679 1203 833 1253; x_wconf 82' lang='lat' dir='ltr'>gratia</span> <span class='ocrx_word' id='word_1_132' title='bbox 865 1202 937 1242; x_wconf 87' lang='lat' dir='ltr'>del</span> <span class='ocrx_word' id='word_1_133' title='bbox 966 1202 1089 1254; x_wconf 84' lang='lat' dir='ltr'>Sig.r</span> <span class='ocrx_word' id='word_1_134' title='bbox 1104 1216 1130 1243; x_wconf 83' lang='lat' dir='ltr'>a</span> <span class='ocrx_word' id='word_1_135' title='bbox 1151 1203 1237 1243; x_wconf 82' lang='lat' dir='ltr'>far’</span> <span class='ocrx_word' id='word_1_136' title='bbox 1261 1205 1305 1243; x_wconf 86' lang='lat' dir='ltr'>la</span> <span class='ocrx_word' id='word_1_137' title='bbox 1328 1216 1412 1244; x_wconf 79' lang='lat' dir='ltr'>sua</span> <span class='ocrx_word' id='word_1_138' title='bbox 1434 1207 1513 1244; x_wconf 68' lang='lat' dir='ltr'>sta</span> <span class='ocrx_word' id='word_1_139' title='bbox 1530 1205 1737 1256; x_wconf 73' lang='lat' dir='ltr'>volonta,</span> <span class='ocrx_word' id='word_1_140' title='bbox 1762 1212 1806 1246; x_wconf 90' lang='lat' dir='ltr'>et</span> 
     </span>
     <span class='ocr_line' id='line_1_16' title="bbox 162 1273 1807 1317; baseline 0.002 -3"><span class='ocrx_word' id='word_1_141' title='bbox 162 1274 330 1315; x_wconf 89' lang='lat' dir='ltr'>dicono</span> <span class='ocrx_word' id='word_1_142' title='bbox 347 1273 432 1314; x_wconf 91' lang='lat' dir='ltr'>che</span> <span class='ocrx_word' id='word_1_143' title='bbox 449 1285 543 1314; x_wconf 91' lang='lat' dir='ltr'>non</span> <span class='ocrx_word' id='word_1_144' title='bbox 560 1274 825 1314; x_wconf 85' lang='lat' dir='ltr'>vorrebono</span> <span class='ocrx_word' id='word_1_145' title='bbox 843 1275 962 1314; x_wconf 82' lang='lat' dir='ltr'>altra</span> <span class='ocrx_word' id='word_1_146' title='bbox 985 1276 1306 1316; x_wconf 77' lang='lat' dir='ltr'>consolatione</span> <span class='ocrx_word' id='word_1_147' title='bbox 1325 1287 1374 1316; x_wconf 90' lang='lat' dir='ltr'>se</span> <span class='ocrx_word' id='word_1_148' title='bbox 1391 1288 1484 1316; x_wconf 92' lang='lat' dir='ltr'>non</span> <span class='ocrx_word' id='word_1_149' title='bbox 1507 1276 1592 1316; x_wconf 90' lang='lat' dir='ltr'>che</span> <span class='ocrx_word' id='word_1_150' title='bbox 1609 1276 1663 1317; x_wconf 88' lang='lat' dir='ltr'>N.</span> <span class='ocrx_word' id='word_1_151' title='bbox 1689 1276 1737 1317; x_wconf 80' lang='lat' dir='ltr'>P.</span> <span class='ocrx_word' id='word_1_152' title='bbox 1763 1279 1807 1317; x_wconf 90' lang='lat' dir='ltr'>al</span> 
     </span>
     <span class='ocr_line' id='line_1_17' title="bbox 161 1346 1805 1400; baseline 0.002 -14"><span class='ocrx_word' id='word_1_153' title='bbox 161 1353 316 1398; x_wconf 88' lang='lat' dir='ltr'>tempo</span> <span class='ocrx_word' id='word_1_154' title='bbox 339 1346 384 1386; x_wconf 90' lang='lat' dir='ltr'>di</span> <span class='ocrx_word' id='word_1_155' title='bbox 405 1347 504 1386; x_wconf 92' lang='lat' dir='ltr'>loro</span> <span class='ocrx_word' id='word_1_156' title='bbox 538 1352 690 1386; x_wconf 91' lang='lat' dir='ltr'>morte</span> <span class='ocrx_word' id='word_1_157' title='bbox 721 1347 758 1386; x_wconf 90' lang='lat' dir='ltr'>si</span> <span class='ocrx_word' id='word_1_158' title='bbox 787 1348 995 1388; x_wconf 79' lang='lat' dir='ltr'>trovassi</span> <span class='ocrx_word' id='word_1_159' title='bbox 1025 1354 1241 1399; x_wconf 78' lang='lat' dir='ltr'>presente</span> <span class='ocrx_word' id='word_1_160' title='bbox 1271 1360 1355 1400; x_wconf 87' lang='lat' dir='ltr'>per</span> <span class='ocrx_word' id='word_1_161' title='bbox 1385 1348 1415 1388; x_wconf 92' lang='lat' dir='ltr'>il</span> <span class='ocrx_word' id='word_1_162' title='bbox 1447 1349 1629 1400; x_wconf 82' lang='lat' dir='ltr'>grande</span> <span class='ocrx_word' id='word_1_163' title='bbox 1660 1350 1805 1390; x_wconf 84' lang='lat' dir='ltr'>amor’</span> 
     </span>
     <span class='ocr_line' id='line_1_18' title="bbox 166 1417 812 1470; baseline 0 -12"><span class='ocrx_word' id='word_1_164' title='bbox 166 1417 252 1458; x_wconf 89' lang='lat' dir='ltr'>che</span> <span class='ocrx_word' id='word_1_165' title='bbox 269 1418 315 1458; x_wconf 90' lang='lat' dir='ltr'>in</span> <span class='ocrx_word' id='word_1_166' title='bbox 337 1417 524 1458; x_wconf 89' lang='lat' dir='ltr'>Christo</span> <span class='ocrx_word' id='word_1_167' title='bbox 547 1418 577 1458; x_wconf 92' lang='lat' dir='ltr'>li</span> <span class='ocrx_word' id='word_1_168' title='bbox 597 1424 812 1470; x_wconf 81' lang='lat' dir='ltr'>portano.</span> 
     </span>
    </p>

    <p class='ocr_par' dir='ltr' id='par_1_6' title="bbox 150 1489 1805 1900">
     <span class='ocr_line' id='line_1_19' title="bbox 239 1489 1805 1543; baseline 0.002 -14"><span class='ocrx_word' id='word_1_169' title='bbox 239 1490 300 1530; x_wconf 90' lang='lat' dir='ltr'>Vi</span> <span class='ocrx_word' id='word_1_170' title='bbox 321 1493 345 1530; x_wconf 84' lang='grc'><strong>6</strong></span> <span class='ocrx_word' id='word_1_171' title='bbox 362 1490 408 1530; x_wconf 89' lang='lat' dir='ltr'>in</span> <span class='ocrx_word' id='word_1_172' title='bbox 425 1496 592 1541; x_wconf 87' lang='lat' dir='ltr'>questa</span> <span class='ocrx_word' id='word_1_173' title='bbox 609 1490 721 1530; x_wconf 85' lang='lat' dir='ltr'>villa</span> <span class='ocrx_word' id='word_1_174' title='bbox 738 1502 799 1530; x_wconf 91' lang='lat' dir='ltr'>un</span> <span class='ocrx_word' id='word_1_175' title='bbox 818 1489 1027 1542; x_wconf 87' lang='lat' dir='ltr'>Collegio</span> <span class='ocrx_word' id='word_1_176' title='bbox 1051 1492 1136 1531; x_wconf 88' lang='lat' dir='ltr'>che</span> <span class='ocrx_word' id='word_1_177' title='bbox 1156 1492 1352 1543; x_wconf 72' lang='lat' dir='ltr'>insegn11</span> <span class='ocrx_word' id='word_1_178' title='bbox 1371 1492 1427 1532; x_wconf 88' lang='lat' dir='ltr'>de</span> <span class='ocrx_word' id='word_1_179' title='bbox 1447 1497 1563 1532; x_wconf 87' lang='lat' dir='ltr'>tutte</span> <span class='ocrx_word' id='word_1_180' title='bbox 1581 1492 1805 1532; x_wconf 81' lang='lat' dir='ltr'>facultadi</span> 
     </span>
     <span class='ocr_line' id='line_1_20' title="bbox 153 1561 1803 1615; baseline 0.002 -15"><span class='ocrx_word' id='word_1_181' title='bbox 153 1566 204 1601; x_wconf 86' lang='lat' dir='ltr'>et</span> <span class='ocrx_word' id='word_1_182' title='bbox 224 1561 255 1601; x_wconf 89' lang='lat' dir='ltr'>il</span> <span class='ocrx_word' id='word_1_183' title='bbox 276 1561 460 1601; x_wconf 83' lang='lat' dir='ltr'>Rector&#39;</span> <span class='ocrx_word' id='word_1_184' title='bbox 481 1568 524 1601; x_wconf 90' lang='lat' dir='ltr'>et</span> <span class='ocrx_word' id='word_1_185' title='bbox 539 1561 644 1602; x_wconf 89' lang='lat' dir='ltr'>altri</span> <span class='ocrx_word' id='word_1_186' title='bbox 661 1562 700 1601; x_wconf 91' lang='lat' dir='ltr'>si</span> <span class='ocrx_word' id='word_1_187' title='bbox 717 1561 998 1603; x_wconf 78' lang='lat' dir='ltr'>confessano</span> <span class='ocrx_word' id='word_1_188' title='bbox 1017 1563 1062 1603; x_wconf 86' lang='lat' dir='ltr'>in</span> <span class='ocrx_word' id='word_1_189' title='bbox 1081 1575 1208 1611; x_wconf 78' lang='grc'><strong>0353,</strong></span> <span class='ocrx_word' id='word_1_190' title='bbox 1234 1564 1340 1604; x_wconf 82' lang='lat' dir='ltr'>delli</span> <span class='ocrx_word' id='word_1_191' title='bbox 1357 1564 1482 1615; x_wconf 84' lang='lat' dir='ltr'>quali</span> <span class='ocrx_word' id='word_1_192' title='bbox 1500 1576 1563 1604; x_wconf 91' lang='lat' dir='ltr'>un</span> <span class='ocrx_word' id='word_1_193' title='bbox 1580 1564 1803 1615; x_wconf 84' lang='lat' dir='ltr'>theologo</span> 
     </span>
     <span class='ocr_line' id='line_1_21' title="bbox 150 1631 1800 1684; baseline 0.002 -11"><span class='ocrx_word' id='word_1_194' title='bbox 150 1631 392 1684; x_wconf 84' lang='lat' dir='ltr'>graduato</span> <span class='ocrx_word' id='word_1_195' title='bbox 414 1633 647 1674; x_wconf 83' lang='lat' dir='ltr'>domando</span> <span class='ocrx_word' id='word_1_196' title='bbox 678 1634 1040 1675; x_wconf 80' lang='lat' dir='ltr'>instantemente</span> <span class='ocrx_word' id='word_1_197' title='bbox 1062 1635 1094 1675; x_wconf 93' lang='lat' dir='ltr'>li</span> <span class='ocrx_word' id='word_1_198' title='bbox 1116 1635 1344 1676; x_wconf 87' lang='lat' dir='ltr'>essercitii</span> <span class='ocrx_word' id='word_1_199' title='bbox 1366 1636 1680 1676; x_wconf 78' lang='lat' dir='ltr'>desiderando</span> <span class='ocrx_word' id='word_1_200' title='bbox 1713 1635 1800 1676; x_wconf 82' lang='lat' dir='ltr'>dis-</span> 
     </span>
     <span class='ocr_line' id='line_1_22' title="bbox 157 1705 1800 1758; baseline 0.002 -14"><span class='ocrx_word' id='word_1_201' title='bbox 157 1705 346 1755; x_wconf 89' lang='lat' dir='ltr'>ponersi</span> <span class='ocrx_word' id='word_1_202' title='bbox 379 1706 454 1744; x_wconf 90' lang='lat' dir='ltr'>nel</span> <span class='ocrx_word' id='word_1_203' title='bbox 481 1705 674 1745; x_wconf 86' lang='lat' dir='ltr'>servitio</span> <span class='ocrx_word' id='word_1_204' title='bbox 712 1706 784 1746; x_wconf 88' lang='lat' dir='ltr'>del</span> <span class='ocrx_word' id='word_1_205' title='bbox 815 1705 883 1746; x_wconf 78' lang='lat' dir='ltr'><strong>S.¹&#39;</strong></span> <span class='ocrx_word' id='word_1_206' title='bbox 905 1712 947 1746; x_wconf 87' lang='lat' dir='ltr'>et</span> <span class='ocrx_word' id='word_1_207' title='bbox 983 1718 1076 1746; x_wconf 90' lang='lat' dir='ltr'>non</span> <span class='ocrx_word' id='word_1_208' title='bbox 1103 1718 1153 1746; x_wconf 86' lang='grc'>56</span> <span class='ocrx_word' id='word_1_209' title='bbox 1180 1706 1211 1746; x_wconf 90' lang='grc'>11</span> <span class='ocrx_word' id='word_1_210' title='bbox 1246 1707 1479 1758; x_wconf 64' lang='grc'><strong>0055611110</strong></span> <span class='ocrx_word' id='word_1_211' title='bbox 1517 1707 1800 1758; x_wconf 80' lang='lat' dir='ltr'>compiacer’</span> 
     </span>
     <span class='ocr_line' id='line_1_23' title="bbox 158 1777 1803 1828; baseline 0.002 -13"><span class='ocrx_word' id='word_1_212' title='bbox 158 1786 249 1826; x_wconf 87' lang='lat' dir='ltr'>qua</span> <span class='ocrx_word' id='word_1_213' title='bbox 269 1787 351 1827; x_wconf 90' lang='lat' dir='ltr'>per</span> <span class='ocrx_word' id='word_1_214' title='bbox 373 1777 413 1816; x_wconf 90' lang='lat' dir='ltr'>le</span> <span class='ocrx_word' id='word_1_215' title='bbox 435 1777 576 1817; x_wconf 90' lang='lat' dir='ltr'>molte</span> <span class='ocrx_word' id='word_1_216' title='bbox 605 1777 902 1828; x_wconf 85' lang='lat' dir='ltr'>occupationi</span> <span class='ocrx_word' id='word_1_217' title='bbox 932 1777 979 1817; x_wconf 84' lang='lat' dir='ltr'>di</span> <span class='ocrx_word' id='word_1_218' title='bbox 1007 1789 1133 1827; x_wconf 85' lang='lat' dir='ltr'>casa,</span> <span class='ocrx_word' id='word_1_219' title='bbox 1164 1777 1213 1818; x_wconf 86' lang='lat' dir='ltr'>fu</span> <span class='ocrx_word' id='word_1_220' title='bbox 1243 1778 1465 1818; x_wconf 80' lang='lat' dir='ltr'>mandato</span> <span class='ocrx_word' id='word_1_221' title='bbox 1498 1779 1545 1818; x_wconf 92' lang='lat' dir='ltr'>in</span> <span class='ocrx_word' id='word_1_222' title='bbox 1572 1780 1648 1819; x_wconf 89' lang='lat' dir='ltr'>un’</span> <span class='ocrx_word' id='word_1_223' title='bbox 1681 1780 1803 1818; x_wconf 78' lang='lat' dir='ltr'>altra</span> 
     </span>
     <span class='ocr_line' id='line_1_24' title="bbox 150 1847 971 1900; baseline -0.004 -11"><span class='ocrx_word' id='word_1_224' title='bbox 150 1859 268 1889; x_wconf 80' lang='lat' dir='ltr'>casa</span> <span class='ocrx_word' id='word_1_225' title='bbox 290 1848 410 1888; x_wconf 85' lang='lat' dir='ltr'>della</span> <span class='ocrx_word' id='word_1_226' title='bbox 432 1847 725 1900; x_wconf 85' lang='lat' dir='ltr'>Compagnia</span> <span class='ocrx_word' id='word_1_227' title='bbox 747 1861 830 1900; x_wconf 89' lang='lat' dir='ltr'>per</span> <span class='ocrx_word' id='word_1_228' title='bbox 851 1848 971 1889; x_wconf 81' lang='lat' dir='ltr'>farli.</span> 
     </span>
    </p>

    <p class='ocr_par' dir='ltr' id='par_1_7' title="bbox 155 1919 1809 2186">
     <span class='ocr_line' id='line_1_25' title="bbox 236 1919 1808 1973; baseline 0.002 -15"><span class='ocrx_word' id='word_1_229' title='bbox 236 1919 409 1959; x_wconf 89' lang='lat' dir='ltr'>Alcuni</span> <span class='ocrx_word' id='word_1_230' title='bbox 429 1919 655 1970; x_wconf 86' lang='lat' dir='ltr'>relligiosi</span> <span class='ocrx_word' id='word_1_231' title='bbox 678 1920 764 1959; x_wconf 89' lang='lat' dir='ltr'>che</span> <span class='ocrx_word' id='word_1_232' title='bbox 786 1920 943 1961; x_wconf 83' lang='lat' dir='ltr'>hanno</span> <span class='ocrx_word' id='word_1_233' title='bbox 964 1920 1081 1961; x_wconf 77' lang='lat' dir='ltr'>fatto</span> <span class='ocrx_word' id='word_1_234' title='bbox 1104 1921 1134 1960; x_wconf 92' lang='lat' dir='ltr'>li</span> <span class='ocrx_word' id='word_1_235' title='bbox 1151 1921 1379 1970; x_wconf 81' lang='lat' dir='ltr'>exercitii,</span> <span class='ocrx_word' id='word_1_236' title='bbox 1401 1932 1601 1973; x_wconf 83' lang='lat' dir='ltr'>persone</span> <span class='ocrx_word' id='word_1_237' title='bbox 1621 1921 1748 1962; x_wconf 85' lang='lat' dir='ltr'>dotte</span> <span class='ocrx_word' id='word_1_238' title='bbox 1762 1927 1808 1961; x_wconf 92' lang='lat' dir='ltr'>et</span> 
     </span>
     <span class='ocr_line' id='line_1_26' title="bbox 155 1991 1809 2043; baseline 0.002 -13"><span class='ocrx_word' id='word_1_239' title='bbox 155 1991 202 2031; x_wconf 86' lang='lat' dir='ltr'>di</span> <span class='ocrx_word' id='word_1_240' title='bbox 229 1991 426 2042; x_wconf 76' lang='lat' dir='ltr'>qualita‚</span> <span class='ocrx_word' id='word_1_241' title='bbox 458 1991 499 2030; x_wconf 91' lang='lat' dir='ltr'>ci</span> <span class='ocrx_word' id='word_1_242' title='bbox 529 2002 746 2042; x_wconf 78' lang='lat' dir='ltr'>Vengono</span> <span class='ocrx_word' id='word_1_243' title='bbox 778 2004 804 2031; x_wconf 84' lang='lat' dir='ltr'>a</span> <span class='ocrx_word' id='word_1_244' title='bbox 838 1992 1018 2032; x_wconf 78' lang='lat' dir='ltr'>visitar’</span> <span class='ocrx_word' id='word_1_245' title='bbox 1051 1993 1470 2043; x_wconf 82' lang='lat' dir='ltr'>congratulandosi</span> <span class='ocrx_word' id='word_1_246' title='bbox 1505 2005 1594 2033; x_wconf 84' lang='lat' dir='ltr'>con</span> <span class='ocrx_word' id='word_1_247' title='bbox 1625 1993 1704 2033; x_wconf 92' lang='lat' dir='ltr'>noi</span> <span class='ocrx_word' id='word_1_248' title='bbox 1735 1992 1809 2033; x_wconf 86' lang='lat' dir='ltr'>del</span> 
     </span>
     <span class='ocr_line' id='line_1_27' title="bbox 157 2061 1808 2116; baseline 0.001 -13"><span class='ocrx_word' id='word_1_249' title='bbox 157 2063 260 2104; x_wconf 91' lang='lat' dir='ltr'>ben&#39;</span> <span class='ocrx_word' id='word_1_250' title='bbox 282 2063 367 2103; x_wconf 87' lang='lat' dir='ltr'>che</span> <span class='ocrx_word' id='word_1_251' title='bbox 391 2063 415 2102; x_wconf 84' lang='lat' dir='ltr'>’l</span> <span class='ocrx_word' id='word_1_252' title='bbox 436 2061 503 2104; x_wconf 87' lang='lat' dir='ltr'><strong>S.1&#39;</strong></span> <span class='ocrx_word' id='word_1_253' title='bbox 526 2075 671 2114; x_wconf 86' lang='lat' dir='ltr'>opera</span> <span class='ocrx_word' id='word_1_254' title='bbox 692 2063 739 2103; x_wconf 89' lang='lat' dir='ltr'>in</span> <span class='ocrx_word' id='word_1_255' title='bbox 756 2070 920 2114; x_wconf 85' lang='lat' dir='ltr'>questa</span> <span class='ocrx_word' id='word_1_256' title='bbox 945 2064 1136 2104; x_wconf 89' lang='lat' dir='ltr'>minima</span> <span class='ocrx_word' id='word_1_257' title='bbox 1160 2076 1244 2104; x_wconf 83' lang='lat' dir='ltr'>sua</span> <span class='ocrx_word' id='word_1_258' title='bbox 1266 2064 1576 2116; x_wconf 82' lang='lat' dir='ltr'>Compagnia,</span> <span class='ocrx_word' id='word_1_259' title='bbox 1602 2066 1645 2104; x_wconf 82' lang='lat' dir='ltr'>la</span> <span class='ocrx_word' id='word_1_260' title='bbox 1671 2065 1808 2116; x_wconf 88' lang='lat' dir='ltr'>quale</span> 
     </span>
     <span class='ocr_line' id='line_1_28' title="bbox 155 2134 1261 2186; baseline -0.001 -12"><span class='ocrx_word' id='word_1_261' title='bbox 155 2134 204 2175; x_wconf 94' lang='lat' dir='ltr'>in</span> <span class='ocrx_word' id='word_1_262' title='bbox 223 2140 342 2175; x_wconf 88' lang='lat' dir='ltr'>tutto</span> <span class='ocrx_word' id='word_1_263' title='bbox 365 2134 517 2186; x_wconf 88' lang='lat' dir='ltr'>quello</span> <span class='ocrx_word' id='word_1_264' title='bbox 542 2135 628 2175; x_wconf 92' lang='grc'><strong>0116</strong></span> <span class='ocrx_word' id='word_1_265' title='bbox 649 2146 854 2185; x_wconf 90' lang='lat' dir='ltr'>possono</span> <span class='ocrx_word' id='word_1_266' title='bbox 876 2136 919 2175; x_wconf 85' lang='lat' dir='ltr'>la</span> <span class='ocrx_word' id='word_1_267' title='bbox 941 2135 1261 2176; x_wconf 79' lang='lat' dir='ltr'>favoriscono.</span> 
     </span>
    </p>

    <p class='ocr_par' dir='ltr' id='par_1_8' title="bbox 158 2205 1809 2472">
     <span class='ocr_line' id='line_1_29' title="bbox 238 2205 1808 2258; baseline 0.001 -13"><span class='ocrx_word' id='word_1_268' title='bbox 238 2205 413 2257; x_wconf 81' lang='lat' dir='ltr'>Questo</span> <span class='ocrx_word' id='word_1_269' title='bbox 435 2209 460 2246; x_wconf 84' lang='lat' dir='ltr'>e</span> <span class='ocrx_word' id='word_1_270' title='bbox 482 2206 691 2257; x_wconf 85' lang='lat' dir='ltr'>quelche</span> <span class='ocrx_word' id='word_1_271' title='bbox 707 2206 836 2258; x_wconf 92' lang='lat' dir='ltr'>peril</span> <span class='ocrx_word' id='word_1_272' title='bbox 853 2212 1071 2257; x_wconf 85' lang='lat' dir='ltr'>presente</span> <span class='ocrx_word' id='word_1_273' title='bbox 1093 2207 1156 2247; x_wconf 89' lang='lat' dir='ltr'>mi</span> <span class='ocrx_word' id='word_1_274' title='bbox 1179 2218 1391 2257; x_wconf 84' lang='lat' dir='ltr'>occorre,</span> <span class='ocrx_word' id='word_1_275' title='bbox 1412 2207 1649 2247; x_wconf 85' lang='lat' dir='ltr'>ancorche</span> <span class='ocrx_word' id='word_1_276' title='bbox 1668 2207 1808 2246; x_wconf 89' lang='lat' dir='ltr'>molte</span> 
     </span>
     <span class='ocr_line' id='line_1_30' title="bbox 158 2276 1809 2331; baseline 0.001 -15"><span class='ocrx_word' id='word_1_277' title='bbox 158 2277 276 2317; x_wconf 88' lang='lat' dir='ltr'>altre</span> <span class='ocrx_word' id='word_1_278' title='bbox 298 2288 406 2331; x_wconf 79' lang='lat' dir='ltr'>cose</span> <span class='ocrx_word' id='word_1_279' title='bbox 436 2276 497 2318; x_wconf 90' lang='lat' dir='ltr'>ha</span> <span class='ocrx_word' id='word_1_280' title='bbox 524 2284 717 2329; x_wconf 89' lang='lat' dir='ltr'>operato</span> <span class='ocrx_word' id='word_1_281' title='bbox 748 2277 778 2317; x_wconf 89' lang='grc'>11</span> <span class='ocrx_word' id='word_1_282' title='bbox 800 2277 891 2329; x_wconf 74' lang='lat' dir='ltr'>S.s,</span> <span class='ocrx_word' id='word_1_283' title='bbox 928 2284 972 2318; x_wconf 92' lang='lat' dir='ltr'>et</span> <span class='ocrx_word' id='word_1_284' title='bbox 1003 2290 1084 2329; x_wconf 92' lang='lat' dir='ltr'>per</span> <span class='ocrx_word' id='word_1_285' title='bbox 1111 2290 1205 2318; x_wconf 90' lang='lat' dir='ltr'>non</span> <span class='ocrx_word' id='word_1_286' title='bbox 1227 2279 1271 2319; x_wconf 91' lang='lat' dir='ltr'>io</span> <span class='ocrx_word' id='word_1_287' title='bbox 1300 2279 1482 2330; x_wconf 84' lang='lat' dir='ltr'>saperle</span> <span class='ocrx_word' id='word_1_288' title='bbox 1510 2284 1626 2318; x_wconf 90' lang='lat' dir='ltr'>tutte</span> <span class='ocrx_word' id='word_1_289' title='bbox 1655 2290 1749 2318; x_wconf 92' lang='lat' dir='ltr'>non</span> <span class='ocrx_word' id='word_1_290' title='bbox 1770 2277 1809 2318; x_wconf 88' lang='lat' dir='ltr'>si</span> 
     </span>
     <span class='ocr_line' id='line_1_31' title="bbox 158 2349 1806 2401; baseline 0 -12"><span class='ocrx_word' id='word_1_291' title='bbox 158 2349 380 2389; x_wconf 84' lang='lat' dir='ltr'>serivono</span> <span class='ocrx_word' id='word_1_292' title='bbox 395 2349 746 2389; x_wconf 87' lang='lat' dir='ltr'>rimettendomi</span> <span class='ocrx_word' id='word_1_293' title='bbox 762 2361 788 2389; x_wconf 91' lang='lat' dir='ltr'>a</span> <span class='ocrx_word' id='word_1_294' title='bbox 806 2350 959 2401; x_wconf 87' lang='lat' dir='ltr'>quello</span> <span class='ocrx_word' id='word_1_295' title='bbox 977 2350 1055 2401; x_wconf 75' lang='lat' dir='ltr'>piu</span> <span class='ocrx_word' id='word_1_296' title='bbox 1073 2350 1276 2390; x_wconf 80' lang='lat' dir='ltr'>scrivi1·a</span> <span class='ocrx_word' id='word_1_297' title='bbox 1294 2357 1455 2391; x_wconf 89' lang='lat' dir='ltr'>nostro</span> <span class='ocrx_word' id='word_1_298' title='bbox 1467 2350 1516 2390; x_wconf 84' lang='lat' dir='ltr'>P.</span> <span class='ocrx_word' id='word_1_299' title='bbox 1539 2350 1585 2390; x_wconf 91' lang='lat' dir='ltr'>in</span> <span class='ocrx_word' id='word_1_300' title='bbox 1603 2349 1806 2399; x_wconf 85' lang='lat' dir='ltr'>Christo,</span> 
     </span>
     <span class='ocr_line' id='line_1_32' title="bbox 160 2420 670 2472; baseline -0.002 -12"><span class='ocrx_word' id='word_1_301' title='bbox 160 2420 350 2472; x_wconf 88' lang='lat' dir='ltr'>quando</span> <span class='ocrx_word' id='word_1_302' title='bbox 373 2421 462 2461; x_wconf 87' lang='lat' dir='ltr'>stia</span> <span class='ocrx_word' id='word_1_303' title='bbox 483 2422 670 2472; x_wconf 89' lang='lat' dir='ltr'>meglio.</span> 
     </span>
    </p>

    <p class='ocr_par' dir='ltr' id='par_1_9' title="bbox 238 2491 1031 2545">
     <span class='ocr_line' id='line_1_33' title="bbox 238 2491 1031 2545; baseline 0.001 -13"><span class='ocrx_word' id='word_1_304' title='bbox 238 2491 310 2532; x_wconf 92' lang='lat' dir='ltr'>De</span> <span class='ocrx_word' id='word_1_305' title='bbox 330 2491 589 2532; x_wconf 87' lang='lat' dir='ltr'>Valladolit</span> <span class='ocrx_word' id='word_1_306' title='bbox 609 2493 679 2544; x_wconf 86' lang='lat' dir='ltr'>p.⁰</span> <span class='ocrx_word' id='word_1_307' title='bbox 700 2493 746 2533; x_wconf 87' lang='lat' dir='ltr'>di</span> <span class='ocrx_word' id='word_1_308' title='bbox 765 2492 891 2545; x_wconf 83' lang='lat' dir='ltr'>Jen.“</span> <span class='ocrx_word' id='word_1_309' title='bbox 916 2493 1031 2533; x_wconf 75' lang='lat'>1553.</span> 
     </span>
    </p>

    <p class='ocr_par' dir='ltr' id='par_1_10' title="bbox 238 2562 772 2615">
     <span class='ocr_line' id='line_1_34' title="bbox 238 2562 772 2615; baseline 0.002 -12"><span class='ocrx_word' id='word_1_310' title='bbox 238 2562 464 2614; x_wconf 86' lang='lat' dir='ltr'>Indignus</span> <span class='ocrx_word' id='word_1_311' title='bbox 485 2563 606 2604; x_wconf 87' lang='lat' dir='ltr'>filius</span> <span class='ocrx_word' id='word_1_312' title='bbox 628 2563 676 2603; x_wconf 88' lang='grc' dir='ltr'>Ρ.</span> <span class='ocrx_word' id='word_1_313' title='bbox 701 2563 772 2615; x_wconf 86' lang='grc' dir='ltr'>Τ.,</span> 
     </span>
    </p>
   </div>
   <div class='ocr_carea' id='block_1_3' title="bbox 1207 2702 1590 2741">
    <p class='ocr_par' dir='ltr' id='par_1_11' title="bbox 1207 2702 1590 2741">
     <span class='ocr_line' id='line_1_35' title="bbox 1207 2702 1590 2741; baseline -0.005 0"><span class='ocrx_word' id='word_1_314' title='bbox 1207 2702 1442 2741; x_wconf 72' lang='lat' dir='ltr'><strong>VALDERA</strong></span> <span class='ocrx_word' id='word_1_315' title='bbox 1449 2712 1590 2741; x_wconf 72' lang='lat' dir='ltr'>VANo.</span> 
     </span>
    </p>
   </div>
  </div>
 </body>
</html>
