2168 3437
331 247 403 283 110
843 246 1070 283 LITTERAE
1096 255 1457 288 QUADRIMESTRES

414 342 765 394 Superscriptz'o
786 342 836 381 in
858 345 1031 392 quarta
1056 341 1263 393 pagina:
1283 343 1311 388 †
1331 341 1464 381 Iesus
1478 343 1505 389 †
1525 341 1625 381 R.d0
1646 343 1692 382 in
1716 343 1855 383 Chro.
1879 342 1966 382 Pa-

332 414 394 454 tri
420 414 524 454 ΜΨ
552 413 734 464 Ignatio
764 413 819 452 de
845 412 1045 463 Loyola,
1063 412 1333 464 praeposito
1356 412 1595 453 societatis
1616 412 1718 453 Iesu
1738 414 1963 465 generali,

329 485 525 526 Romae.

414 557 477 596 Et
497 556 593 596 alia
616 566 785 595 manu:
806 554 878 594 Ex
899 554 1133 594 Messana.

414 628 477 667 Et
499 627 621 667 alia:
643 626 696 677 Q.
721 625 927 666 Messina
948 625 1019 675 53,
1043 624 1068 664 3
1089 624 1136 665 di
1158 624 1361 665 Genaro.

1039 1052 1271 1106 CXCIV

408 1283 624 1320 Martinus
647 1281 855 1320 Gewarts

457 1348 579 1385 Patri
599 1347 767 1394 Ignatio
788 1347 841 1383 de
860 1346 1043 1393 Loyola.

507 1412 690 1457 Vienna,
712 1413 734 1449 6
753 1412 950 1458 ‚Ianuarii
972 1412 1064 1448 1553
1084 1412 1106 1446 ¹.

2155 1239 2168 1275 Ἠ

2158 1290 2168 1356 ²]

1103 1619 1201 1660 IHS

421 1834 586 1875 Gratia
615 1834 803 1874 Domini
830 1833 989 1874 Nostri
1024 1833 1127 1874 Iesu
1156 1833 1328 1874 Christi
1355 1839 1399 1873 et
1428 1843 1523 1883 pax
1543 1842 1658 1871 vera
1690 1836 1976 1882 aeternaque

335 1906 596 1946 nobiscum.
620 1905 786 1946 Amen.

420 1977 520 2017 Etsi
559 1976 741 2017 difficile
780 1977 891 2016 mihi
931 1983 975 2016 et
1014 1977 1251 2017 insolitum
1292 1976 1350 2015 sit
1396 1975 1485 2014 hoc
1530 1973 1765 2014 scribendi
1809 1983 1975 2024 genus,
2160 2027 2164 2029 ἰ

341 2047 441 2088 Rde
470 2048 543 2098 P.,
570 2060 660 2099 quo
682 2060 756 2088 res
784 2049 1026 2098 praeclare
1053 2053 1214 2099 gestae
1243 2052 1429 2097 patrum
1457 2045 1746 2095 fratrumque
1776 2049 1978 2083 tractan-
2156 2042 2168 2085 ἔ,

340 2125 430 2170 tur,
454 2131 546 2159 non
569 2118 829 2170 captandae
850 2119 1044 2170 quidem>
1057 2119 1312 2167 humanae,
1336 2117 1418 2157 sed
1438 2116 1612 2157 Christi
1632 2114 1978 2166 praedicandae

342 2196 387 2230 et
415 2190 723 2231 celebrandae
749 2190 930 2240 gloriae
959 2201 1125 2239 causa,
1159 2195 1317 2228 tamen
1348 2186 1640 2227 obedientiae
1667 2184 1978 2237 praestandae

341 2262 441 2301 iure
463 2268 507 2301 et
528 2273 686 2301 amore
709 2272 1024 2311 commoveor,
1049 2266 1097 2300 ut
1119 2259 1244 2311 quod
1265 2264 1335 2298 est
1355 2258 1470 2298 meis
1492 2257 1698 2297 humeris
1720 2256 1978 2296 iniunctum

344 2344 462 2372 onus
483 2332 730 2382 scribendi,
755 2343 847 2371 non
869 2332 1100 2382 patienter
1121 2329 1259 2370 modo
1294 2329 1374 2369 sed
1400 2329 1612 2368 lubenter
1643 2339 1826 2379 quoque
1855 2338 1978 2366 nunc

343 2403 613 2443 sustineam.
638 2403 779 2454 quue
797 2408 926 2442 tanto
944 2402 1178 2441 lubentius
1194 2401 1404 2452 profecto
1426 2399 1565 2450 facio,
1586 2411 1675 2451 quo
1698 2399 1900 2438 maiores
1915 2397 1980 2437 illi

341 2474 524 2526 gratias
541 2474 702 2522 debeo,
724 2473 801 2524 qui
818 2485 902 2524 pro
1142 2472 1187 2511 in
1204 2483 1277 2511 me
1293 2471 1502 2511 bonitate
1519 2481 1605 2510 sua
1621 2482 1714 2509 non
1731 2475 1803 2509 sat
1819 2468 1979 2508 habuit

347 2545 405 2586 ad
419 2537 622 2597 purioris
634 2545 762 2584 vitae
774 2544 901 2584 viam
913 2542 1154 2583 sordidum
1170 2553 1413 2591 revocare,
1433 2541 1516 2581 sed
1528 2541 1668 2581 etiam
1680 2541 1727 2580 in
1739 2540 1860 2579 hanc
1877 2550 1978 2579 san-

399 2728 409 2748 ¹
448 2727 725 2762 Autographum,
748 2731 857 2754 totum
880 2734 981 2754 manu
1004 2726 1107 2761 ipsius
1128 2725 1277 2759 Martini,
1301 2726 1332 2753 in
1358 2726 1437 2753 folio
1461 2725 1586 2760 duplici
1609 2733 1664 2752 nn.
1687 2724 1737 2751 107
1751 2728 1784 2750 et
1800 2723 1861 2751 108.
1883 2723 1921 2750 In
1944 2731 1981 2749 eo

345 2775 468 2802 attrita
483 2775 634 2802 nonnihil
650 2780 702 2802 est
718 2775 839 2802 charta
860 2775 892 2802 in
908 2774 1018 2801 medio
1034 2774 1066 2801 in
1084 2781 1148 2807 qua
1168 2777 1267 2807 parte
1285 2773 1362 2800 olim
1378 2773 1508 2807 plicata
1524 2773 1603 2806 fuit;
1621 2779 1725 2807 quare
1747 2771 1982 2798 desiderantur

345 2822 379 2849 in
393 2821 546 2849 omnibus
560 2822 694 2856 paginis
712 2822 879 2856 quaedam
892 2822 1010 2855 ve1·ba;
1024 2821 1082 2848 sed
1096 2821 1232 2848 curavit
1253 2827 1293 2847 ea
1310 2821 1390 2854 ipse,
1406 2824 1442 2847 ut
1459 2820 1605 2854 videtur,
1622 2818 1788 2846 Martinus
1803 2817 1837 2845 in
1851 2825 1982 2845 summa

345 2869 557 2903 singularum
573 2869 777 2903 paginarum
794 2876 856 2896 ora
870 2869 1030 2901 seribere,
1046 2868 1141 2902 signo
1157 2867 1272 2894 addito
1289 2872 1324 2894 ut
1341 2875 1400 2895 suo
1417 2874 1568 2902 quaeque
1584 2867 1656 2893 loco
1671 2865 1788 2900 reponi
1802 2865 1981 2899 possint.—

346 2916 520 2943 Habemus
536 2917 639 2943 etiam
656 2916 687 2943 in
703 2916 867 2943 Historia
882 2917 997 2949 varia,
1012 2916 1078 2943 vol.
1093 2922 1115 2950 1,
1132 2915 1186 2942 fol.
1201 2914 1263 2950 303,
1281 2915 1491 2949 castigatum
1507 2913 1742 2949 apographum
1757 2912 1864 2940 Roma
1879 2912 1912 2939 in
1927 2912 1984 2939 Hi-

346 2964 501 2999 spaniam
516 2965 667 2992 missum.

401 3012 415 3030 2
454 3011 600 3038 Abscisa
615 3019 675 3038 seu
690 3011 815 3039 attrita
831 3011 977 3038 chartae
993 3018 1070 3045 ora,
1085 3010 1179 3038 deest
1197 3010 1250 3037 hic
1266 3011 1427 3044 verbum,
1452 3009 1540 3044 quod
1561 3008 1661 3036 facile
1681 3007 1755 3042 quis
1775 3006 1981 3041 conjectabit

349 3065 422 3086 esse
439 3066 570 3091 magna
588 3059 640 3086 vel
655 3059 799 3086 eximia.
