2168 3437
878 267 960 303 AN.
991 266 1082 304 1552
1753 269 1805 307 29

167 367 293 402 certe
326 361 467 402 rebus
492 362 540 402 fit
566 367 636 412 ut,
665 362 908 402 mirumin
938 363 1126 402 modum
1162 369 1438 415 occupatus,
1475 364 1555 404 vix
1590 375 1796 416 unquam

165 432 313 483 possit
334 432 588 484 quiescere.
612 432 687 472 Ad
708 433 800 473 alia
819 433 1051 473 calamum
1072 440 1420 474 convertamus.

244 502 333 542 Hic
368 508 522 542 autem
556 509 834 553 occurrunt,
870 504 1072 555 primum
1107 504 1184 554 qui
1215 515 1274 543 ex
1308 505 1508 544 inimicis
1542 505 1656 546 facti
1690 513 1798 546 sunt

164 573 322 623 amici,
357 585 415 613 ex
442 574 608 624 quibus
634 585 810 625 paucos
840 580 1003 614 notare
1031 574 1239 614 sufficiet.
1272 574 1389 615 Cum
1416 576 1559 626 igitur
1588 579 1797 617 nonnulli

163 644 366 695 quadam
401 644 473 684 die
502 645 670 685 armati
697 645 1104 685 convenissentut
1140 656 1242 685 sese
1272 652 1431 686 mutuo
1462 647 1792 698 interficerent,

163 715 228 755 ita
249 715 405 754 odium
427 715 547 755 inter
568 727 648 756 eos
669 722 933 766 exarserat,
957 715 1115 755 statim
1143 728 1262 756 unus
1293 729 1351 756 ex
1380 717 1595 757 Patribus
1622 719 1801 759 nostrisv

163 797 217 826 eo
241 785 469 826 adductus
490 786 589 836 fuit,
615 785 745 837 cujus
767 785 973 826 adventu
995 787 1058 826 ita
1078 793 1330 835 mutantur,
1355 795 1403 828 ut
1425 789 1482 828 ab
1506 789 1612 829 odio
1634 790 1694 829 ad
1723 790 1796 830 be-

162 857 498 907 nevolentiam,
535 869 562 896 a
596 857 783 897 feritate
815 857 875 897 ad
909 857 1343 909 mansuetudinem,
1380 859 1605 909 depositis
1634 861 1777 900 armis

162 938 265 968 sese
300 928 643 979 quamprimum
678 928 1010 968 converterint.
1046 928 1207 980 Neque
1240 941 1355 969 vero
1385 931 1583 970 alterum
1612 932 1793 981 tacebo,

161 998 239 1050 qui
260 999 415 1038 multis
437 999 572 1038 annis
592 1010 698 1038 cum
719 999 860 1038 alium
880 1005 1155 1050 persecutus
1181 999 1365 1051 fuisset,
1391 1013 1496 1040 eum
1530 1008 1654 1041 certe
1677 1002 1794 1042 occi—

161 1079 311 1119 surus,
336 1069 373 1109 si
393 1069 594 1109 facultas
614 1069 819 1119 daretur,
845 1069 965 1121 quod
982 1076 1201 1120 patruum
1217 1071 1292 1110 ille
1309 1083 1444 1111 suum
1464 1072 1791 1121 interemisset,

160 1140 348 1180 tandem
384 1139 541 1179 odium
577 1140 803 1190 evomuit,
835 1140 957 1192 quod
984 1141 1061 1180 diu
1092 1141 1138 1180 in
1172 1148 1362 1192 pectore
1397 1142 1639 1182 habuerat.
1675 1143 1794 1193 Quid

160 1218 316 1251 autem
337 1211 541 1251 scribam
571 1211 626 1251 de
648 1211 826 1251 duabus
849 1212 1119 1252 mulieribus
1148 1218 1192 1252 et
1222 1213 1312 1253 illis
1339 1214 1524 1264 quidem
1546 1215 1790 1263 nobilibus,

159 1294 357 1333 quarum
378 1283 550 1333 altera,
585 1294 690 1322 cum
717 1283 795 1323 diu
824 1283 871 1323 in
903 1283 1132 1323 adulterio
1159 1284 1376 1334 vixisset,
1407 1285 1572 1336 spiritu
1603 1285 1795 1326 Domini

158 1359 415 1404 commota,
440 1353 556 1393 adeo
579 1353 624 1393 in
646 1365 836 1394 carnem
859 1365 976 1405 quae
1007 1361 1292 1406 peccaverat
1319 1356 1504 1395 saevire
1532 1357 1710 1407 coepit,
1743 1364 1792 1397 ut

156 1435 183 1463 a
210 1423 407 1475 flagellis
440 1436 536 1464 non
570 1431 776 1465 cessaret
810 1426 1085 1477 priusquam
1120 1426 1225 1466 inde
1257 1427 1537 1478 sanguinem
1565 1428 1794 1468 extraxis-

157 1500 249 1544 set;
281 1496 427 1535 altera
461 1507 591 1546 vero,
616 1507 734 1547 quae
756 1497 967 1545 alterum,
994 1508 1131 1548 quem
1153 1496 1277 1537 domi
1298 1497 1453 1537 alebat
1474 1498 1660 1538 nomine
1690 1510 1797 1550 pro·

157 1566 408 1616 curatoris,
446 1572 491 1606 et
524 1566 653 1606 illum
688 1567 875 1618 quidem
908 1568 1225 1618 sacerdotem,
1264 1569 1388 1620 quod
1422 1569 1561 1620 longe
1586 1570 1794 1620 gravius

156 1643 247 1685 est,
272 1649 298 1677 a
320 1649 369 1677 se
391 1638 589 1688 expulit,
612 1638 738 1678 vitae
759 1638 1053 1678 honestatem
1081 1645 1180 1679 toto
1208 1639 1364 1679 animo
1393 1641 1629 1691 amplexa?
1657 1641 1792 1681 Utra-

154 1719 242 1759 que
281 1720 404 1748 nunc
443 1715 742 1749 sacramenta
780 1708 1072 1761 frequentat,
1114 1711 1331 1761 quamvis
1372 1711 1499 1762 prior
1538 1713 1792 1752 secundam

154 1779 320 1830 spiritu
341 1785 385 1819 et
407 1780 655 1820 devotione
677 1787 890 1831 superet,
922 1780 1039 1821 haec
1070 1793 1215 1831 nunc,
1240 1782 1330 1821 nisi
1361 1782 1583 1822 mandato
1615 1783 1791 1823 confes-

154 1850 267 1890 sarii
294 1850 633 1901 prohiberetur,
670 1850 940 1903 frequenter
974 1863 1121 1903 usque
1150 1853 1209 1892 ad
1245 1853 1524 1904 sanguinem
1561 1852 1789 1905 [flagellis]

152 1927 374 1961 uteretur.
398 1921 488 1961 Sed
510 1922 620 1973 quid
640 1921 695 1962 de
717 1922 949 1963 obsessis?
970 1922 1140 1963 Mirum
1162 1929 1287 1969 certe
1309 1930 1378 1963 est
1400 1923 1509 1975 quid
1530 1925 1576 1964 in
1599 1925 1664 1964 eis
1685 1937 1791 1964 con-

154 1992 328 2043 tingat,
354 1993 524 2032 etenim
546 2004 650 2033 cum
671 1994 788 2034 muti
812 1992 820 2011 ¹
844 1993 903 2034 ad
930 2000 1142 2034 nostram
1174 1995 1422 2035 ecclesiam
1452 1996 1670 2035 conducti
1698 1996 1790 2036 fue-

152 2063 268 2114 rint,
307 2063 509 2104 confessi
545 2064 703 2104 statim
729 2065 836 2105 inde
866 2065 1049 2105 liberati
1079 2065 1337 2105 discedunt.
1375 2066 1575 2116 Quidam
1612 2067 1678 2106 sic
1715 2067 1793 2106 diu

153 2140 443 2186 apostemate
463 2136 699 2176 laboravit
719 2141 789 2187 ut,
814 2137 985 2176 multos
1016 2136 1063 2176 in
1093 2137 1300 2177 medicos
1327 2137 1537 2188 pecuniis
1565 2138 1786 2188 erogatis,

153 2205 402 2246 sanitatem
423 2212 580 2246 tamen
600 2218 841 2258 nunquam
863 2207 1127 2247 obtinuerit.
1159 2207 1442 2248 Persuasum
1463 2208 1605 2259 igitur
1636 2209 1699 2248 ini
1720 2215 1788 2248 est

153 2276 210 2316 ab
231 2277 395 2317 amicis
416 2284 465 2317 ut
486 2278 659 2318 nostris
689 2278 1003 2329 confiteretur,
1038 2278 1161 2330 quod
1191 2279 1254 2318 ita
1285 2279 1537 2320 sanitatem
1567 2291 1787 2319 consecu-

152 2352 284 2387 turus
305 2354 447 2396 esset;
473 2349 678 2388 obedivit
705 2349 855 2389 bonus
885 2349 973 2400 vir,
1003 2361 1153 2401 neque
1185 2361 1266 2401 spe
1293 2362 1378 2390 sua
1406 2350 1658 2390 frustratus
1686 2350 1786 2402 fuit;

151 2418 285 2459 brevi
319 2429 519 2470 namque
548 2420 797 2464 sanitatem
826 2420 1038 2471 corporis
1068 2426 1113 2460 et
1147 2420 1330 2460 animae
1360 2421 1517 2471 simul,
1554 2427 1603 2460 ut
1630 2432 1787 2472 spera-

152 2501 268 2540 mus,
293 2489 503 2529 obtinuit.
528 2489 644 2530 Cum
665 2497 821 2530 autem
841 2491 916 2530 hic
934 2489 1166 2541 jubilaeus
1196 2491 1457 2542 pubiicatus
1489 2490 1674 2542 fuisset,
1709 2493 1787 2544 qui

150 2572 236 2611 pro
269 2571 387 2612 pace
415 2561 536 2600 inter
564 2560 847 2601 christianos
880 2561 1117 2613 principes
1152 2562 1446 2602 concilianda
1477 2573 1731 2603 concessus
1760 2576 1787 2604 a

153 2643 334 2672 summo
361 2631 584 2671 Pontifice
616 2638 705 2683 est,
738 2643 955 2672 carceres
986 2643 1148 2672 omnes
1178 2622 1441 2682 visitamus,
1465 2632 1787 2674 incarceratos

153 2702 212 2742 ad
239 2703 366 2742 illum
403 2702 749 2754 suscipiendum
782 2703 1091 2743 cohortaturi.
1129 2703 1247 2743 Cum
1279 2709 1435 2742 autem
1463 2704 1594 2744 multi
1625 2717 1786 2746 eorum

150 2785 245 2813 non
282 2774 508 2813 haberent
553 2774 677 2825 quod
716 2774 762 2813 in
804 2775 1152 2825 eleemosynam
1192 2774 1526 2825 elargirentur,
1574 2774 1786 2816 dedimus

152 2850 577 2895 quantumcumque
599 2845 917 2885 necessarium
938 2850 1052 2884 erat.
1077 2844 1241 2884 Patres
1262 2856 1375 2884 vero
1393 2846 1542 2885 nostri
1562 2846 1627 2886 ita
1650 2858 1784 2887 occu-

149 2915 383 2966 pabantur
409 2921 458 2955 ut
485 2923 645 2955 eorum
667 2915 873 2955 omnium
900 2915 1243 2955 confessionem
1264 2915 1427 2956 audire
1456 2928 1552 2957 non
1573 2925 1781 2968 possent,

204 3070 215 3092 ¹
254 3071 366 3100 Multi?
