<?xml version="1.0" encoding="UTF-8"?>
<!DOCTYPE html PUBLIC "-//W3C//DTD XHTML 1.0 Transitional//EN"
    "http://www.w3.org/TR/xhtml1/DTD/xhtml1-transitional.dtd">
<html xmlns="http://www.w3.org/1999/xhtml" xml:lang="en" lang="en">
 <head>
  <title>
</title>
<meta http-equiv="Content-Type" content="text/html;charset=utf-8" />
  <meta name='ocr-system' content='tesseract 3.04.00' />
  <meta name='ocr-capabilities' content='ocr_page ocr_carea ocr_par ocr_line ocrx_word'/>
</head>
<body>
  <div class='ocr_page' id='page_1' title='image "./litteraequadrime1402lain_0597.png"; bbox 0 0 2168 3437; ppageno 0'>
   <div class='ocr_carea' id='block_1_1' title="bbox 837 283 1758 323">
    <p class='ocr_par' dir='ltr' id='par_1_1' title="bbox 837 283 1758 323">
     <span class='ocr_line' id='line_1_1' title="bbox 837 283 1758 323; baseline -0.002 -1"><span class='ocrx_word' id='word_1_1' title='bbox 837 285 921 323; x_wconf 86' lang='lat' dir='ltr'>AN.</span> <span class='ocrx_word' id='word_1_2' title='bbox 952 284 1044 322; x_wconf 76' lang='lat'>1554</span> <span class='ocrx_word' id='word_1_3' title='bbox 1687 283 1758 321; x_wconf 81' lang='lat'>593</span> 
     </span>
    </p>
   </div>
   <div class='ocr_carea' id='block_1_2' title="bbox 118 381 1788 2632">
    <p class='ocr_par' dir='ltr' id='par_1_2' title="bbox 118 381 1778 1984">
     <span class='ocr_line' id='line_1_2' title="bbox 118 381 1757 436; baseline -0.004 -10"><span class='ocrx_word' id='word_1_4' title='bbox 118 385 282 426; x_wconf 85' lang='lat' dir='ltr'>favore</span> <span class='ocrx_word' id='word_1_5' title='bbox 304 384 507 436; x_wconf 89' lang='lat' dir='ltr'>quodam</span> <span class='ocrx_word' id='word_1_6' title='bbox 527 389 717 423; x_wconf 87' lang='lat' dir='ltr'>nostrae</span> <span class='ocrx_word' id='word_1_7' title='bbox 735 382 1020 434; x_wconf 78' lang='lat' dir='ltr'>applaudent</span> <span class='ocrx_word' id='word_1_8' title='bbox 1037 381 1144 432; x_wconf 68' lang='lat' dir='ltr'>(sic)</span> <span class='ocrx_word' id='word_1_9' title='bbox 1163 381 1513 422; x_wconf 89' lang='lat' dir='ltr'>conversationi</span> <span class='ocrx_word' id='word_1_10' title='bbox 1534 386 1614 421; x_wconf 89' lang='lat' dir='ltr'>aut</span> <span class='ocrx_word' id='word_1_11' title='bbox 1631 385 1757 420; x_wconf 89' lang='lat' dir='ltr'>certe</span> 
     </span>
     <span class='ocr_line' id='line_1_3' title="bbox 119 452 1758 506; baseline -0.002 -11"><span class='ocrx_word' id='word_1_12' title='bbox 119 456 254 496; x_wconf 91' lang='lat' dir='ltr'>oculo</span> <span class='ocrx_word' id='word_1_13' title='bbox 278 455 550 494; x_wconf 71' lang='lat' dir='ltr'>conniventi</span> <span class='ocrx_word' id='word_1_14' title='bbox 571 453 1054 506; x_wconf 75' lang='lat' dir='ltr'>praetergrediuntur.</span> <span class='ocrx_word' id='word_1_15' title='bbox 1079 453 1242 493; x_wconf 90' lang='lat' dir='ltr'>Nullus</span> <span class='ocrx_word' id='word_1_16' title='bbox 1264 453 1486 501; x_wconf 83' lang='lat' dir='ltr'>oblatrat,</span> <span class='ocrx_word' id='word_1_17' title='bbox 1510 452 1663 492; x_wconf 90' lang='lat' dir='ltr'>nullus</span> <span class='ocrx_word' id='word_1_18' title='bbox 1685 463 1758 491; x_wconf 84' lang='lat' dir='ltr'>ac-</span> 
     </span>
     <span class='ocr_line' id='line_1_4' title="bbox 120 523 1759 576; baseline -0.002 -10"><span class='ocrx_word' id='word_1_19' title='bbox 120 527 339 567; x_wconf 79' lang='lat' dir='ltr'>cedentes</span> <span class='ocrx_word' id='word_1_20' title='bbox 373 526 433 565; x_wconf 92' lang='lat' dir='ltr'>ad</span> <span class='ocrx_word' id='word_1_21' title='bbox 467 537 552 565; x_wconf 90' lang='lat' dir='ltr'>nos</span> <span class='ocrx_word' id='word_1_22' title='bbox 581 525 764 576; x_wconf 89' lang='lat' dir='ltr'>publice</span> <span class='ocrx_word' id='word_1_23' title='bbox 792 524 1017 576; x_wconf 90' lang='lat' dir='ltr'>impedire</span> <span class='ocrx_word' id='word_1_24' title='bbox 1047 523 1328 575; x_wconf 87' lang='lat' dir='ltr'>praesumit,</span> <span class='ocrx_word' id='word_1_25' title='bbox 1362 529 1412 563; x_wconf 89' lang='lat' dir='ltr'>ut</span> <span class='ocrx_word' id='word_1_26' title='bbox 1438 523 1616 573; x_wconf 90' lang='lat' dir='ltr'>omnia,</span> <span class='ocrx_word' id='word_1_27' title='bbox 1650 534 1759 574; x_wconf 90' lang='lat' dir='ltr'>quo-</span> 
     </span>
     <span class='ocr_line' id='line_1_5' title="bbox 120 594 1758 646; baseline -0.002 -9"><span class='ocrx_word' id='word_1_28' title='bbox 120 597 257 638; x_wconf 91' lang='lat' dir='ltr'>modo</span> <span class='ocrx_word' id='word_1_29' title='bbox 280 597 388 636; x_wconf 89' lang='lat' dir='ltr'>libet</span> <span class='ocrx_word' id='word_1_30' title='bbox 409 602 488 636; x_wconf 84' lang='lat' dir='ltr'>aut</span> <span class='ocrx_word' id='word_1_31' title='bbox 509 597 555 635; x_wconf 92' lang='lat' dir='ltr'>in</span> <span class='ocrx_word' id='word_1_32' title='bbox 577 595 779 636; x_wconf 87' lang='lat' dir='ltr'>Domino</span> <span class='ocrx_word' id='word_1_33' title='bbox 802 595 1010 646; x_wconf 77' lang='lat' dir='ltr'>expedit,</span> <span class='ocrx_word' id='word_1_34' title='bbox 1033 595 1166 635; x_wconf 92' lang='lat' dir='ltr'>nobis</span> <span class='ocrx_word' id='word_1_35' title='bbox 1188 606 1371 646; x_wconf 88' lang='lat' dir='ltr'>quoque</span> <span class='ocrx_word' id='word_1_36' title='bbox 1390 594 1532 634; x_wconf 87' lang='lat' dir='ltr'>licere</span> <span class='ocrx_word' id='word_1_37' title='bbox 1554 599 1758 645; x_wconf 89' lang='lat' dir='ltr'>putatur.</span> 
     </span>
     <span class='ocr_line' id='line_1_6' title="bbox 122 664 1763 719; baseline -0.002 -11"><span class='ocrx_word' id='word_1_38' title='bbox 122 668 212 719; x_wconf 87' lang='lat' dir='ltr'>Qui</span> <span class='ocrx_word' id='word_1_39' title='bbox 240 669 336 708; x_wconf 89' lang='lat' dir='ltr'>suis</span> <span class='ocrx_word' id='word_1_40' title='bbox 358 667 635 718; x_wconf 85' lang='lat' dir='ltr'>quandoque</span> <span class='ocrx_word' id='word_1_41' title='bbox 656 667 704 706; x_wconf 93' lang='lat' dir='ltr'>in</span> <span class='ocrx_word' id='word_1_42' title='bbox 724 666 1027 706; x_wconf 81' lang='lat' dir='ltr'>concionibus</span> <span class='ocrx_word' id='word_1_43' title='bbox 1042 666 1157 705; x_wconf 86' lang='lat' dir='ltr'>false</span> <span class='ocrx_word' id='word_1_44' title='bbox 1178 666 1292 705; x_wconf 90' lang='lat' dir='ltr'>satis</span> <span class='ocrx_word' id='word_1_45' title='bbox 1310 671 1499 705; x_wconf 89' lang='lat' dir='ltr'>nostrae</span> <span class='ocrx_word' id='word_1_46' title='bbox 1516 664 1763 705; x_wconf 83' lang='lat' dir='ltr'>detrahere</span> 
     </span>
     <span class='ocr_line' id='line_1_7' title="bbox 122 728 1762 788; baseline -0.002 -10"><span class='ocrx_word' id='word_1_47' title='bbox 122 740 271 779; x_wconf 81' lang='lat' dir='ltr'>solent</span> <span class='ocrx_word' id='word_1_48' title='bbox 288 737 399 788; x_wconf 73' lang='lat' dir='ltr'>(sic)</span> <span class='ocrx_word' id='word_1_49' title='bbox 417 737 654 784; x_wconf 83' lang='lat' dir='ltr'>Societati,</span> <span class='ocrx_word' id='word_1_50' title='bbox 676 737 783 787; x_wconf 86' lang='lat' dir='ltr'>iam,</span> <span class='ocrx_word' id='word_1_51' title='bbox 805 737 937 788; x_wconf 86' lang='lat' dir='ltr'>quasi</span> <span class='ocrx_word' id='word_1_52' title='bbox 953 748 1099 776; x_wconf 92' lang='lat' dir='ltr'>unum</span> <span class='ocrx_word' id='word_1_53' title='bbox 1118 728 1364 776; x_wconf 86' lang='lat' dir='ltr'>nobiscum</span> <span class='ocrx_word' id='word_1_54' title='bbox 1381 748 1462 776; x_wconf 87' lang='lat' dir='ltr'>cor</span> <span class='ocrx_word' id='word_1_55' title='bbox 1484 741 1620 786; x_wconf 91' lang='lat' dir='ltr'>esset,</span> <span class='ocrx_word' id='word_1_56' title='bbox 1642 747 1762 775; x_wconf 92' lang='lat' dir='ltr'>eam-</span> 
     </span>
     <span class='ocr_line' id='line_1_8' title="bbox 122 807 1764 860; baseline -0.002 -11"><span class='ocrx_word' id='word_1_57' title='bbox 122 809 227 849; x_wconf 92' lang='lat' dir='ltr'>dem</span> <span class='ocrx_word' id='word_1_58' title='bbox 262 820 403 860; x_wconf 81' lang='lat' dir='ltr'>saepe</span> <span class='ocrx_word' id='word_1_59' title='bbox 437 809 579 848; x_wconf 88' lang='lat' dir='ltr'>tacite</span> <span class='ocrx_word' id='word_1_60' title='bbox 615 814 658 847; x_wconf 90' lang='lat' dir='ltr'>et</span> <span class='ocrx_word' id='word_1_61' title='bbox 694 813 855 859; x_wconf 86' lang='lat' dir='ltr'>aperte</span> <span class='ocrx_word' id='word_1_62' title='bbox 892 807 1223 847; x_wconf 91' lang='lat' dir='ltr'>commendant</span> <span class='ocrx_word' id='word_1_63' title='bbox 1257 813 1302 846; x_wconf 89' lang='lat' dir='ltr'>et</span> <span class='ocrx_word' id='word_1_64' title='bbox 1332 807 1613 858; x_wconf 86' lang='lat' dir='ltr'>provehunt.</span> <span class='ocrx_word' id='word_1_65' title='bbox 1647 807 1764 847; x_wconf 89' lang='lat' dir='ltr'>Tam</span> 
     </span>
     <span class='ocr_line' id='line_1_9' title="bbox 123 877 1765 930; baseline -0.001 -11"><span class='ocrx_word' id='word_1_66' title='bbox 123 880 246 920; x_wconf 91' lang='lat' dir='ltr'>enim</span> <span class='ocrx_word' id='word_1_67' title='bbox 275 879 517 918; x_wconf 86' lang='lat' dir='ltr'>unanimes</span> <span class='ocrx_word' id='word_1_68' title='bbox 544 878 786 930; x_wconf 81' lang='lat' dir='ltr'>praecipui</span> <span class='ocrx_word' id='word_1_69' title='bbox 817 878 1177 917; x_wconf 87' lang='lat' dir='ltr'>concionatores</span> <span class='ocrx_word' id='word_1_70' title='bbox 1206 877 1296 917; x_wconf 90' lang='lat' dir='ltr'>hac</span> <span class='ocrx_word' id='word_1_71' title='bbox 1323 878 1686 928; x_wconf 87' lang='lat' dir='ltr'>quadragesima</span> <span class='ocrx_word' id='word_1_72' title='bbox 1719 878 1765 917; x_wconf 87' lang='lat' dir='ltr'>in</span> 
     </span>
     <span class='ocr_line' id='line_1_10' title="bbox 123 948 1767 999; baseline -0.001 -9"><span class='ocrx_word' id='word_1_73' title='bbox 123 950 427 991; x_wconf 85' lang='lat' dir='ltr'>concionibus</span> <span class='ocrx_word' id='word_1_74' title='bbox 454 949 662 999; x_wconf 88' lang='lat' dir='ltr'>fuerunt,</span> <span class='ocrx_word' id='word_1_75' title='bbox 695 955 793 988; x_wconf 88' lang='lat' dir='ltr'>tam</span> <span class='ocrx_word' id='word_1_76' title='bbox 822 948 1035 999; x_wconf 84' lang='lat' dir='ltr'>vigorosi</span> <span class='ocrx_word' id='word_1_77' title='bbox 1064 954 1230 988; x_wconf 90' lang='lat' dir='ltr'>contra</span> <span class='ocrx_word' id='word_1_78' title='bbox 1256 949 1508 989; x_wconf 87' lang='lat' dir='ltr'>multarum</span> <span class='ocrx_word' id='word_1_79' title='bbox 1535 949 1767 988; x_wconf 90' lang='lat' dir='ltr'>malarum</span> 
     </span>
     <span class='ocr_line' id='line_1_11' title="bbox 125 1019 1766 1070; baseline -0.001 -9"><span class='ocrx_word' id='word_1_80' title='bbox 125 1021 515 1062; x_wconf 90' lang='lat' dir='ltr'>consuetudinum</span> <span class='ocrx_word' id='word_1_81' title='bbox 535 1020 944 1070; x_wconf 86' lang='lat' dir='ltr'>introductionem,</span> <span class='ocrx_word' id='word_1_82' title='bbox 965 1025 1062 1059; x_wconf 88' lang='lat' dir='ltr'>tam</span> <span class='ocrx_word' id='word_1_83' title='bbox 1082 1019 1241 1059; x_wconf 89' lang='lat' dir='ltr'>dulces</span> <span class='ocrx_word' id='word_1_84' title='bbox 1259 1030 1373 1070; x_wconf 89' lang='lat' dir='ltr'>erga</span> <span class='ocrx_word' id='word_1_85' title='bbox 1394 1019 1511 1070; x_wconf 89' lang='lat' dir='ltr'>pios,</span> <span class='ocrx_word' id='word_1_86' title='bbox 1531 1026 1628 1060; x_wconf 89' lang='lat' dir='ltr'>tam</span> <span class='ocrx_word' id='word_1_87' title='bbox 1645 1032 1766 1060; x_wconf 92' lang='lat' dir='ltr'>com-</span> 
     </span>
     <span class='ocr_line' id='line_1_12' title="bbox 126 1089 1767 1144; baseline -0.001 -12"><span class='ocrx_word' id='word_1_88' title='bbox 126 1093 355 1144; x_wconf 91' lang='lat' dir='ltr'>patientes</span> <span class='ocrx_word' id='word_1_89' title='bbox 376 1091 736 1142; x_wconf 88' lang='lat' dir='ltr'>poenitentibus,</span> <span class='ocrx_word' id='word_1_90' title='bbox 755 1096 851 1130; x_wconf 90' lang='lat' dir='ltr'>tam</span> <span class='ocrx_word' id='word_1_91' title='bbox 872 1090 1070 1142; x_wconf 91' lang='lat' dir='ltr'>denique</span> <span class='ocrx_word' id='word_1_92' title='bbox 1092 1090 1138 1129; x_wconf 88' lang='lat' dir='ltr'>in</span> <span class='ocrx_word' id='word_1_93' title='bbox 1155 1089 1450 1130; x_wconf 87' lang='lat' dir='ltr'>adhortando</span> <span class='ocrx_word' id='word_1_94' title='bbox 1474 1091 1534 1131; x_wconf 88' lang='lat' dir='ltr'>ad</span> <span class='ocrx_word' id='word_1_95' title='bbox 1554 1091 1767 1142; x_wconf 86' lang='lat' dir='ltr'>frequen-</span> 
     </span>
     <span class='ocr_line' id='line_1_13' title="bbox 126 1159 1769 1212; baseline -0.001 -10"><span class='ocrx_word' id='word_1_96' title='bbox 126 1169 221 1203; x_wconf 89' lang='lat' dir='ltr'>tem</span> <span class='ocrx_word' id='word_1_97' title='bbox 249 1162 590 1202; x_wconf 85' lang='lat' dir='ltr'>confessionem</span> <span class='ocrx_word' id='word_1_98' title='bbox 612 1168 656 1202; x_wconf 92' lang='lat' dir='ltr'>et</span> <span class='ocrx_word' id='word_1_99' title='bbox 678 1161 1051 1201; x_wconf 87' lang='lat' dir='ltr'>communionem</span> <span class='ocrx_word' id='word_1_100' title='bbox 1071 1159 1332 1211; x_wconf 81' lang='lat' dir='ltr'>diligentes,</span> <span class='ocrx_word' id='word_1_101' title='bbox 1357 1162 1492 1212; x_wconf 89' lang='lat' dir='ltr'>quasi</span> <span class='ocrx_word' id='word_1_102' title='bbox 1513 1161 1551 1201; x_wconf 94' lang='lat' dir='ltr'>si</span> <span class='ocrx_word' id='word_1_103' title='bbox 1569 1162 1625 1202; x_wconf 92' lang='lat' dir='ltr'>de</span> <span class='ocrx_word' id='word_1_104' title='bbox 1642 1162 1769 1202; x_wconf 82' lang='lat' dir='ltr'>fonte</span> 
     </span>
     <span class='ocr_line' id='line_1_14' title="bbox 128 1231 1769 1284; baseline 0 -11"><span class='ocrx_word' id='word_1_105' title='bbox 128 1239 317 1274; x_wconf 90' lang='lat' dir='ltr'>nostrae</span> <span class='ocrx_word' id='word_1_106' title='bbox 339 1232 586 1273; x_wconf 85' lang='lat' dir='ltr'>Societatis</span> <span class='ocrx_word' id='word_1_107' title='bbox 605 1239 774 1272; x_wconf 89' lang='lat' dir='ltr'>cuncta</span> <span class='ocrx_word' id='word_1_108' title='bbox 796 1232 1077 1272; x_wconf 90' lang='lat' dir='ltr'>hausissent.</span> <span class='ocrx_word' id='word_1_109' title='bbox 1096 1231 1217 1271; x_wconf 89' lang='lat' dir='ltr'>Huic</span> <span class='ocrx_word' id='word_1_110' title='bbox 1235 1243 1419 1283; x_wconf 91' lang='lat' dir='ltr'>quoque</span> <span class='ocrx_word' id='word_1_111' title='bbox 1442 1233 1624 1273; x_wconf 92' lang='lat' dir='ltr'>accedit</span> <span class='ocrx_word' id='word_1_112' title='bbox 1645 1233 1769 1284; x_wconf 92' lang='lat' dir='ltr'>quod</span> 
     </span>
     <span class='ocr_line' id='line_1_15' title="bbox 128 1302 1771 1355; baseline -0.001 -11"><span class='ocrx_word' id='word_1_113' title='bbox 128 1305 194 1344; x_wconf 89' lang='lat' dir='ltr'>eis</span> <span class='ocrx_word' id='word_1_114' title='bbox 217 1304 504 1353; x_wconf 84' lang='lat' dir='ltr'>confitentes,</span> <span class='ocrx_word' id='word_1_115' title='bbox 530 1304 569 1343; x_wconf 88' lang='lat' dir='ltr'>si</span> <span class='ocrx_word' id='word_1_116' title='bbox 592 1303 777 1354; x_wconf 90' lang='lat' dir='ltr'>quando</span> <span class='ocrx_word' id='word_1_117' title='bbox 800 1303 963 1343; x_wconf 89' lang='lat' dir='ltr'>abesse</span> <span class='ocrx_word' id='word_1_118' title='bbox 984 1303 1242 1353; x_wconf 90' lang='lat' dir='ltr'>contingat,</span> <span class='ocrx_word' id='word_1_119' title='bbox 1267 1303 1422 1353; x_wconf 91' lang='lat' dir='ltr'>potius</span> <span class='ocrx_word' id='word_1_120' title='bbox 1444 1302 1503 1342; x_wconf 91' lang='lat' dir='ltr'>ad</span> <span class='ocrx_word' id='word_1_121' title='bbox 1524 1315 1609 1343; x_wconf 92' lang='lat' dir='ltr'>nos</span> <span class='ocrx_word' id='word_1_122' title='bbox 1631 1316 1771 1355; x_wconf 89' lang='lat' dir='ltr'>quam</span> 
     </span>
     <span class='ocr_line' id='line_1_16' title="bbox 130 1356 1773 1426; baseline 0 -11"><span class='ocrx_word' id='word_1_123' title='bbox 130 1375 247 1415; x_wconf 88' lang='lat' dir='ltr'>alios</span> <span class='ocrx_word' id='word_1_124' title='bbox 282 1375 475 1426; x_wconf 90' lang='lat' dir='ltr'>quosvis</span> <span class='ocrx_word' id='word_1_125' title='bbox 511 1356 737 1414; x_wconf 67' lang='lat' dir='ltr'>aecedere</span> <span class='ocrx_word' id='word_1_126' title='bbox 773 1373 980 1425; x_wconf 91' lang='lat' dir='ltr'>cupiunt.</span> <span class='ocrx_word' id='word_1_127' title='bbox 1019 1372 1090 1412; x_wconf 93' lang='lat' dir='ltr'>De</span> <span class='ocrx_word' id='word_1_128' title='bbox 1124 1373 1433 1424; x_wconf 88' lang='lat' dir='ltr'>paedagogiis</span> <span class='ocrx_word' id='word_1_129' title='bbox 1470 1381 1628 1414; x_wconf 88' lang='lat' dir='ltr'>autem</span> <span class='ocrx_word' id='word_1_130' title='bbox 1663 1375 1773 1426; x_wconf 90' lang='lat' dir='ltr'>quid</span> 
     </span>
     <span class='ocr_line' id='line_1_17' title="bbox 135 1443 1775 1496; baseline -0.001 -10"><span class='ocrx_word' id='word_1_131' title='bbox 135 1446 364 1486; x_wconf 81' lang='lat' dir='ltr'>scribam?</span> <span class='ocrx_word' id='word_1_132' title='bbox 397 1445 487 1485; x_wconf 89' lang='lat' dir='ltr'>nisi</span> <span class='ocrx_word' id='word_1_133' title='bbox 523 1445 647 1496; x_wconf 92' lang='lat' dir='ltr'>quod</span> <span class='ocrx_word' id='word_1_134' title='bbox 681 1445 803 1484; x_wconf 86' lang='lat' dir='ltr'>ultro</span> <span class='ocrx_word' id='word_1_135' title='bbox 835 1455 969 1484; x_wconf 90' lang='lat' dir='ltr'>suam</span> <span class='ocrx_word' id='word_1_136' title='bbox 998 1443 1132 1483; x_wconf 91' lang='lat' dir='ltr'>nobis</span> <span class='ocrx_word' id='word_1_137' title='bbox 1159 1443 1359 1484; x_wconf 89' lang='lat' dir='ltr'>offerunt</span> <span class='ocrx_word' id='word_1_138' title='bbox 1388 1456 1602 1496; x_wconf 88' lang='lat' dir='ltr'>operam,</span> <span class='ocrx_word' id='word_1_139' title='bbox 1634 1452 1702 1496; x_wconf 92' lang='lat' dir='ltr'>ut,</span> <span class='ocrx_word' id='word_1_140' title='bbox 1737 1446 1775 1485; x_wconf 89' lang='lat' dir='ltr'>si</span> 
     </span>
     <span class='ocr_line' id='line_1_18' title="bbox 140 1515 1775 1569; baseline 0 -12"><span class='ocrx_word' id='word_1_141' title='bbox 140 1516 326 1569; x_wconf 91' lang='lat' dir='ltr'>quando</span> <span class='ocrx_word' id='word_1_142' title='bbox 349 1516 594 1566; x_wconf 85' lang='lat' dir='ltr'>contingat</span> <span class='ocrx_word' id='word_1_143' title='bbox 616 1527 702 1555; x_wconf 92' lang='lat' dir='ltr'>nos</span> <span class='ocrx_word' id='word_1_144' title='bbox 723 1515 896 1555; x_wconf 84' lang='lat' dir='ltr'>habere</span> <span class='ocrx_word' id='word_1_145' title='bbox 924 1515 1115 1565; x_wconf 80' lang='lat' dir='ltr'>fratreS,</span> <span class='ocrx_word' id='word_1_146' title='bbox 1145 1515 1193 1555; x_wconf 91' lang='lat' dir='ltr'>in</span> <span class='ocrx_word' id='word_1_147' title='bbox 1223 1527 1414 1555; x_wconf 89' lang='lat' dir='ltr'>suorum</span> <span class='ocrx_word' id='word_1_148' title='bbox 1440 1515 1775 1567; x_wconf 87' lang='lat' dir='ltr'>discipulorum</span> 
     </span>
     <span class='ocr_line' id='line_1_19' title="bbox 137 1587 1770 1639; baseline -0.001 -11"><span class='ocrx_word' id='word_1_149' title='bbox 137 1589 407 1639; x_wconf 83' lang='lat' dir='ltr'>catalogum</span> <span class='ocrx_word' id='word_1_150' title='bbox 429 1599 509 1627; x_wconf 89' lang='lat' dir='ltr'>eos</span> <span class='ocrx_word' id='word_1_151' title='bbox 530 1593 723 1638; x_wconf 88' lang='lat' dir='ltr'>possent</span> <span class='ocrx_word' id='word_1_152' title='bbox 744 1587 968 1638; x_wconf 77' lang='lat' dir='ltr'>recipere,</span> <span class='ocrx_word' id='word_1_153' title='bbox 992 1587 1298 1638; x_wconf 76' lang='lat' dir='ltr'>experientia,</span> <span class='ocrx_word' id='word_1_154' title='bbox 1324 1587 1458 1638; x_wconf 88' lang='lat' dir='ltr'>quasi</span> <span class='ocrx_word' id='word_1_155' title='bbox 1474 1587 1634 1627; x_wconf 87' lang='lat' dir='ltr'>divina</span> <span class='ocrx_word' id='word_1_156' title='bbox 1657 1587 1770 1627; x_wconf 89' lang='lat' dir='ltr'>ordi-</span> 
     </span>
     <span class='ocr_line' id='line_1_20' title="bbox 137 1656 1777 1709; baseline -0.001 -10"><span class='ocrx_word' id='word_1_157' title='bbox 137 1659 346 1708; x_wconf 91' lang='lat' dir='ltr'>natione,</span> <span class='ocrx_word' id='word_1_158' title='bbox 371 1658 544 1708; x_wconf 87' lang='lat' dir='ltr'>edocti,</span> <span class='ocrx_word' id='word_1_159' title='bbox 569 1658 624 1698; x_wconf 92' lang='lat' dir='ltr'>de</span> <span class='ocrx_word' id='word_1_160' title='bbox 658 1657 867 1708; x_wconf 86' lang='lat' dir='ltr'>Collegio</span> <span class='ocrx_word' id='word_1_161' title='bbox 898 1656 1201 1707; x_wconf 90' lang='lat' dir='ltr'>Falconensi,</span> <span class='ocrx_word' id='word_1_162' title='bbox 1233 1658 1312 1697; x_wconf 89' lang='lat' dir='ltr'>ubi</span> <span class='ocrx_word' id='word_1_163' title='bbox 1339 1669 1474 1708; x_wconf 87' lang='lat' dir='ltr'>sane,</span> <span class='ocrx_word' id='word_1_164' title='bbox 1506 1670 1533 1698; x_wconf 89' lang='lat' dir='ltr'>a</span> <span class='ocrx_word' id='word_1_165' title='bbox 1561 1670 1649 1709; x_wconf 92' lang='lat' dir='ltr'>quo</span> <span class='ocrx_word' id='word_1_166' title='bbox 1680 1665 1777 1699; x_wconf 89' lang='lat' dir='ltr'>tam</span> 
     </span>
     <span class='ocr_line' id='line_1_21' title="bbox 136 1728 1777 1781; baseline -0.001 -11"><span class='ocrx_word' id='word_1_167' title='bbox 136 1729 447 1781; x_wconf 90' lang='lat' dir='ltr'>ignominiose</span> <span class='ocrx_word' id='word_1_168' title='bbox 469 1735 656 1769; x_wconf 88' lang='lat' dir='ltr'>nostros</span> <span class='ocrx_word' id='word_1_169' title='bbox 677 1729 918 1768; x_wconf 81' lang='lat' dir='ltr'>exclusere</span> <span class='ocrx_word' id='word_1_170' title='bbox 944 1728 1137 1779; x_wconf 85' lang='lat' dir='ltr'>fratres,</span> <span class='ocrx_word' id='word_1_171' title='bbox 1171 1729 1279 1780; x_wconf 90' lang='lat' dir='ltr'>quia</span> <span class='ocrx_word' id='word_1_172' title='bbox 1312 1728 1572 1779; x_wconf 89' lang='lat' dir='ltr'>Collegium</span> <span class='ocrx_word' id='word_1_173' title='bbox 1600 1730 1777 1769; x_wconf 87' lang='lat' dir='ltr'>honore</span> 
     </span>
     <span class='ocr_line' id='line_1_22' title="bbox 138 1799 1777 1854; baseline -0.001 -12"><span class='ocrx_word' id='word_1_174' title='bbox 138 1801 276 1854; x_wconf 85' lang='lat' dir='ltr'>primi</span> <span class='ocrx_word' id='word_1_175' title='bbox 297 1799 631 1841; x_wconf 86' lang='lat' dir='ltr'>Universitatis</span> <span class='ocrx_word' id='word_1_176' title='bbox 653 1800 866 1851; x_wconf 89' lang='lat' dir='ltr'>privasse</span> <span class='ocrx_word' id='word_1_177' title='bbox 888 1799 1185 1849; x_wconf 87' lang='lat' dir='ltr'>videbantur,</span> <span class='ocrx_word' id='word_1_178' title='bbox 1221 1800 1278 1839; x_wconf 90' lang='lat' dir='ltr'>ab</span> <span class='ocrx_word' id='word_1_179' title='bbox 1307 1800 1416 1850; x_wconf 88' lang='lat' dir='ltr'>hoc,</span> <span class='ocrx_word' id='word_1_180' title='bbox 1447 1800 1638 1851; x_wconf 91' lang='lat' dir='ltr'>inquam</span> <span class='ocrx_word' id='word_1_181' title='bbox 1668 1806 1777 1840; x_wconf 90' lang='lat' dir='ltr'>tem-</span> 
     </span>
     <span class='ocr_line' id='line_1_23' title="bbox 140 1870 1778 1925; baseline -0.001 -12"><span class='ocrx_word' id='word_1_182' title='bbox 140 1884 273 1925; x_wconf 88' lang='lat' dir='ltr'>pore,</span> <span class='ocrx_word' id='word_1_183' title='bbox 300 1870 483 1923; x_wconf 88' lang='lat' dir='ltr'>quando</span> <span class='ocrx_word' id='word_1_184' title='bbox 506 1872 707 1922; x_wconf 89' lang='lat' dir='ltr'>primum</span> <span class='ocrx_word' id='word_1_185' title='bbox 729 1871 901 1911; x_wconf 90' lang='lat' dir='ltr'>habere</span> <span class='ocrx_word' id='word_1_186' title='bbox 927 1871 1176 1922; x_wconf 86' lang='lat' dir='ltr'>putabant,</span> <span class='ocrx_word' id='word_1_187' title='bbox 1211 1871 1290 1910; x_wconf 78' lang='lat' dir='ltr'>vix</span> <span class='ocrx_word' id='word_1_188' title='bbox 1320 1878 1504 1911; x_wconf 78' lang='lat' dir='ltr'>sextum</span> <span class='ocrx_word' id='word_1_189' title='bbox 1533 1878 1613 1912; x_wconf 89' lang='lat' dir='ltr'>aut</span> <span class='ocrx_word' id='word_1_190' title='bbox 1643 1873 1778 1924; x_wconf 89' lang='lat' dir='ltr'>septi-</span> 
     </span>
     <span class='ocr_line' id='line_1_24' title="bbox 141 1941 601 1984; baseline -0.007 0"><span class='ocrx_word' id='word_1_191' title='bbox 141 1955 268 1984; x_wconf 90' lang='lat' dir='ltr'>mum</span> <span class='ocrx_word' id='word_1_192' title='bbox 289 1943 553 1982; x_wconf 89' lang='lat' dir='ltr'>habuerunt</span> <span class='ocrx_word' id='word_1_193' title='bbox 575 1941 601 1980; x_wconf 92' lang='lat'>¹.</span> 
     </span>
    </p>

    <p class='ocr_par' dir='ltr' id='par_1_3' title="bbox 142 2012 1783 2278">
     <span class='ocr_line' id='line_1_25' title="bbox 220 2012 1781 2064; baseline -0.001 -10"><span class='ocrx_word' id='word_1_194' title='bbox 220 2013 540 2054; x_wconf 89' lang='lat' dir='ltr'>Directorium</span> <span class='ocrx_word' id='word_1_195' title='bbox 561 2012 684 2052; x_wconf 93' lang='lat' dir='ltr'>istud</span> <span class='ocrx_word' id='word_1_196' title='bbox 703 2012 1037 2061; x_wconf 86' lang='lat' dir='ltr'>confessionis,</span> <span class='ocrx_word' id='word_1_197' title='bbox 1062 2012 1185 2063; x_wconf 89' lang='lat' dir='ltr'>quod</span> <span class='ocrx_word' id='word_1_198' title='bbox 1213 2013 1533 2064; x_wconf 90' lang='lat' dir='ltr'>superioribus</span> <span class='ocrx_word' id='word_1_199' title='bbox 1560 2013 1724 2053; x_wconf 89' lang='lat' dir='ltr'>diebus</span> <span class='ocrx_word' id='word_1_200' title='bbox 1754 2026 1781 2053; x_wconf 90' lang='lat' dir='ltr'>a</span> 
     </span>
     <span class='ocr_line' id='line_1_26' title="bbox 142 2082 1783 2135; baseline -0.001 -10"><span class='ocrx_word' id='word_1_201' title='bbox 142 2085 200 2125; x_wconf 89' lang='lat' dir='ltr'>V.</span> <span class='ocrx_word' id='word_1_202' title='bbox 224 2084 273 2125; x_wconf 87' lang='lat' dir='ltr'>P.</span> <span class='ocrx_word' id='word_1_203' title='bbox 299 2084 580 2135; x_wconf 86' lang='lat' dir='ltr'>accepimus,</span> <span class='ocrx_word' id='word_1_204' title='bbox 601 2084 685 2123; x_wconf 91' lang='lat' dir='ltr'>sub</span> <span class='ocrx_word' id='word_1_205' title='bbox 707 2083 955 2134; x_wconf 86' lang='lat' dir='ltr'>privilegio</span> <span class='ocrx_word' id='word_1_206' title='bbox 973 2082 1107 2123; x_wconf 88' lang='lat' dir='ltr'>Caes.</span> <span class='ocrx_word' id='word_1_207' title='bbox 1132 2083 1311 2123; x_wconf 89' lang='lat' dir='ltr'>maiest.</span> <span class='ocrx_word' id='word_1_208' title='bbox 1338 2096 1393 2124; x_wconf 91' lang='lat' dir='ltr'>ac</span> <span class='ocrx_word' id='word_1_209' title='bbox 1418 2084 1567 2124; x_wconf 84' lang='lat' dir='ltr'>ven.lis</span> <span class='ocrx_word' id='word_1_210' title='bbox 1591 2084 1783 2124; x_wconf 89' lang='lat' dir='ltr'>Domini</span> 
     </span>
     <span class='ocr_line' id='line_1_27' title="bbox 143 2154 1781 2205; baseline -0.001 -9"><span class='ocrx_word' id='word_1_211' title='bbox 143 2155 425 2196; x_wconf 88' lang='lat' dir='ltr'>Cancellarii</span> <span class='ocrx_word' id='word_1_212' title='bbox 445 2154 714 2194; x_wconf 88' lang='lat' dir='ltr'>visitatione</span> <span class='ocrx_word' id='word_1_213' title='bbox 737 2160 781 2193; x_wconf 85' lang='lat' dir='ltr'>et</span> <span class='ocrx_word' id='word_1_214' title='bbox 803 2154 1162 2205; x_wconf 87' lang='lat' dir='ltr'>approbatione,</span> <span class='ocrx_word' id='word_1_215' title='bbox 1188 2154 1262 2194; x_wconf 86' lang='lat' dir='ltr'>hic</span> <span class='ocrx_word' id='word_1_216' title='bbox 1284 2154 1485 2195; x_wconf 85' lang='lat' dir='ltr'>Lovanii</span> <span class='ocrx_word' id='word_1_217' title='bbox 1506 2167 1533 2195; x_wconf 89' lang='lat' dir='ltr'>a</span> <span class='ocrx_word' id='word_1_218' title='bbox 1554 2166 1679 2196; x_wconf 90' lang='lat' dir='ltr'>novo</span> <span class='ocrx_word' id='word_1_219' title='bbox 1702 2156 1781 2195; x_wconf 89' lang='lat' dir='ltr'>im-</span> 
     </span>
     <span class='ocr_line' id='line_1_28' title="bbox 145 2226 412 2278; baseline -0.007 -11"><span class='ocrx_word' id='word_1_220' title='bbox 145 2227 362 2278; x_wconf 86' lang='lat' dir='ltr'>primitur</span> <span class='ocrx_word' id='word_1_221' title='bbox 384 2226 412 2265; x_wconf 71' lang='lat'>².</span> 
     </span>
    </p>

    <p class='ocr_par' dir='ltr' id='par_1_4' title="bbox 146 2296 1788 2632">
     <span class='ocr_line' id='line_1_29' title="bbox 224 2296 1784 2348; baseline 0 -11"><span class='ocrx_word' id='word_1_222' title='bbox 224 2297 314 2337; x_wconf 92' lang='lat' dir='ltr'>Hic</span> <span class='ocrx_word' id='word_1_223' title='bbox 334 2297 430 2336; x_wconf 91' lang='lat' dir='ltr'>iam</span> <span class='ocrx_word' id='word_1_224' title='bbox 451 2308 523 2336; x_wconf 92' lang='lat' dir='ltr'>me</span> <span class='ocrx_word' id='word_1_225' title='bbox 546 2296 605 2336; x_wconf 91' lang='lat' dir='ltr'>ad</span> <span class='ocrx_word' id='word_1_226' title='bbox 625 2296 882 2335; x_wconf 90' lang='lat' dir='ltr'>secundam</span> <span class='ocrx_word' id='word_1_227' title='bbox 902 2302 1084 2347; x_wconf 83' lang='lat' dir='ltr'>partem</span> <span class='ocrx_word' id='word_1_228' title='bbox 1113 2302 1411 2346; x_wconf 86' lang='lat' dir='ltr'>convertam,</span> <span class='ocrx_word' id='word_1_229' title='bbox 1445 2308 1564 2348; x_wconf 91' lang='lat' dir='ltr'>quae</span> <span class='ocrx_word' id='word_1_230' title='bbox 1591 2296 1784 2337; x_wconf 87' lang='lat' dir='ltr'>Patrum</span> 
     </span>
     <span class='ocr_line' id='line_1_30' title="bbox 146 2366 1784 2419; baseline 0 -11"><span class='ocrx_word' id='word_1_231' title='bbox 146 2369 193 2408; x_wconf 93' lang='lat' dir='ltr'>in</span> <span class='ocrx_word' id='word_1_232' title='bbox 212 2368 351 2408; x_wconf 87' lang='lat' dir='ltr'>vinea</span> <span class='ocrx_word' id='word_1_233' title='bbox 373 2366 564 2407; x_wconf 89' lang='lat' dir='ltr'>Domini</span> <span class='ocrx_word' id='word_1_234' title='bbox 586 2378 778 2417; x_wconf 88' lang='lat' dir='ltr'>operam</span> <span class='ocrx_word' id='word_1_235' title='bbox 800 2367 1027 2406; x_wconf 88' lang='lat' dir='ltr'>ostendet.</span> <span class='ocrx_word' id='word_1_236' title='bbox 1047 2366 1151 2406; x_wconf 92' lang='lat' dir='ltr'>Non</span> <span class='ocrx_word' id='word_1_237' title='bbox 1173 2366 1360 2418; x_wconf 91' lang='lat' dir='ltr'>quidem</span> <span class='ocrx_word' id='word_1_238' title='bbox 1381 2367 1440 2406; x_wconf 89' lang='lat' dir='ltr'>V.</span> <span class='ocrx_word' id='word_1_239' title='bbox 1464 2367 1514 2407; x_wconf 81' lang='lat' dir='ltr'>P.</span> <span class='ocrx_word' id='word_1_240' title='bbox 1538 2368 1685 2408; x_wconf 86' lang='lat' dir='ltr'>latere</span> <span class='ocrx_word' id='word_1_241' title='bbox 1705 2380 1784 2419; x_wconf 89' lang='lat' dir='ltr'>pu-</span> 
     </span>
     <span class='ocr_line' id='line_1_31' title="bbox 147 2436 1785 2489; baseline -0.001 -9"><span class='ocrx_word' id='word_1_242' title='bbox 147 2445 301 2480; x_wconf 90' lang='lat' dir='ltr'>tamus</span> <span class='ocrx_word' id='word_1_243' title='bbox 321 2449 407 2478; x_wconf 92' lang='lat' dir='ltr'>nos</span> <span class='ocrx_word' id='word_1_244' title='bbox 429 2443 626 2488; x_wconf 88' lang='lat' dir='ltr'>quatuor</span> <span class='ocrx_word' id='word_1_245' title='bbox 648 2436 662 2455; x_wconf 79' lang='lat'>⁵</span> <span class='ocrx_word' id='word_1_246' title='bbox 684 2448 856 2488; x_wconf 91' lang='lat' dir='ltr'>eosque</span> <span class='ocrx_word' id='word_1_247' title='bbox 878 2437 1149 2477; x_wconf 91' lang='lat' dir='ltr'>sacerdotes</span> <span class='ocrx_word' id='word_1_248' title='bbox 1171 2438 1218 2477; x_wconf 86' lang='lat' dir='ltr'>in</span> <span class='ocrx_word' id='word_1_249' title='bbox 1239 2438 1310 2477; x_wconf 92' lang='lat' dir='ltr'>his</span> <span class='ocrx_word' id='word_1_250' title='bbox 1332 2438 1542 2489; x_wconf 87' lang='lat' dir='ltr'>partibus</span> <span class='ocrx_word' id='word_1_251' title='bbox 1564 2450 1666 2479; x_wconf 92' lang='lat' dir='ltr'>esse</span> <span class='ocrx_word' id='word_1_252' title='bbox 1687 2445 1785 2479; x_wconf 90' lang='lat' dir='ltr'>tan-</span> 
     </span>
     <span class='ocr_line' id='line_1_32' title="bbox 148 2506 1788 2562; baseline 0 -12"><span class='ocrx_word' id='word_1_253' title='bbox 148 2517 269 2561; x_wconf 89' lang='lat' dir='ltr'>tum,</span> <span class='ocrx_word' id='word_1_254' title='bbox 303 2509 381 2561; x_wconf 90' lang='lat' dir='ltr'>qui</span> <span class='ocrx_word' id='word_1_255' title='bbox 409 2508 592 2560; x_wconf 90' lang='lat' dir='ltr'>publice</span> <span class='ocrx_word' id='word_1_256' title='bbox 613 2515 803 2547; x_wconf 87' lang='lat' dir='ltr'>nostrae</span> <span class='ocrx_word' id='word_1_257' title='bbox 831 2506 1081 2548; x_wconf 85' lang='lat' dir='ltr'>Societatis</span> <span class='ocrx_word' id='word_1_258' title='bbox 1106 2509 1381 2560; x_wconf 87' lang='lat' dir='ltr'>profitentur</span> <span class='ocrx_word' id='word_1_259' title='bbox 1402 2509 1678 2560; x_wconf 87' lang='lat' dir='ltr'>institutum,</span> <span class='ocrx_word' id='word_1_260' title='bbox 1711 2511 1788 2562; x_wconf 89' lang='lat' dir='ltr'>qui</span> 
     </span>
     <span class='ocr_line' id='line_1_33' title="bbox 150 2578 1788 2632; baseline 0 -11"><span class='ocrx_word' id='word_1_261' title='bbox 150 2581 239 2621; x_wconf 91' lang='lat' dir='ltr'>hac</span> <span class='ocrx_word' id='word_1_262' title='bbox 270 2579 634 2632; x_wconf 88' lang='lat' dir='ltr'>quadragesima</span> <span class='ocrx_word' id='word_1_263' title='bbox 662 2579 708 2618; x_wconf 89' lang='lat' dir='ltr'>in</span> <span class='ocrx_word' id='word_1_264' title='bbox 738 2578 903 2618; x_wconf 90' lang='lat' dir='ltr'>eadem</span> <span class='ocrx_word' id='word_1_265' title='bbox 929 2579 1068 2619; x_wconf 89' lang='lat' dir='ltr'>vinea</span> <span class='ocrx_word' id='word_1_266' title='bbox 1100 2579 1289 2620; x_wconf 88' lang='lat' dir='ltr'>Domini</span> <span class='ocrx_word' id='word_1_267' title='bbox 1319 2581 1411 2619; x_wconf 88' lang='lat' dir='ltr'>late</span> <span class='ocrx_word' id='word_1_268' title='bbox 1440 2581 1680 2632; x_wconf 88' lang='lat' dir='ltr'>segregati</span> <span class='ocrx_word' id='word_1_269' title='bbox 1706 2581 1788 2621; x_wconf 84' lang='lat' dir='ltr'>fui-</span> 
     </span>
    </p>
   </div>
   <div class='ocr_carea' id='block_1_3' title="bbox 155 2761 1792 2838">
    <p class='ocr_par' dir='ltr' id='par_1_5' title="bbox 155 2761 1792 2838">
     <span class='ocr_line' id='line_1_34' title="bbox 208 2761 1792 2797; baseline 0.002 -7"><span class='ocrx_word' id='word_1_270' title='bbox 208 2765 219 2784; x_wconf 84' lang='lat'>¹</span> <span class='ocrx_word' id='word_1_271' title='bbox 259 2763 346 2790; x_wconf 89' lang='lat' dir='ltr'>Vide</span> <span class='ocrx_word' id='word_1_272' title='bbox 362 2763 529 2792; x_wconf 80' lang='lat' dir='ltr'>POLANCO.</span> <span class='ocrx_word' id='word_1_273' title='bbox 549 2761 750 2793; x_wconf 73' lang='lat' dir='ltr'>chronicon,</span> <span class='ocrx_word' id='word_1_274' title='bbox 762 2766 785 2789; x_wconf 89' lang='lat' dir='ltr'>t.</span> <span class='ocrx_word' id='word_1_275' title='bbox 801 2769 840 2796; x_wconf 78' lang='lat'>11,</span> <span class='ocrx_word' id='word_1_276' title='bbox 857 2770 913 2796; x_wconf 84' lang='lat' dir='ltr'>pg.</span> <span class='ocrx_word' id='word_1_277' title='bbox 929 2762 992 2793; x_wconf 75' lang='lat'><strong>287.</strong></span> <span class='ocrx_word' id='word_1_278' title='bbox 1012 2770 1042 2789; x_wconf 88' lang='lat' dir='ltr'>n.</span> <span class='ocrx_word' id='word_1_279' title='bbox 1058 2763 1120 2796; x_wconf 66' lang='lat'>245,</span> <span class='ocrx_word' id='word_1_280' title='bbox 1142 2767 1175 2789; x_wconf 88' lang='lat' dir='ltr'>et</span> <span class='ocrx_word' id='word_1_281' title='bbox 1189 2763 1456 2797; x_wconf 86' lang='lat' dir='ltr'>quadrimestres</span> <span class='ocrx_word' id='word_1_282' title='bbox 1475 2765 1588 2792; x_wconf 85' lang='lat' dir='ltr'>Patris</span> <span class='ocrx_word' id='word_1_283' title='bbox 1607 2764 1792 2793; x_wconf 84' lang='lat' dir='ltr'>Adriaens-</span> 
     </span>
     <span class='ocr_line' id='line_1_35' title="bbox 155 2811 506 2838; baseline -0.003 0"><span class='ocrx_word' id='word_1_284' title='bbox 155 2818 231 2838; x_wconf 88' lang='lat' dir='ltr'>sens</span> <span class='ocrx_word' id='word_1_285' title='bbox 245 2812 383 2838; x_wconf 82' lang='lat' dir='ltr'>litteras</span> <span class='ocrx_word' id='word_1_286' title='bbox 399 2811 431 2837; x_wconf 91' lang='lat' dir='ltr'>in</span> <span class='ocrx_word' id='word_1_287' title='bbox 447 2814 470 2837; x_wconf 91' lang='lat' dir='ltr'>t.</span> <span class='ocrx_word' id='word_1_288' title='bbox 487 2817 506 2837; x_wconf 93' lang='lat'>1.</span> 
     </span>
    </p>
   </div>
   <div class='ocr_carea' id='block_1_4' title="bbox 160 2857 1797 3040">
    <p class='ocr_par' dir='ltr' id='par_1_6' title="bbox 210 2857 1756 2895">
     <span class='ocr_line' id='line_1_36' title="bbox 210 2857 1756 2895; baseline 0.003 -11"><span class='ocrx_word' id='word_1_289' title='bbox 210 2859 223 2877; x_wconf 75' lang='lat'><strong>2</strong></span> <span class='ocrx_word' id='word_1_290' title='bbox 260 2858 348 2885; x_wconf 90' lang='lat' dir='ltr'>Vide</span> <span class='ocrx_word' id='word_1_291' title='bbox 364 2857 611 2892; x_wconf 60' lang='lat' dir='ltr'>Bz‘hlz&#39;oilzeque</span> <span class='ocrx_word' id='word_1_292' title='bbox 626 2858 668 2884; x_wconf 81' lang='lat' dir='ltr'>de</span> <span class='ocrx_word' id='word_1_293' title='bbox 684 2858 718 2884; x_wconf 79' lang='lat' dir='ltr'>ln</span> <span class='ocrx_word' id='word_1_294' title='bbox 736 2857 949 2891; x_wconf 79' lang='lat' dir='ltr'>Compagm&#39;e</span> <span class='ocrx_word' id='word_1_295' title='bbox 964 2857 1006 2884; x_wconf 80' lang='lat' dir='ltr'>de</span> <span class='ocrx_word' id='word_1_296' title='bbox 1020 2857 1140 2892; x_wconf 64' lang='lat' dir='ltr'>jesus,</span> <span class='ocrx_word' id='word_1_297' title='bbox 1157 2861 1180 2885; x_wconf 82' lang='lat' dir='ltr'>t.</span> <span class='ocrx_word' id='word_1_298' title='bbox 1197 2860 1323 2892; x_wconf 88' lang='lat' dir='ltr'>v1,col.</span> <span class='ocrx_word' id='word_1_299' title='bbox 1340 2859 1404 2892; x_wconf 86' lang='grc'>939,</span> <span class='ocrx_word' id='word_1_300' title='bbox 1421 2864 1488 2887; x_wconf 89' lang='lat' dir='ltr'>art.</span> <span class='ocrx_word' id='word_1_301' title='bbox 1501 2860 1670 2895; x_wconf 79' lang='lat' dir='ltr'>PoLANco,</span> <span class='ocrx_word' id='word_1_302' title='bbox 1686 2869 1718 2889; x_wconf 92' lang='lat' dir='ltr'>n.</span> <span class='ocrx_word' id='word_1_303' title='bbox 1732 2862 1756 2889; x_wconf 90' lang='lat'>1.</span> 
     </span>
    </p>

    <p class='ocr_par' dir='ltr' id='par_1_7' title="bbox 160 2904 1797 3040">
     <span class='ocr_line' id='line_1_37' title="bbox 208 2904 1792 2942; baseline 0.003 -10"><span class='ocrx_word' id='word_1_304' title='bbox 208 2905 222 2925; x_wconf 80' lang='lat'>⁵</span> <span class='ocrx_word' id='word_1_305' title='bbox 259 2905 376 2933; x_wconf 87' lang='lat' dir='ltr'>Trium</span> <span class='ocrx_word' id='word_1_306' title='bbox 394 2909 526 2932; x_wconf 83' lang='lat' dir='ltr'>tantum</span> <span class='ocrx_word' id='word_1_307' title='bbox 549 2905 700 2933; x_wconf 88' lang='lat' dir='ltr'>meminit</span> <span class='ocrx_word' id='word_1_308' title='bbox 716 2905 890 2931; x_wconf 78' lang='lat' dir='ltr'>POLANCUS</span> <span class='ocrx_word' id='word_1_309' title='bbox 912 2905 945 2931; x_wconf 84' lang='lat' dir='ltr'>in</span> <span class='ocrx_word' id='word_1_310' title='bbox 963 2904 1140 2937; x_wconf 76' lang='lat' dir='ltr'>Chronico,</span> <span class='ocrx_word' id='word_1_311' title='bbox 1160 2909 1182 2932; x_wconf 90' lang='lat' dir='ltr'>t.</span> <span class='ocrx_word' id='word_1_312' title='bbox 1207 2913 1253 2938; x_wconf 73' lang='lat' dir='ltr'>Iv,</span> <span class='ocrx_word' id='word_1_313' title='bbox 1275 2907 1330 2933; x_wconf 88' lang='lat' dir='ltr'>ubi</span> <span class='ocrx_word' id='word_1_314' title='bbox 1355 2907 1394 2933; x_wconf 86' lang='lat' dir='ltr'>de</span> <span class='ocrx_word' id='word_1_315' title='bbox 1420 2906 1571 2942; x_wconf 85' lang='lat' dir='ltr'>Collegio</span> <span class='ocrx_word' id='word_1_316' title='bbox 1586 2908 1792 2937; x_wconf 81' lang='lat' dir='ltr'>Lovaniensi</span> 
     </span>
     <span class='ocr_line' id='line_1_38' title="bbox 163 2952 1797 2989; baseline 0.002 -9"><span class='ocrx_word' id='word_1_317' title='bbox 163 2953 247 2987; x_wconf 84' lang='lat' dir='ltr'>agit,</span> <span class='ocrx_word' id='word_1_318' title='bbox 262 2961 320 2986; x_wconf 82' lang='lat' dir='ltr'>sc.,</span> <span class='ocrx_word' id='word_1_319' title='bbox 338 2953 480 2980; x_wconf 83' lang='lat' dir='ltr'>Patrum</span> <span class='ocrx_word' id='word_1_320' title='bbox 497 2953 640 2980; x_wconf 84' lang='lat' dir='ltr'>Adriani</span> <span class='ocrx_word' id='word_1_321' title='bbox 655 2953 915 2985; x_wconf 81' lang='lat' dir='ltr'>AdriaenssenS,</span> <span class='ocrx_word' id='word_1_322' title='bbox 932 2952 1074 2979; x_wconf 86' lang='lat' dir='ltr'>Arnoldi</span> <span class='ocrx_word' id='word_1_323' title='bbox 1092 2952 1195 2980; x_wconf 82' lang='lat' dir='ltr'>Hezei</span> <span class='ocrx_word' id='word_1_324' title='bbox 1207 2957 1241 2980; x_wconf 81' lang='lat' dir='ltr'>et</span> <span class='ocrx_word' id='word_1_325' title='bbox 1257 2953 1348 2981; x_wconf 78' lang='lat' dir='ltr'>Petri</span> <span class='ocrx_word' id='word_1_326' title='bbox 1365 2953 1480 2989; x_wconf 85' lang='lat' dir='ltr'>Spiga.</span> <span class='ocrx_word' id='word_1_327' title='bbox 1497 2955 1562 2982; x_wconf 85' lang='lat' dir='ltr'>Sed</span> <span class='ocrx_word' id='word_1_328' title='bbox 1582 2956 1622 2983; x_wconf 90' lang='lat' dir='ltr'>iis</span> <span class='ocrx_word' id='word_1_329' title='bbox 1638 2964 1797 2984; x_wconf 85' lang='lat' dir='ltr'>annume-</span> 
     </span>
     <span class='ocr_line' id='line_1_39' title="bbox 160 3000 1796 3040; baseline 0.003 -11"><span class='ocrx_word' id='word_1_330' title='bbox 160 3002 287 3029; x_wconf 84' lang='lat' dir='ltr'>randus</span> <span class='ocrx_word' id='word_1_331' title='bbox 312 3002 447 3029; x_wconf 86' lang='lat' dir='ltr'>videtur</span> <span class='ocrx_word' id='word_1_332' title='bbox 471 3001 507 3027; x_wconf 94' lang='lat' dir='ltr'>P.</span> <span class='ocrx_word' id='word_1_333' title='bbox 530 3000 725 3028; x_wconf 83' lang='lat' dir='ltr'>Bernardus</span> <span class='ocrx_word' id='word_1_334' title='bbox 750 3000 932 3034; x_wconf 77' lang='lat' dir='ltr'>OliveriuS,</span> <span class='ocrx_word' id='word_1_335' title='bbox 954 3000 1010 3034; x_wconf 88' lang='lat' dir='ltr'>qui</span> <span class='ocrx_word' id='word_1_336' title='bbox 1028 3001 1099 3035; x_wconf 84' lang='lat' dir='ltr'>jam</span> <span class='ocrx_word' id='word_1_337' title='bbox 1121 3001 1185 3028; x_wconf 84' lang='lat' dir='ltr'>hac</span> <span class='ocrx_word' id='word_1_338' title='bbox 1211 3002 1344 3038; x_wconf 75' lang='lat' dir='ltr'>hyeme,</span> <span class='ocrx_word' id='word_1_339' title='bbox 1371 3004 1571 3038; x_wconf 85' lang='lat' dir='ltr'>priusquam</span> <span class='ocrx_word' id='word_1_340' title='bbox 1592 3005 1626 3032; x_wconf 91' lang='lat' dir='ltr'>in</span> <span class='ocrx_word' id='word_1_341' title='bbox 1647 3007 1796 3040; x_wconf 76' lang='lat' dir='ltr'>patriam</span> 
     </span>
    </p>
   </div>
   <div class='ocr_carea' id='block_1_5' title="bbox 157 3048 1796 3130">
    <p class='ocr_par' dir='ltr' id='par_1_8' title="bbox 157 3048 1796 3130">
     <span class='ocr_line' id='line_1_40' title="bbox 158 3048 1796 3085; baseline 0.004 -9"><span class='ocrx_word' id='word_1_342' title='bbox 158 3049 337 3083; x_wconf 86' lang='lat' dir='ltr'>(Antoing)</span> <span class='ocrx_word' id='word_1_343' title='bbox 352 3048 561 3076; x_wconf 86' lang='lat' dir='ltr'>valetudinis</span> <span class='ocrx_word' id='word_1_344' title='bbox 575 3049 830 3082; x_wconf 85' lang='lat' dir='ltr'>recuperandae</span> <span class='ocrx_word' id='word_1_345' title='bbox 856 3051 887 3075; x_wconf 89' lang='lat' dir='ltr'>et</span> <span class='ocrx_word' id='word_1_346' title='bbox 905 3048 1126 3082; x_wconf 83' lang='lat' dir='ltr'>quorumdam</span> <span class='ocrx_word' id='word_1_347' title='bbox 1148 3051 1363 3085; x_wconf 85' lang='lat' dir='ltr'>negotiorum</span> <span class='ocrx_word' id='word_1_348' title='bbox 1385 3052 1672 3080; x_wconf 84' lang='lat' dir='ltr'>absolvendorum</span> <span class='ocrx_word' id='word_1_349' title='bbox 1692 3061 1796 3082; x_wconf 85' lang='lat' dir='ltr'>causa</span> 
     </span>
     <span class='ocr_line' id='line_1_41' title="bbox 157 3096 806 3130; baseline 0.002 -8"><span class='ocrx_word' id='word_1_350' title='bbox 157 3096 232 3130; x_wconf 85' lang='lat' dir='ltr'>ivit,</span> <span class='ocrx_word' id='word_1_351' title='bbox 248 3096 392 3124; x_wconf 86' lang='lat' dir='ltr'>Lovanii</span> <span class='ocrx_word' id='word_1_352' title='bbox 410 3096 525 3123; x_wconf 85' lang='lat' dir='ltr'>diebus</span> <span class='ocrx_word' id='word_1_353' title='bbox 538 3096 666 3130; x_wconf 82' lang='lat' dir='ltr'>aliquot</span> <span class='ocrx_word' id='word_1_354' title='bbox 682 3096 806 3123; x_wconf 82' lang='lat' dir='ltr'>fuerat.</span> 
     </span>
    </p>
   </div>
   <div class='ocr_carea' id='block_1_6' title="bbox 305 3155 1607 3203">
    <p class='ocr_par' dir='ltr' id='par_1_9' title="bbox 305 3155 1607 3203">
     <span class='ocr_line' id='line_1_42' title="bbox 305 3155 1607 3203; baseline 0.011 -14"><span class='ocrx_word' id='word_1_355' title='bbox 305 3155 354 3190; x_wconf 85' lang='lat' dir='ltr'>T.</span> <span class='ocrx_word' id='word_1_356' title='bbox 387 3167 428 3191; x_wconf 75' lang='grc' dir='ltr'>ιι.</span> <span class='ocrx_word' id='word_1_357' title='bbox 1564 3159 1607 3203; x_wconf 73' lang='lat'>38</span> 
     </span>
    </p>
   </div>
  </div>
 </body>
</html>
