2168 3437
335 268 408 307 238
852 266 1078 303 LITTERAE
1105 277 1464 309 QUADRIMESTRES

336 365 494 415 ditari,
519 371 564 404 et
586 363 770 414 publica
792 362 1005 403 custodia
1030 363 1217 403 clausos
1244 364 1502 414 consolari,
1532 370 1577 404 et
1609 375 1868 416 pauperum
1894 365 1977 405 ho-

335 436 524 487 spitium
552 435 776 483 invisere,
807 439 851 474 et
881 433 928 473 id
953 445 1103 485 genus
1138 434 1229 474 alia
1256 446 1397 485 quam
1426 434 1626 486 plurima
1655 446 1761 475 cum
1793 434 1975 486 juberet

335 508 490 546 facere
511 506 741 556 singulos,
766 506 813 545 in
834 505 1030 556 singulis
1057 517 1149 545 non
1178 505 1462 546 mediocrem
1490 506 1710 547 cernebat
1743 507 1974 558 obtempe-

336 577 484 618 rando
507 576 834 617 obedientiam.

413 648 535 689 Hinc
561 649 706 688 multo
736 648 924 688 uberior
952 647 1133 688 fructus
1168 648 1467 700 sperabatur,
1499 649 1587 688 nisi
1615 649 1779 689 morbo
1810 660 1972 700 aegro·

334 727 436 760 tare
463 719 694 771 coepisset
727 719 800 770 P„
838 730 929 770 quo
962 720 1176 770 graviter
1203 719 1417 770 affectus,
1449 732 1474 759 a
1502 719 1745 760 fructuosa
1773 731 1970 771 occupa-

333 791 460 831 tione
481 797 675 831 coactus
697 797 766 830 est
787 801 989 841 cessare;
1009 791 1055 831 id
1074 790 1197 842 quod
1214 802 1374 831 omnes
1395 791 1517 831 illius
1538 791 1743 831 civitatis
1760 791 1977 831 homines

333 873 508 913 magna
528 861 719 902 tristitia
742 861 913 902 affecit.
942 861 1089 902 Porro
1119 863 1312 902 alterius
1340 861 1515 913 Patris,
1546 861 1683 913 hujus
1710 863 1849 912 socii,
1881 874 1976 902 non

334 933 488 973 minus
522 933 647 974 utilis
680 933 812 973 labor
849 933 1014 974 extitit.
1051 932 1170 974 Nam
1206 939 1249 973 et
1280 933 1502 985 oppidum
1531 933 1788 985 quoddam,
1830 933 1982 973 tribus

335 1006 460 1046 illinc
482 1005 663 1045 distans
682 1005 850 1053 leucis,
875 1005 1071 1056 singulis
1093 1005 1255 1045 diebus
1282 1003 1466 1046 Sabbati
1491 1005 1790 1057 frequentare
1821 1010 1865 1045 et
1895 1004 1974 1044 ibi-

335 1077 440 1118 dem
462 1076 707 1117 dominicis
729 1076 891 1116 diebus
912 1087 1049 1116 mane
1071 1076 1342 1116 concionari
1364 1082 1408 1116 et
1428 1076 1614 1128 vesperi
1636 1077 1682 1116 in
1711 1076 1877 1116 eadem
1905 1088 1975 1116 ec-

335 1148 478 1188 clesia
498 1149 690 1188 solebat.
715 1148 848 1188 Unde
870 1159 965 1187 non
985 1159 1152 1199 parum
1179 1147 1435 1199 spiritualis
1461 1147 1699 1199 profectus
1726 1147 1814 1187 Dei
1842 1147 1975 1187 bene-

336 1218 438 1259 ficio
474 1219 596 1259 illius
628 1219 721 1259 loci
761 1219 1027 1259 hominibus
1062 1219 1277 1259 accessit.
1314 1218 1442 1259 Idem
1474 1219 1666 1269 insuper
1701 1219 1749 1258 in
1784 1218 1976 1258 civitate

335 1290 597 1341 praedicta,
636 1290 683 1330 in
710 1302 804 1330 una
833 1291 1161 1341 ecclesiarum,
1196 1290 1393 1341 singulis
1419 1289 1642 1342 cujusque
1672 1289 1977 1330 hebdomadis

336 1362 466 1402 utilia
487 1362 650 1402 salutis
671 1362 951 1402 documenta
972 1367 1017 1402 et
1036 1362 1262 1402 virtutum
1283 1362 1646 1409 admonitiones,
1671 1361 1743 1401 his
1764 1361 1842 1412 qui
1871 1372 1980 1401 con—

335 1433 602 1483 veniebant,
627 1433 909 1473 inculcabat.

376 1538 383 1542 .
413 1504 465 1544 In
486 1504 560 1544 die
582 1505 691 1544 item
708 1504 998 1545 Parasceves
1019 1505 1075 1545 de
1092 1504 1317 1545 Passione
1334 1504 1527 1545 Domini
1547 1505 1594 1544 in
1615 1516 1707 1544 una
1728 1503 1972 1555 parochia-

335 1576 449 1616 lium
469 1576 775 1616 ecclesiarum
796 1576 1103 1616 concionatus
1124 1583 1194 1616 est
1215 1588 1309 1617 non
1330 1576 1429 1616 sine
1450 1576 1709 1627 lachrymis
1729 1581 1774 1615 et
1801 1585 1975 1626 magna

336 1647 604 1687 auditorum
625 1648 809 1688 interna
837 1648 1164 1688 commotione.
1197 1648 1430 1700 Denique,
1462 1647 1585 1699 quod
1615 1647 1844 1698 reliquum
1874 1653 1974 1686 erat

336 1718 581 1770 temporis,
614 1718 858 1759 audiendis
889 1719 1283 1769 confessionibus,
1315 1719 1550 1759 nonnullis
1576 1719 1719 1759 etiam
1747 1717 1976 1769 generali-

336 1790 448 1837 bUS‚
486 1790 858 1830 fructuosissime
893 1790 1204 1842 impendebat.
1243 1790 1343 1841 Quo
1372 1790 1547 1830 factum
1576 1796 1645 1830 est
1671 1795 1721 1829 ut
1750 1787 1898 1839 major
1928 1788 1977 1828 in

337 1861 436 1901 dies
458 1873 613 1901 rerum
635 1862 949 1912 spiritualium
969 1862 1221 1902 sentiretur
1244 1867 1560 1913 augmentum.

416 1933 488 1973 Ex
508 1933 680 1984 populo
703 1933 792 1973 hoc
813 1934 1023 1973 nonnulli
1045 1933 1216 1984 optime
1238 1939 1372 1973 erant
1394 1932 1609 1973 instructi
1631 1938 1674 1972 et
1695 1932 1743 1971 in
1760 1931 1977 1982 spiritua-

337 2004 456 2043 libus
479 2016 505 2043 a
527 2004 698 2044 nostris
716 2003 813 2055 jam
835 2004 944 2044 olim
966 2005 1133 2045 edocti.

416 2073 595 2115 Nobilis
617 2076 807 2127 quidam
829 2076 914 2125 vir,
936 2076 1046 2116 olim
1067 2076 1273 2116 insolens
1294 2076 1480 2116 habitus
1502 2082 1546 2115 et
1570 2075 1865 2115 turbulentus
1881 2073 1977 2113 val-

336 2146 416 2196 de,
441 2147 656 2198 exemplo
692 2153 736 2186 et
767 2147 979 2187 doctrina
1015 2147 1207 2187 Patrum
1234 2148 1372 2198 longe
1409 2147 1527 2187 alius
1557 2153 1625 2186 est
1652 2146 1819 2186 factus.
1851 2145 1981 2185 Idem

336 2223 473 2257 nocte
494 2218 697 2269 quadam
719 2230 746 2258 a
766 2217 816 2258 Ρ.
837 2218 1015 2271 Jacobo
1043 2218 1249 2269 rediens,
1281 2230 1418 2269 quem
1451 2224 1776 2268 aegrotantem
1806 2216 1974 2257 invise-

336 2295 429 2338 rat,
454 2290 648 2329 vulnere
670 2290 717 2329 in
739 2290 890 2341 capite
911 2295 980 2329 est
1010 2301 1286 2341 percussus,
1318 2290 1365 2330 id
1392 2289 1517 2341 quod
1545 2289 1661 2329 adeo
1692 2289 1901 2329 lubenter
1931 2294 1978 2327 et

337 2361 475 2401 hilari
512 2361 665 2401 fronte
705 2361 912 2412 accepit,
955 2368 1003 2401 ut
1043 2372 1276 2400 summum
1315 2360 1405 2400 Dei
1439 2360 1713 2400 beneficium
1748 2359 1973 2406 crederet,

336 2444 487 2484 neque
519 2444 727 2484 unquam
759 2433 1054 2484 percussoris
1088 2444 1258 2472 nomen
1289 2432 1436 2473 voluit
1472 2432 1671 2484 aperire.
1702 2431 1838 2472 Alius
1867 2431 1978 2470 item

336 2504 504 2544 nobilis
524 2504 572 2544 in
593 2510 731 2544 nocte
752 2502 1068 2554 Parasceves,
1091 2510 1362 2555 postquam,
1388 2504 1433 2543 in
1455 2503 1874 2554 supplicationibus
1895 2514 1978 2553 pu-

335 2575 491 2626 blicis,
515 2575 652 2615 nudis
672 2575 868 2626 pedibus
890 2575 1238 2625 ambulaverat,
1259 2574 1448 2614 domum
1466 2574 1672 2622 rediens,
1705 2573 1763 2614 ad
1791 2573 1977 2624 flagella

339 2646 403 2695 (ut
425 2646 668 2697 creditur),
691 2646 861 2686 vulnus
883 2652 927 2686 et
947 2646 1047 2697 ipse
1067 2656 1215 2696 grave
1246 2646 1293 2685 in
1322 2657 1457 2686 crure
1487 2645 1753 2685 clanculum
1776 2644 1974 2695 accepit.

338 2717 440 2768 Quo
460 2723 678 2768 accepto,
700 2718 873 2769 prima,
897 2728 1017 2769 quae
1038 2717 1123 2756 sub
1146 2717 1192 2756 id
1212 2717 1436 2768 temporis
1456 2716 1603 2757 verba
1630 2716 1844 2767 protulit,
1875 2726 1976 2766 pre-

338 2799 417 2828 ces
453 2788 553 2828 Deo
589 2799 674 2839 pro
711 2799 991 2840 percussore
1023 2786 1168 2827 fuere:
1207 2787 1421 2839 Optarim
1457 2787 1702 2838 (inquiens)
1741 2786 1976 2826 hominem

339 2870 598 2909 agnoscere
620 2865 669 2899 ut
690 2859 732 2899 ei
753 2859 861 2899 boni
883 2857 1057 2910 aliquid
1077 2858 1297 2899 facerem.
1330 2858 1533 2898 Tantum
1560 2859 1722 2897 aberat
1748 2864 1797 2897 ut
1828 2855 1976 2897 vindi-

339 2937 464 2970 ctam
485 2936 742 2982 expeteret3
768 2941 854 2970 nec
875 2930 968 2969 ullo
990 2929 1128 2969 modo
1150 2929 1272 2969 ferre
1299 2936 1485 2981 poterat
1514 2929 1623 2969 mali
1651 2929 1901 2980 quicquam
1929 2927 1976 2966 in

339 3001 546 3041 vulneris
587 3006 828 3041 auctorem
866 3013 893 3040 a
928 3000 1340 3040 circumstantibus
1374 3000 1481 3040 dici.
1517 3000 1672 3051 Atque
1705 2999 1823 3039 haec
1862 3009 1977 3038 sane

340 3071 495 3112 omnia
517 3072 667 3112 laetus
689 3071 955 3121 admodum,
975 3071 1191 3122 quamvis
1212 3072 1396 3122 magnis
1419 3071 1657 3111 doloribus
1678 3069 1975 3110 conflictatus

2159 298 2168 306 s.
2154 253 2168 281 m
2116 0 2168 242 „2st
