2168 3437
877 201 959 237 AN.
994 201 1084 238 1554
1726 201 1797 238 687

154 298 225 337 sin
252 298 538 337 consultarlo
567 309 656 337 con
687 298 728 337 61
755 296 976 348 Superior
1013 296 1037 337 ¹.
1069 297 1228 337 Todos
1260 309 1309 337 se
1339 297 1594 338 edificaron
1623 298 1794 337 mucho

154 369 211 408 de
231 368 334 417 ello,
358 381 389 419 y
410 369 451 407 61
473 367 645 408 Rector
666 368 721 408 de
743 369 787 408 13
809 368 1126 409 Universidad
1148 381 1179 419 y
1200 368 1563 408 examinadores
1587 381 1618 420 y
1639 368 1795 409 oficia-

154 440 221 479 les
240 451 289 479 se
311 439 538 478 enviaron
560 442 586 478 3
614 439 794 479 ofrecer
824 451 940 490 para
971 440 1012 479 61
1041 446 1143 480 0110
1174 438 1252 479 313
1273 439 1509 490 privatim
1539 440 1606 480 les
1638 439 1722 480 dar
1755 440 1797 479 61

158 509 324 562 grado.

234 581 339 621 Uno
361 580 417 620 de
438 581 507 621 los
533 581 828 621 humanistas
854 581 868 600 ²
896 581 957 621 ha
985 580 1140 621 163130
1173 593 1266 621 333
1298 581 1491 621 0136103
1522 581 1707 632 piiblica
1740 594 1797 621 en

159 653 200 692 61
221 652 412 703 Colegio
435 651 550 692 Real
570 664 656 704 por
677 652 866 704 espacio
889 652 944 692 de
966 664 1059 692 una
1080 652 1221 703 hora,
1255 664 1370 703 para
1392 653 1437 692 13
1460 652 1565 692 6331
1596 664 1645 692 56
1675 652 1795 704 deja-

159 735 246 763 ron
266 723 337 763 135
357 723 596 773 166110365,
621 736 652 775 y
673 724 797 763 hubo
818 735 938 774 gran
959 725 1154 763 numero
1176 723 1231 763 (16
1252 729 1393 774 gente
1418 736 1450 774 y
1471 722 1638 763 mucha
1663 724 1795 763 53115-

156 794 340 834 faccion
362 793 417 833 de
435 794 590 843 10305,
621 793 832 834 maixime
853 795 926 834 del
946 794 1178 845 principa}
1199 807 1230 845 y
1250 800 1491 845 regenteS,
1520 805 1613 834 uno
1643 794 1699 834 de
1729 795 1798 834 105

158 866 316 905 633165
352 864 451 904 alta
483 876 592 904 voce
621 866 698 905 alli
731 877 789 905 en
814 865 1001 916 publico
1030 865 1091 904 ha
1123 865 1260 904 dicho
1291 865 1510 915 palabras
1542 865 1597 905 de
1627 865 1798 905 mucho

158 937 259 976 1001
280 949 309 987 y
332 936 483 987 gloria
507 937 550 976 al
572 936 743 986 Sefior;
774 950 804 988 y
827 938 896 976 asi
926 937 1065 984 ellos,
1096 947 1229 976 como
1262 937 1460 987 algunos
1487 935 1737 986 religiosos
1766 949 1797 987 y

159 1014 288 1048 otros
310 1008 615 1057 estudiantes,
638 1009 679 1048 16
700 1008 794 1047 1133
816 1007 983 1059 pedido
1007 1019 1095 1047 con
1116 1007 1350 1046 instancia
1370 1008 1414 1046 13
1437 1007 1643 1047 0136103.

239 1079 334 1120 Los
355 1091 598 1119 sermones
621 1091 677 1119 en
699 1086 891 1119 nuestra
913 1078 1082 1130 capilla
1103 1089 1152 1118 se
1175 1078 1429 1118 6031131133
1450 1079 1519 1118 105
1546 1078 1798 1128 domingos

163 1162 194 1200 y
215 1150 372 1191 fiestas
393 1154 421 1191 3
442 1152 487 1190 13
508 1155 732 1201 3133333,
758 1163 789 1201 y
810 1151 856 1190 13
877 1150 1091 1190 30611133
1114 1149 1337 1189 cristiana
1359 1152 1386 1189 3
1408 1150 1476 1189 105
1498 1149 1745 1200 domingos
1772 1152 1798 1189 a

162 1223 204 1261 13
229 1222 383 1273 13136,
409 1234 636 1262 concurre
657 1227 797 1272 gente
818 1226 993 1261 cuanta
1021 1221 1066 1260 13
1094 1220 1354 1272 6311361333
1384 1220 1440 1260 36
1465 1221 1509 1260 13
1540 1220 1705 1271 iglesia
1727 1232 1798 1260 su-

160 1293 251 1344 fre,
285 1306 316 1345 y
345 1292 541 1333 muchos
572 1292 745 1333 (165633
772 1304 861 1344 que
893 1304 943 1332 56
976 1292 1101 1342 haga
1133 1297 1236 1331 0113
1272 1303 1452 1342 mayor,
1483 1304 1512 1342 y
1544 1291 1679 1331 dicen
1714 1303 1801 1342 que

160 1364 423 1415 ayudarian
445 1363 500 1404 de
521 1375 634 1415 muy
653 1364 807 1404 buena
827 1375 953 1414 gana
975 1365 1001 1402 3
1032 1362 1285 1402 6311163113.
1320 1361 1390 1402 ΝΟ
1420 1363 1515 1413 hay
1537 1363 1661 1403 duda
1695 1375 1798 1414 que,

160 1436 199 1474 si
221 1436 265 1475 13
285 1435 498 1486 113111656,
533 1446 681 1486 segun
711 1436 755 1475 13
786 1435 1016 1474 devocion
1048 1433 1104 1474 de
1133 1435 1176 1473 13
1204 1441 1364 1483 gente,
1399 1434 1443 1473 13
1470 1445 1638 1485 mayor
1666 1439 1801 1485 parte

160 1506 233 1546 (161
255 1507 424 1558 pueblo
448 1507 612 1546 vernia
632 1507 702 1546 135
724 1506 883 1546 fiestas
906 1508 932 1545 3
954 1506 1061 1553 6113,
1096 1517 1128 1556 y
1151 1516 1240 1544 603
1261 1516 1335 1544 561
1358 1508 1457 1544 esta
1490 1510 1570 1544 tan
1598 1511 1800 1556 angosta

161 1590 192 1629 y
213 1590 271 1617 en
291 1584 426 1629 parte
456 1583 537 1618 133
564 1583 767 1627 1613013,
798 1587 1033 1628 procuran
1061 1582 1192 1615 tanto
1218 1576 1389 1615 recibir
1418 1577 1525 1627 aqui
1556 1576 1597 1615 61
1624 1575 1798 1616 Santis-

159 1648 278 1688 simo
314 1647 643 1699 Sacramento,
681 1659 770 1699 que
806 1659 863 1687 63
896 1648 942 1686 13
974 1646 1155 1686 Ρ35633
1192 1645 1248 1686 36
1282 1645 1624 1686 Resurreccion
1659 1646 1798 1697 piden

159 1720 354 1760 licencia
378 1723 405 1760 3
427 1731 506 1760 535
528 1731 666 1759 63135
688 1731 804 1771 para
825 1719 913 1758 6110
935 1717 964 1755 ⁵.

240 1789 334 1831 Son
354 1802 502 1842 agora
524 1793 632 1843 aqui
654 1791 768 1831 (1066
785 1790 962 1830 Ρ33165
984 1801 1072 1840 que
1095 1788 1353 1839 confiesan,
1375 1801 1407 1840 y
1422 1801 1483 1829 30
1500 1789 1669 1829 bastan
1685 1801 1801 1840 para

157 1862 227 1901 las
247 1862 443 1902 muchas
465 1862 757 1902 confesiones
788 1872 875 1912 que
909 1860 964 1900 de
996 1861 1216 1900 60311330
1247 1871 1468 1911 0631163,
1497 1859 1631 1900 ultra
1653 1860 1709 1900 de
1733 1862 1801 1900 las

156 1933 212 1972 de
235 1933 354 1973 06110
376 1933 477 1973 (1135
498 1933 783 1983 0131331135,
807 1944 895 1983 que
918 1934 1057 1971 seran
1077 1930 1176 1981 200,
1202 1943 1320 1982 poco
1342 1934 1444 1971 3135
1461 1935 1487 1971 o
1503 1942 1679 1982 menos3
1700 1943 1802 1971 mas

156 2010 347 2044 3365110
369 2003 517 2045 56301
539 2006 609 2044 105
629 2010 731 2044 trae
761 2016 850 2043 con
883 2008 1013 2043 tanta
1044 2002 1292 2052 devocion,
1317 2014 1406 2053 que
1428 2002 1611 2042 cuando
1634 2006 1719 2042 363
1741 2014 1801 2042 30

156 2076 300 2116 seles
331 2076 482 2127 puede
515 2075 783 2125 satisfacer,
822 2086 882 2114 no
918 2073 1055 2124 dejan
1089 2073 1145 2112 de
1180 2073 1350 2112 buscar
1387 2085 1444 2112 63
1479 2078 1607 2113 01135
1642 2080 1802 2124 partes

157 2147 296 2198 quien
315 2147 386 2187 105
408 2147 608 2187 60311656
629 2158 714 2198 por
748 2147 849 2186 ansi
877 2158 925 2185 56
954 2146 998 2184 10
1025 2143 1271 2195 aconsejar
1303 2144 1372 2183 105
1403 2142 1600 2193 Ρ33165;
1634 2157 1665 2195 y
1696 2144 1802 2184 ben-

157 2217 253 2257 3110
275 2218 316 2258 61
344 2216 517 2267 Senon
551 2221 653 2258 6513
683 2223 763 2257 133
793 2214 1089 2256 13110336133
1116 2216 1160 2254 13
1189 2214 1422 2254 devocion
1450 2214 1506 2254 de
1535 2215 1604 2254 los
1636 2213 1801 2254 Sacra-

157 2294 358 2338 mentos,
383 2300 471 2341 que
493 2300 550 2329 63
573 2288 843 2339 cualquiera
871 2287 1036 2338 iglesia
1068 2286 1163 2337 hay
1193 2297 1255 2337 ya
1286 2285 1481 2325 muchas
1504 2285 1799 2325 confesiones

157 2372 187 2411 y
209 2360 534 2417 comuniones,
557 2372 589 2412 y
609 2361 679 2400 los
699 2359 1042 2411 parrochianos
1063 2370 1094 2408 y
1114 2368 1340 2408 personas
1357 2357 1570 2396 notables
1590 2356 1683 2397 dan
1703 2368 1800 2397 mu-

213 2497 221 2515 (
261 2495 407 2523 Factum
422 2495 485 2523 hoc
501 2500 564 2530 est,
581 2496 629 2523 ita
642 2495 781 2529 jubente
798 2494 831 2521 S.
846 2493 992 2528 ignatio,
1008 2497 1045 2520 ut
1061 2492 1178 2519 videre
1195 2495 1245 2518 est
1261 2491 1294 2518 in
1308 2491 1478 2524 Pommco,
1498 2490 1702 2525 Chronicon,
1717 2495 1739 2518 t.
1756 2498 1802 2523 ιν,

159 2548 192 2570 61
209 2544 241 2570 in
255 2550 345 2570 nova
359 2544 448 2570 serie
464 2544 660 2570 litterarum
676 2542 795 2569 Sancti
810 2541 948 2576 Ignatii.

211 2591 225 2610 ‘-'
262 2591 390 2619 Latina
404 2592 518 2618 versio
533 2592 596 2618 sic:
612 2590 732 2618 “Unus
747 2597 789 2616 ex
810 2590 882 2623 his,
901 2589 956 2623 qui
981 2588 1090 2615 literis
1112 2591 1240 2614 vacant
1261 2586 1534 2619 humanioribus,
1558 2585 1719 2613 Nicolaus
1743 2593 1799 2613 no-

159 2639 258 2666 mine.
269 2660 284 2673 ,,
299 2638 397 2666 Η336
412 2642 528 2666 autem
543 2638 723 2665 Nicolaum
740 2637 891 2664 Gracida
906 2637 1009 2664 fuisse
1026 2643 1046 2662 3
1063 2636 1209 2662 Ρο131160
1224 2635 1429 2668 accepimus.
1447 2633 1579 2664 Claeron.,
1594 2637 1618 2660 t.
1634 2640 1681 2660 zv.

211 2686 225 2705 ³
263 2686 369 2713 Addit
383 2686 437 2713 hic
454 2686 563 2713 latina
578 2686 708 2712 versio:
725 2688 739 2698 “
750 2685 842 2718 Quod
859 2685 902 2711 33
918 2684 1176 2711 concionatores
1191 2682 1352 2716 pertinet,
1369 2681 1473 2707 Pater
1488 2680 1628 2714 Correa,
1644 2680 1799 2708 Novitio-

156 2741 231 2760 rum
247 2734 422 2768 magister.
435 2733 490 2767 qui
506 2733 698 2760 doctrinam
713 2732 883 2767 praelegit
899 2731 1136 2762 christianam,
1148 2729 1300 2756 externis
1315 2728 1468 2755 omnibus
1482 2728 1707 2755 vehementer
1721 2736 1798 2762 pro-

158 2782 270 2815 batur,
286 2781 537 2814 maximumque
552 2783 668 2807 movet
684 2780 789 2807 etiam
804 2779 993 2806 durissimis
1009 2778 1169 2805 affectum
1187 2776 1389 2804 devotionis.
1403 2775 1472 2802 Nec
1487 2775 1597 2802 minus
1612 2775 1667 2810 qui
1682 2776 1800 2803 hacte-

158 2835 219 2855 nus
234 2828 303 2855 fere
319 2835 453 2862 semper
468 2829 587 2855 diebus
603 2827 779 2855 dominicis
794 2827 1014 2854 concionatus
1031 2830 1081 2852 est
1098 2825 1133 2851 P.
1150 2824 1319 2858 Georgius
1340 2823 1524 2854 Serranus,
1547 2823 1642 2850 cuius
1664 2830 1727 2857 ego
1756 2823 1803 2850 in-

159 2876 249 2910 genii
271 2875 499 2903 subtilitatem
519 2883 559 2902 36
589 2876 621 2902 13
643 2875 784 2902 dicendo
807 2876 914 2901 salem
936 2873 1073 2907 saepius
1099 2879 1163 2898 non
1184 2871 1419 2898 collaudantes
1442 2871 1551 2897 solum
1572 2870 1799 2898 scholasticos

159 2924 283 2950 multos
299 2931 418 2950 verum
434 2927 465 2950 et
481 2923 693 2950 admirantes
709 2923 789 2950 vidi.
805 2922 932 2955 Quibus
948 2926 1072 2953 tamen,
1090 2919 1247 2952 omnium,
1264 2923 1300 2945 ut
1316 2918 1428 2951 credo,
1449 2918 1583 2950 iudicio,
1601 2917 1705 2944 Pater
1723 2917 1801 2945 Cot-

159 2974 205 3003 ta,
219 2971 283 2998 etsi
298 2971 331 2998 in
346 2978 386 2997 ea
400 2978 435 2997 re
452 2971 562 2998 adhuc
578 2969 654 2998 tiro.
666 2977 732 2997 non
747 2970 836 2996 cedit
852 2974 1078 3002 magnamque
1095 2966 1249 2993 omnibus
1264 2970 1297 2992 et
1313 2964 1584 2992 aedificationem
1600 2969 1632 2991 et
1649 2965 1798 2992 admira-

162 3018 290 3045 tionem
305 3022 452 3052 movet...
