2168 3437
915 264 998 301 AN.
1031 263 1123 302 1553
1768 265 1838 301 317

876 714 1167 768 CCXXVI

271 798 565 837 Maximianus

319 864 440 902 Patri
458 864 628 913 Ignatio
647 865 700 902 de
720 864 907 913 Loyola.

363 929 525 968 Sancto
545 930 692 968 Felice
712 929 812 977 (San
834 930 973 977 Fins),
994 931 1037 967 21
1059 929 1162 977 Maji
1183 930 1275 968 1553
1293 931 1319 965 ¹.

929 1156 1107 1246 JEsffis

282 1421 421 1462 Pater
442 1422 489 1462 in
512 1422 700 1462 Christo
721 1423 847 1476 Jesu.

281 1491 380 1532 Pax
403 1492 591 1533 Christi.

277 1562 448 1603 Noster
468 1565 773 1615 provincialis
799 1564 938 1605 Pater
965 1578 1023 1605 ex
1045 1571 1151 1606 tuae
1172 1565 1296 1605 Rdae
1320 1564 1621 1605 Paternitatis
1649 1576 1835 1616 praece-

198 1638 277 1684 pto
298 1633 411 1673 mihi
431 1634 632 1674 iniunxit
653 1640 702 1675 ut
722 1647 805 1686 per
826 1635 986 1676 literas
1009 1642 1053 1676 te
1075 1636 1131 1676 de
1153 1636 1230 1686 iis,
1256 1648 1375 1687 quae
1405 1635 1530 1687 apud
1557 1647 1642 1675 nos
1670 1646 1837 1686 gerun-

198 1709 288 1754 tur,
317 1704 523 1745 facerem
550 1706 813 1746 certiorem.
844 1706 933 1757 Qui
963 1707 1039 1747 hic
1070 1707 1295 1755 vivimus,
1330 1718 1528 1758 quorum
1554 1706 1727 1757 partim
1755 1706 1837 1746 Pa-

197 1780 314 1825 tres,
338 1776 508 1826 partim
530 1788 642 1816 vero
664 1776 854 1828 fratres,
880 1789 1041 1817 omnes
1062 1776 1280 1817 undecim
1302 1789 1463 1817 sumus
1493 1788 1702 1817 numero.
1730 1776 1837 1817 Pro-

198 1846 325 1886 xima
351 1847 728 1898 quadragesima,
751 1849 798 1888 in
819 1849 1010 1888 aedibus
1037 1848 1185 1889 sacris
1214 1848 1539 1888 adiacentibus
1570 1848 1838 1899 pertinenti-

197 1917 374 1968 busque
409 1917 467 1957 ad
503 1919 591 1958 hoc
625 1919 721 1959 divi
754 1919 925 1959 Felicis
961 1920 1264 1970 coenobium,
1302 1919 1550 1959 habuimus
1586 1919 1837 1959 conciones

195 1989 586 2040 quamplurimas,
607 2002 726 2041 quae
743 1990 989 2030 dominicis
1005 1990 1227 2042 festisque
1243 1989 1405 2030 diebus
1420 2002 1557 2030 mane
1574 1990 1633 2030 ad
1646 2002 1834 2030 sacrum

196 2058 510 2111 habebantur;
535 2062 720 2112 vesperi
743 2073 854 2101 vero
877 2073 1093 2101 sermone
1339 2060 1352 2078 ²
1384 2061 1672 2101 docebantur
1707 2062 1839 2112 pueri

194 2141 340 2181 usque
362 2131 595 2172 interdum
615 2133 837 2183 templum
859 2133 1136 2172 verrebatur
1157 2132 1566 2183 mundabaturque
1589 2131 1617 2171 ⁵.

273 2200 324 2240 In
345 2202 572 2253 omnibus,
594 2201 693 2242 Deo
714 2202 918 2252 favente,
938 2214 1149 2243 summus
1170 2202 1367 2243 affectus
1390 2202 1633 2242 audiendis
1651 2202 1836 2242 concio-

196 2271 331 2311 nibus
352 2274 630 2323 apparebat,
655 2275 734 2325 qui
764 2280 928 2326 sponte
955 2286 1039 2314 sua
1068 2274 1346 2314 dictitabant
1373 2285 1422 2313 se
1451 2285 1510 2313 ex
1537 2285 1591 2313 eo
1622 2280 1831 2324 tempore

197 2341 481 2382 christianos
499 2355 600 2384 esse
618 2345 891 2396 incoepisse,
914 2357 1005 2396 quo
1022 2345 1249 2385 ecclesiae
1271 2344 1358 2384 hae
1378 2345 1424 2384 in
1441 2343 1688 2384 Societatis
1709 2350 1835 2396 pote-

194 2418 364 2452 statem
385 2422 630 2454 venerunt.
653 2414 797 2455 Iidem
818 2415 1050 2455 affirmant
1071 2415 1314 2466 regionem
1335 2415 1457 2454 hanc
1479 2426 1506 2453 a
1528 2415 1652 2454 vitiis
1674 2414 1837 2454 libera-

196 2488 314 2533 tam,
353 2495 471 2535 quae
506 2485 553 2524 in
586 2485 674 2525 hoc
710 2486 945 2526 territorio
973 2492 1108 2526 erant
1142 2485 1157 2504 ⁴²
1186 2486 1466 2535 iuramenta,
1500 2485 1835 2536 blasphemiae,

197 2555 409 2605 exemplo
431 2555 736 2606 doctrinaque
757 2562 1045 2606 nostrorum,
1068 2568 1151 2608 per
1181 2567 1298 2607 quos
1330 2556 1471 2595 etiam
1499 2554 1731 2596 Dominus
1761 2556 1839 2596 ali-

196 2636 311 2675 quos
338 2637 444 2665 cum
464 2626 664 2667 inimicis
686 2627 733 2666 in
754 2627 958 2678 gratiam
978 2627 1130 2667 redire
1158 2627 1268 2667 fecit
1295 2632 1340 2666 et
1361 2626 1588 2678 imprimis
1611 2627 1839 2678 quosdam

250 2786 258 2806 ¹
299 2749 548 2821 Asstographae
562 2787 700 2813 litterae
717 2790 811 2813 totae
826 2794 927 2813 manu
938 2786 1134 2814 Maximiani
1149 2786 1255 2821 (cujus
1268 2792 1456 2819 cognomen
1471 2785 1643 2820 hucusque
1659 2786 1824 2820 ignotum)

192 2833 227 2860 in
241 2832 320 2860 folio
334 2834 443 2868 unico,
460 2842 490 2861 n.
505 2833 645 2861 523.-1n
659 2834 698 2861 iis
713 2833 881 2868 quaedam
902 2834 1045 2868 delevit,
1062 2834 1229 2868 quaedam
1244 2841 1298 2860 mu
1308 2833 1397 2860 tavit
1414 2832 1593 2867 Polancus,
1609 2841 1695 2868 quae
1710 2841 1770 2861 nos
1788 2834 1832 2861 ad

194 2881 339 2915 paginae
356 2883 485 2908 calcem
500 2882 698 2908 referemus.

247 2927 260 2946 2
299 2928 433 2955 Attrita
448 2933 481 2955 et
497 2929 650 2955 lacerata
666 2929 799 2962 charta,
817 2928 1034 2956 desideratur
1048 2936 1150 2955 unum
1167 2928 1321 2954 verbum.

247 2976 260 2995 3
297 2975 383 3002 Huic
404 2976 595 3003 sententiae
611 2983 720 3010 nsque
736 2976 918 3003 interdum
942 2976 1116 3010 templum
1137 2976 1351 3002 verrebatur
1377 2974 1690 3008 mundabaturque
1713 2975 1839 3002 substi-

193 3023 259 3050 tuit
275 3023 441 3050 Polaticus
455 3024 554 3050 hanc:
569 3030 659 3056 qnae
675 3024 721 3050 ad
736 3023 975 3050 christianam
991 3024 1253 3050 inslitutionetn
1268 3022 1464 3056 pertinent.

251 3071 266 3090 4
303 3077 391 3104 quae
407 3072 443 3097 z‘n
460 3078 500 3097 ea
516 3072 656 3104 regione
673 3072 888 3105 regnabant,·
904 3078 944 3098 ea
963 3072 1077 3098 erant.
1095 3070 1271 3097 Polancus.
