2168 3437
358 252 428 289 576
869 250 1097 287 LITTERAE
1124 260 1484 293 QUADR1MEsrREs

354 356 573 398 ctumque
600 353 669 386 est
695 352 745 386 ut
781 347 969 397 plurimi
997 347 1194 398 singulis
1228 347 1533 388 hebdomadis
1562 349 1705 388 semel
1739 355 1877 400 atque
1912 351 1991 391 ite—

351 431 455 459 rum
481 419 571 458 hoc
599 418 751 469 ipsum
784 423 1038 469 praestent.
1076 417 1197 458 Nam
1228 424 1272 458 et
1300 418 1463 458 diebus
1492 430 1675 470 quoque
1706 421 1894 460 veneris
1923 429 1994 461 est

348 491 424 530 hic
447 489 766 529 confitentium
793 501 1036 540 numerus,
1063 501 1200 541 quem
1228 495 1272 529 et
1303 496 1555 529 conservat
1582 496 1627 530 et
1653 496 1795 541 auget
1822 491 1990 532 doctri-

349 573 436 601 nae
459 560 746 600 christianae
767 561 1040 611 praelectio.
1066 560 1371 601 Numerosior
1397 561 1584 612 quidem
1611 561 1773 601 diebus
1801 563 1991 603 domini—

349 632 417 672 cis
437 638 631 672 caterva
654 631 864 679 confluit;
890 632 1063 672 habent
1085 632 1209 671 enim
1230 631 1346 672 Rev.
1375 631 1424 671 Ρ.
1454 632 1749 672 Everardum
1776 633 1992 684 epistola-

347 714 452 743 rum
473 702 533 742 ad
555 702 853 742 Timotheum
874 703 1177 754 interpretem
1199 708 1244 742 et
1265 703 1426 743 utilem
1443 709 1487 742 et
1504 715 1614 742 vere
1631 714 1846 754 gnarum.
1871 704 1992 745 Huic

345 774 497 814 eidem
531 785 616 814 sua
645 774 801 814 omnia
831 779 875 814 et
905 774 1093 825 privata
1123 779 1167 814 et
1197 774 1383 826 publica
1411 775 1604 825 negotia
1637 775 1871 815 commisit
1896 776 1992 827 qui—

344 845 453 886 dam
469 857 679 885 summae
697 845 997 885 authoritatis
1015 845 1140 896 apud
1157 857 1319 885 omnes
1337 845 1470 894 civiS,
1492 851 1538 885 ut
1560 857 1618 885 ne
1639 846 1785 886 latum
1804 846 1993 897 quidem

341 928 550 968 unguem
570 914 849 956 a'sententia
871 917 1019 968 patris
1043 917 1293 968 discrepet.
1319 917 1452 956 illum
1473 917 1625 967 ipsum
1648 917 1704 957 de
1730 917 1868 957 rebus
1896 919 1993 958 suis

343 988 603 1029 consulturi
626 988 856 1028 accedunt
877 988 1088 1039 plurimi,
1114 988 1218 1028 aliis
1245 988 1339 1028 alia
1359 988 1749 1039 proponentibus.

422 1058 549 1101 Solet
567 1059 1007 1100 Reverendissimus
1022 1059 1369 1111 Proepiscopus
1388 1071 1495 1100 reos
1513 1060 1602 1099 hac
1619 1060 1822 1111 primum
1839 1072 1992 1111 poena

340 1131 560 1182 plectere,
586 1136 636 1171 ut
651 1130 816 1171 Patres
832 1137 1020 1171 nostros
1039 1131 1358 1171 confessarios
1376 1131 1596 1182 habeant,
1616 1143 1671 1171 ac
1690 1137 1789 1171 tum
1804 1131 1990 1172 demum

341 1214 573 1243 summam
595 1203 769 1254 negotii
791 1203 837 1242 in
860 1203 1051 1243 eosdem
1072 1203 1241 1243 reiicit.

420 1273 511 1315 Sed
533 1281 577 1314 et
598 1286 732 1315 suam
753 1286 936 1326 quoque
956 1275 1097 1315 habet
1124 1274 1178 1314 R.
1208 1274 1258 1314 Ρ.
1286 1274 1493 1326 Joannes
1520 1275 1819 1326 palaestram.
1854 1275 1896 1315 Is
1924 1275 1989 1315 in-

341 1351 412 1386 ter
432 1352 644 1397 caetera,
669 1358 788 1398 quae
810 1347 917 1386 huic
939 1346 1122 1387 civitati
1144 1346 1372 1386 beneficia
1395 1346 1597 1396 confert,
1629 1346 1717 1385 hoc
1747 1358 1893 1386 unum
1920 1352 1989 1386 est

340 1429 434 1457 non
468 1417 635 1468 opinor
662 1418 1080 1469 praetereundum3
1112 1423 1163 1458 ut
1199 1418 1372 1468 vulgus
1407 1417 1709 1467 histrionum,
1745 1417 1989 1458 circulato-

340 1500 457 1539 rum,
483 1500 538 1528 ac
562 1500 809 1540 magorum
832 1489 978 1528 nihilo
1002 1489 1155 1528 secius
1178 1500 1319 1540 quam
1348 1488 1454 1528 fidei
1481 1489 1774 1528 orthodoxae
1803 1500 1988 1528 everso-

339 1571 415 1600 res
435 1560 656 1612 patiatur.
680 1560 826 1600 Immo
845 1572 1007 1600 eorum
1028 1560 1298 1612 apothecas,
1323 1559 1523 1608 theatra,
1549 1559 1755 1610 pixideS,
1780 1570 1988 1610 unguen-

339 1631 462 1672 taria
479 1638 524 1672 et
540 1637 756 1683 portenta
779 1632 825 1671 in
846 1632 999 1672 medio
1020 1631 1122 1672 foro
1157 1632 1375 1672 exturbat
1403 1631 1684 1682 evertitque,
1722 1631 1987 1670 concitatis-

341 1714 430 1754 que
450 1715 702 1754 procerum
724 1704 913 1754 animis,
950 1704 1065 1743 urbe
1088 1704 1308 1743 exturbat
1340 1702 1366 1743 ¹.
1399 1703 1485 1742 His
1511 1703 1611 1754 ipse
1643 1708 1688 1742 et
1715 1702 1820 1742 aliis
1847 1702 1986 1753 pluri-

339 1773 442 1825 mis,
473 1786 583 1814 nam
619 1780 663 1814 et
698 1775 996 1815 xenodochia
1033 1781 1078 1815 et
1108 1786 1326 1814 carceres
1362 1774 1523 1814 invisit
1551 1773 1626 1813 ille
1657 1773 1801 1823 idem,
1840 1773 1989 1813 divini

337 1845 539 1885 nominis
573 1846 725 1886 zelum
759 1852 971 1886 testatur.
1008 1846 1194 1898 Optimo
1221 1846 1357 1899 Jesu,
1390 1845 1522 1885 cuius
1551 1856 1638 1896 ope
1678 1844 1834 1884 omnia
1868 1844 1988 1884 haec

338 1922 580 1968 geruntur,
604 1917 731 1957 laudi
753 1924 797 1957 et
818 1917 999 1968 gloriae
1022 1917 1207 1957 cedant.

421 1987 644 2040 Superest
664 1995 713 2028 ut
734 1988 993 2040 Collegium
1016 1989 1127 2029 illud
1148 2001 1173 2028 a
1197 1987 1608 2028 Reverendissimo
1638 1986 1888 2027 Cardinale
1909 1998 1985 2038 pe-

337 2060 498 2100 rusino
520 2066 744 2108 erectum,
762 2059 960 2100 feliciter
981 2071 1180 2111 pergere
1202 2060 1452 2110 intelligas.
1473 2059 1563 2099 Hic
1580 2058 1670 2098 duo
1692 2065 1735 2097 et
1757 2070 1813 2097 ex
1830 2057 1983 2098 Socie-

337 2136 433 2170 tate
455 2131 651 2181 degunt;
675 2132 793 2171 alter
814 2131 1060 2182 sacerdos,
1085 2143 1222 2183 quem
1244 2131 1367 2171 idem
1388 2130 1653 2171 Cardinalis
1683 2141 1863 2169 summo
1891 2135 1982 2169 stu-

338 2201 413 2242 dio
436 2207 479 2242 et
501 2201 745 2253 diligentia
770 2202 887 2242 citra
911 2208 1095 2254 tempus
1118 2208 1389 2243 consuetum
1413 2202 1563 2242 sacris
1585 2200 1759 2241 initiari
1780 2201 1981 2240 curavit.

337 2271 434 2313 Nec
456 2274 601 2325 ipsius
623 2274 832 2314 animum
853 2285 966 2314 sane
987 2274 1115 2314 fallet
1137 2274 1293 2325 opinio
1316 2280 1359 2314 et
1381 2285 1502 2325 spes,
1523 2284 1641 2324 quae
1659 2272 1787 2311 illum
1809 2272 1869 2311 ad
1891 2272 1983 2311 tale

338 2355 455 2396 opus
475 2345 671 2397 impulit.
691 2345 789 2385 Iam
806 2345 931 2385 enim
952 2352 1059 2385 sunt
1081 2345 1258 2397 aliquot
1279 2356 1480 2396 magnae
1497 2343 1840 2395 expectationis
1858 2343 1982 2382 iuve-

336 2427 440 2467 nes,
465 2416 543 2467 qui
564 2421 712 2456 totam
734 2416 987 2456 dioecesim
1009 2421 1053 2456 et
1075 2416 1222 2456 literis
1246 2422 1290 2456 et
1311 2416 1438 2455 Vitae
1469 2414 1702 2466 probitate
1731 2413 1982 2465 aliquando

337 2487 652 2527 illustrabunt.
676 2486 893 2527 Pluribus
913 2487 1034 2526 inest
1055 2487 1239 2527 animus
1260 2499 1315 2527 eo
1339 2498 1389 2526 se
1410 2485 1703 2534 conferendi,
1738 2496 1856 2536 quos
1883 2485 1983 2524 sola

337 2558 628 2610 experientia
650 2558 834 2599 docebit
854 2558 983 2610 prius
1004 2569 1107 2598 esse
1130 2558 1336 2598 idoneos.
1368 2558 1518 2608 Urget
1548 2556 1791 2607 negotium
1821 2555 1981 2596 Cardi-

337 2631 458 2670 nalis
488 2631 587 2682 ipse
622 2636 667 2670 et
695 2629 1057 2681 Proepiscopus,
1087 2629 1295 2681 nihilque
1324 2629 1485 2680 gregis
1511 2628 1722 2668 universi
1747 2633 1979 2667 restaura-

337 2701 463 2741 tione
492 2701 621 2753 prius
655 2701 809 2741 habet.
841 2700 981 2741 Faxit
1018 2712 1226 2741 summus
1260 2701 1360 2752 ipse
1388 2705 1551 2752 pastor
1585 2706 1635 2739 ut
1667 2710 1778 2749 nos,
1811 2697 1980 2749 quibus

337 2771 460 2812 hunc
488 2783 684 2823 gregem
717 2772 991 2823 perusinum
1020 2771 1175 2823 aliqua
1209 2783 1268 2812 ex
1297 2777 1430 2824 parte
1456 2770 1643 2810 videtur
1671 2769 1977 2818 commisisse,

337 2842 534 2883 fideliter
552 2854 826 2894 pascamus,
852 2854 1049 2894 eumque
1071 2854 1187 2894 quas
1208 2843 1345 2883 unice
1367 2841 1662 2893 amplectitur
1684 2852 1796 2881 oves
1830 2840 1980 2879 solum

393 3030 403 3050 ¹
444 3029 544 3057 Haud
569 3029 734 3056 exturbat
757 3028 828 3062 hic,
844 3028 902 3055 sed
917 3028 1009 3056 aliud
1025 3028 1102 3063 quid
1123 3028 1310 3063 scripserat
1331 3027 1521 3062 Augerius,
1545 3025 1632 3060 quod
1655 3026 1715 3052 sub
1740 3023 1978 3051 emendatione

339 3075 406 3110 legi
423 3077 549 3111 nequit.
