2168 3437
335 286 405 324 312
847 283 1075 320 LITTERAE
1100 290 1459 324 QUADRIMESTRES

338 382 450 421 victi
478 386 653 431 essent,
688 379 1050 430 eorumdemque
1076 377 1449 418 machinationes
1479 376 1544 416 nil
1563 375 1651 415 nisi
1673 375 1975 426 deceptiones

337 452 508 491 diaboli
530 462 630 490 esse
660 455 918 500 constaret,
942 448 1110 489 maiori
1130 447 1322 497 fiducia,
1356 447 1483 487 omni
1514 446 1707 497 expulso
1736 445 1792 485 de
1822 444 1969 485 cordi·

337 523 422 562 bus
456 522 695 572 scrupulo,
731 521 867 572 quasi
902 520 1116 560 certatim
1153 518 1380 570 praedicti
1410 517 1581 557 subditi
1617 517 1676 556 ad
1710 528 1795 556 nos
1832 515 1970 556 confi-

336 592 463 632 tendi
497 592 651 642 gratia
686 591 848 631 venire
883 591 1184 631 contendunt.
1221 589 1304 629 Est
1339 595 1495 628 autem
1529 587 1800 639 gratissima
1826 586 1975 638 Magi-

338 664 448 703 stris
479 662 773 703 Cathedralis
803 661 964 702 Sancti
989 661 1115 701 Petri
1142 661 1369 701 ecclesiae
1395 659 1548 700 Patris
1575 658 1723 698 nostri
1756 669 1973 710 praesen-

339 736 422 785 tia,
449 746 555 774 cum
575 733 764 773 videant
787 733 834 772 in
856 732 954 772 dies
977 744 1189 773 crescere
1217 742 1462 771 numerum
1490 729 1831 779 confitentium3
1864 734 1907 768 et
1928 728 1975 767 in

339 806 552 857 opposito
588 803 749 844 altaris
787 803 1071 844 venerabilis
1110 802 1403 843 Sacramenti
1440 813 1567 841 nova
1608 812 1663 840 ac
1703 805 1976 850 sumptuosa

338 878 574 917 iusserunt
594 875 693 915 fieri
714 875 876 915 sedilia
894 875 1076 914 caelata
1096 881 1141 914 et
1164 874 1314 913 instar
1334 883 1524 912 mensae
1542 877 1761 923 coaptata
1777 871 1824 911 in
1843 875 1979 922 parte

341 947 590 998 anteriori,
631 947 679 986 in
719 940 884 998 quibus
924 945 1138 986 omnibus
1183 944 1447 985 dominicis
1476 943 1749 994 festivisque
1797 941 1975 992 diebus,

342 1018 590 1058 substratis
619 1016 945 1068 pulcherrimis
973 1016 1261 1065 mantilibus,
1285 1014 1476 1066 scyphis
1504 1013 1762 1064 argenteis,
1784 1012 1979 1063 aliisque

344 1089 403 1129 ad
424 1089 649 1129 maiorem
670 1088 882 1128 internae
911 1087 1098 1139 pietatis
1126 1086 1457 1126 excitationem
1484 1084 1730 1136 appositis,
1765 1083 1981 1124 omnibus

344 1160 674 1201 accedentibus
709 1158 1068 1199 Sanctissimum
1101 1156 1425 1197 Eucharistiae
1453 1155 1810 1196 Sacramentum
1837 1153 1978 1193 admi-

343 1231 583 1272 nistratur.
620 1231 814 1281 Insuper
849 1229 978 1269 Patri
1013 1228 1306 1269 tradiderunt
1339 1228 1498 1267 claves
1538 1226 1735 1266 sacrarii
1772 1237 1856 1277 pro
1891 1235 1982 1264 usu

344 1308 748 1352 ornamentorum,
792 1312 910 1352 quae
944 1300 1115 1340 ibidem
1155 1305 1475 1348 asservantur,
1517 1303 1656 1349 atque
1691 1296 1981 1337 tabernaculi

344 1385 425 1413 seu
464 1373 729 1424 repositorii
767 1371 1051 1412 venerabilis
1085 1369 1400 1419 Sacramenti3
1437 1369 1602 1420 quibus
1637 1368 1851 1408 omnibus
1895 1379 1983 1419 pro

344 1444 472 1484 libito
495 1450 540 1484 et
561 1443 1011 1483 communicantium
1031 1441 1244 1493 profectu
1275 1440 1479 1492 quotidie
1499 1440 1567 1479 uti
1593 1441 1766 1479 valeat.
1796 1438 1878 1479 Est
1907 1450 1983 1478 au-

344 1522 437 1555 tem
466 1526 717 1555 numerosa
738 1513 1059 1554 confitentium
1086 1512 1332 1553 multitudo
1369 1517 1465 1551 tam
1492 1511 1811 1551 studiosorum
1844 1520 1984 1561 quam

344 1587 592 1636 laicorum,
630 1586 712 1626 sed
746 1585 1062 1625 studiosorum
1090 1585 1234 1624 multo
1263 1583 1426 1623 maior.
1465 1581 1536 1622 De
1565 1582 1655 1621 hac
1686 1592 1800 1632 ergo
1835 1592 1988 1621 messe

345 1658 520 1708 (divino
552 1657 809 1709 opitulante
840 1656 1029 1706 auxilio)
1061 1655 1300 1695 uberiores
1330 1654 1700 1705 maturioresque
1736 1653 1782 1692 in
1816 1652 1989 1692 horrea

344 1728 533 1769 Domini
561 1727 924 1779 congregandos
951 1732 1219 1778 spectamus
1246 1725 1438 1765 fructus.
1469 1724 1612 1764 Hisce
1648 1723 1834 1775 quidem
1864 1734 1989 1763 men-

344 1800 471 1840 sibus
508 1811 602 1839 non
641 1799 778 1850 pauci
818 1809 1042 1847 magnam
1081 1808 1329 1848 perperam
1364 1801 1498 1836 actae
1537 1795 1664 1835 vitae
1705 1794 1986 1834 invenerunt

346 1871 684 1922 cognitionem;
714 1882 808 1910 non
843 1870 1012 1919 solum,
1048 1868 1448 1908 confessariorum
1484 1867 1695 1916 consilio,
1733 1865 1987 1905 haeretico—

346 1955 451 1983 rum
470 1942 613 1982 libros
633 1942 924 1991 lacerarunt,
949 1940 1140 1991 ignique
1160 1939 1294 1979 nobis
1315 1938 1572 1979 tradendos
1602 1937 1879 1987 attulerunt,
1910 1935 1993 1975 sed

347 2014 488 2054 etiam
522 2023 698 2064 magna
734 2012 891 2052 cordis
929 2010 1289 2063 compunctione
1316 2010 1363 2050 in
1390 2015 1692 2061 peccatorum
1726 2007 1990 2048 detestatio-

348 2097 455 2125 nem
494 2084 740 2136 generales
779 2083 916 2123 nobis
954 2083 1167 2122 fecerunt
1212 2080 1555 2130 confessiones,
1604 2078 1996 2129 magnifacientes

348 2156 437 2196 Dei
470 2154 866 2203 misericordiam,
903 2154 982 2205 qui
1017 2153 1144 2205 ipsos
1180 2153 1227 2192 in
1261 2152 1384 2192 hanc
1419 2150 1575 2191 cordis
1607 2149 1994 2190 illuminationem

349 2226 581 2268 adducere
629 2227 868 2277 hucusque
909 2224 1192 2276 expectavit.
1242 2223 1494 2264 Laicorum
1542 2228 1697 2262 autem
1741 2220 1995 2261 communi—

349 2299 557 2339 cantium
579 2305 719 2349 atque
741 2296 1062 2337 confitentium
1083 2295 1265 2335 festivis
1286 2294 1539 2346 praecipue
1562 2292 1724 2333 diebus
1746 2297 1904 2332 tantus
1926 2298 1995 2331 est

350 2381 572 2410 numerus
601 2369 647 2409 in
677 2374 872 2419 utroque
900 2368 1095 2419 templo,
1133 2372 1183 2406 ut
1218 2366 1300 2405 vix
1335 2363 1603 2405 celebrandi
1647 2370 1829 2414 tempus
1862 2362 1999 2402 nobis

351 2441 581 2493 reliquum
602 2441 683 2491 sit;
707 2439 815 2491 quia
836 2450 951 2478 vero
975 2437 1188 2477 omnibus
1209 2436 1293 2477 sub
1320 2447 1471 2488 poena
1494 2433 1999 2475 excommunicationis

351 2512 598 2552 inhibitum
624 2516 708 2561 est,
739 2523 766 2550 a
788 2509 955 2562 quovis
984 2509 1233 2548 coelestem
1260 2508 1383 2547 hunc
1405 2506 1642 2557 suscipere
1664 2516 1833 2557 panem
1854 2515 1995 2555 quam

353 2596 379 2623 a
401 2583 606 2634 proprio,
631 2588 676 2622 et
698 2592 802 2621 cum
830 2579 966 2620 nobis
998 2579 1235 2631 prohiberi
1262 2585 1463 2629 nequeat
1492 2575 1861 2626 administ1·at10‚
1892 2574 1995 2614 ideo

355 2655 500 2694 tutius
523 2653 581 2694 ad
602 2664 689 2692 nos
706 2651 1017 2692 concurritur.

436 2724 679 2776 Quaedam
700 2722 924 2773 religiosa
946 2721 993 2761 in
1015 2720 1219 2772 quodam
1240 2719 1491 2770 beginagio
1517 2719 1588 2768 (ut
1610 2716 1829 2767 dicimus)
1852 2715 1998 2766 magi-

355 2796 548 2835 sterium
570 2794 822 2835 exercebat
854 2803 995 2843 super
1016 2792 1186 2830 multas
1216 2797 1311 2830 tam
1333 2790 1599 2841 spirituales
1621 2799 1762 2840 quam
1792 2787 2001 2827 saecula-

355 2878 430 2906 res
452 2866 746 2916 iuvenculas,
770 2875 887 2916 quas
914 2862 1052 2903 etiam
1075 2862 1268 2913 pingere
1297 2861 1496 2901 docebat
1524 2859 1731 2908 curiosa,
1763 2857 1998 2909 superflua

357 2945 495 2988 atque
517 2937 717 2988 superba
738 2946 905 2986 opera,
930 2934 977 2973 in
998 2932 1223 2982 sudariis,
1249 2931 1464 2982 indusiis,
1488 2931 1684 2982 aliisque
1707 2928 2000 2969 ornamentis

358 3009 404 3047 in
449 3019 584 3047 usum
628 3007 703 3046 vel
750 3005 903 3046 verius
947 3004 1121 3044 fastum
1160 3010 1204 3043 et
1250 3002 1607 3043 delectationem
1650 2999 1997 3040 mundanorum

356 3078 596 3129 utriusque
618 3089 759 3117 sexus
786 3076 1039 3116 hominum.
1072 3074 1203 3114 Haec
1231 3079 1408 3125 autem,
1440 3072 1643 3125 quodam
1672 3077 1882 3122 tempore
1910 3069 1998 3110 Lo·
