2168 3437
965 227 1050 264 AN.
1084 227 1174 265 1553
1814 228 1880 264 461

239 323 365 364 enim
386 322 582 374 Collegii
602 324 707 364 usui
727 325 984 364 necessarii
1006 330 1153 365 erant.
1178 324 1341 375 Coepit
1362 325 1520 365 statim
1541 324 1747 365 maxima
1777 337 1879 365 esse

236 394 590 435 confessionum
610 394 887 446 frequentia,
911 396 1121 447 sequenti
1149 401 1306 436 autem
1335 396 1409 436 die
1434 395 1668 436 dominica
1694 402 1739 436 et
1769 407 1881 436 con-

236 466 397 506 ciones
431 474 476 506 et
507 466 562 506 de
600 466 774 506 Christi
801 467 1014 507 doctrina
1042 467 1267 507 lectiones
1294 472 1427 507 erant
1456 465 1765 507 inchoandae.
1801 467 1877 507 Af-

237 536 387 577 fluunt
400 537 515 577 satis
531 537 820 577 abundanter
837 539 1177 586 eleemosynae,
1196 539 1461 589 multaeque
1473 538 1533 578 ad
1544 537 1880 578 aedificationis

236 608 580 648 extructionem
601 608 975 659 pollicitationes.
1000 607 1050 647 In
1071 609 1327 648 maximam
1348 608 1559 660 profecto
1582 607 1671 648 Dei
1691 609 1878 649 laudem

235 679 393 730 vergit
414 684 512 718 tota
533 679 674 718 totius
696 679 902 718 civitatis
924 679 1148 718 exultatio
1167 711 1174 729 ,
1198 686 1421 730 tantaque
1444 680 1499 719 de
1520 679 1609 719 hac
1631 678 1880 719 Societatis

235 749 616 789 manifestatione
638 749 874 800 ipsiusque
896 749 1035 788 rebus
1053 750 1411 800 congratulatio.
1433 750 1565 790 Multi
1582 751 1768 802 quidem
1785 751 1876 790 vel-

235 821 331 860 lent
352 820 512 871 recipi,
537 831 629 871 qua
650 820 697 860 in
719 832 783 870 re,
807 826 856 859 ut
880 826 1078 870 oportet,
1103 821 1309 860 maxima
1341 820 1582 871 diligentia
1604 833 1659 861 ac
1682 822 1877 861 consilio

234 890 445 931 adhibito
467 890 751 942 proceditur.
782 889 899 930 Sunt
926 896 1083 930 tamen
1109 891 1319 930 nonnulli
1347 898 1510 931 nostro
1542 892 1639 943 apti
1666 892 1878 932 instituto

236 961 328 1001 iam
352 962 542 1013 recepti:
566 962 644 1001 alii
664 973 778 1001 vero
800 962 848 1001 in
862 961 1047 1012 longius
1064 962 1417 1012 protrahuntur;
1439 962 1569 1002 multi
1585 975 1801 1015 namque,
1822 975 1880 1004 ex

240 1033 312 1072 his
333 1033 626 1084 praesertim,
651 1033 729 1083 qui
751 1033 797 1072 in
818 1032 990 1072 nostris
1011 1038 1263 1072 Versantur
1290 1033 1488 1081 scholis,
1520 1034 1702 1073 admitti
1722 1035 1768 1074 in
1799 1033 1881 1075 So—

236 1104 458 1144 cietatem
488 1111 693 1155 possent,
727 1104 851 1155 quod
880 1103 1009 1143 initio
1039 1103 1139 1143 fieri
1165 1115 1258 1143 non
1289 1103 1457 1143 debere
1488 1104 1726 1156 duximus3
1759 1117 1880 1156 quae

234 1175 394 1215 omnia
416 1175 463 1214 in
491 1175 718 1215 maiorem
748 1176 821 1215 sui
849 1175 1049 1215 nominis
1075 1175 1276 1225 gloriam
1303 1181 1347 1214 et
1373 1175 1598 1215 honorem
1626 1182 1780 1216 vertat
1808 1188 1878 1216 sa-

236 1246 558 1297 pientissimus
579 1246 722 1286 Deus.

316 1317 651 1368 Algarbiorum
672 1317 933 1369 Episcopus
954 1318 1043 1357 hoc
1063 1318 1301 1369 praesenti
1322 1323 1531 1368 tempore
1549 1329 1834 1369 magnopere
1852 1330 1877 1357 a

240 1387 375 1427 nobis
395 1387 685 1439 efflagitavit,
709 1395 758 1428 ut
791 1389 934 1440 aliqui
963 1400 1021 1428 ex
1051 1388 1224 1428 nostris
1255 1388 1297 1427 ei
1324 1388 1384 1428 ad
1412 1388 1671 1439 Collegium
1699 1389 1878 1439 erigen-

235 1458 348 1498 dum
369 1459 720 1510 praeberentur,
746 1460 877 1499 cuius
898 1465 995 1499 tam
1015 1466 1180 1499 sancto
1211 1458 1442 1499 desiderio
1464 1459 1783 1499 satisfaciendi
1806 1471 1879 1499 ca-

236 1536 398 1581 ptatur
421 1531 622 1570 occasio.

317 1601 590 1642 Portuensis
611 1602 771 1642 itidem
792 1602 961 1643 civitas
982 1603 1057 1642 vel
1078 1602 1136 1642 ad
1166 1602 1426 1653 Collegium
1456 1603 1531 1642 vel
1558 1602 1878 1654 professorum

232 1661 426 1713 domum
448 1674 823 1714 constituendam
845 1674 1026 1725 aliquos
1048 1675 1267 1726 postulat.

316 1743 426 1784 Dux
447 1744 589 1784 etiam
611 1744 895 1795 Bargantiae
918 1756 1024 1784 cum
1051 1745 1180 1796 prius
1209 1744 1511 1785 vehementer
1541 1744 1876 1794 contendisset,

235 1821 287 1855 ut
308 1816 384 1855 vel
405 1815 522 1855 duos
541 1817 708 1855 saltem
728 1828 787 1856 ex
808 1815 1054 1865 Societate,
1076 1816 1155 1867 qui
1172 1816 1273 1866 sibi,
1293 1816 1452 1856 curiae
1467 1828 1522 1856 ac
1542 1816 1747 1856 familiae
1765 1828 1877 1856 suae

235 1885 469 1937 adessent,
501 1887 745 1936 obtineret,
777 1899 901 1927 nunc
927 1893 972 1926 et
997 1887 1245 1927 nonnullos
1274 1887 1415 1927 etiam
1442 1893 1491 1926 ut
1519 1887 1769 1937 collegium
1800 1886 1880 1928 So-

234 1957 420 1997 cietatis
455 1957 694 1998 aedificari
726 1958 888 2009 possit,
920 1958 1088 1998 obnixe
1123 1958 1253 2009 petit,
1287 1958 1376 2008 cui,
1413 1964 1511 1998 tum
1539 1959 1663 2010 quod
1693 1970 1719 1997 a
1750 1957 1880 2009 Rege

235 2028 469 2068 secundus
490 2029 537 2068 in
557 2029 801 2069 Lusitania
822 2029 897 2078 sit,
922 2035 1019 2069 tum
1041 2029 1183 2069 etiam
1204 2029 1327 2080 quod
1349 2035 1480 2069 tanta
1502 2030 1677 2069 virtute
1700 2029 1879 2080 praedi-

237 2105 326 2150 tus,
350 2100 554 2140 maxime
575 2100 848 2140 satisfacere
870 2112 1112 2140 conamur.

315 2170 431 2210 Erat
451 2170 498 2210 in
520 2170 750 2211 Almeirin
772 2171 943 2222 oppido
962 2171 1129 2211 domus
1147 2172 1379 2223 quaedam
1396 2171 1611 2211 Patribus
1630 2171 1699 2220 iis,
1721 2171 1798 2222 qui
1819 2183 1874 2211 eo

238 2241 376 2281 simul
397 2253 502 2281 cum
526 2242 656 2282 curia
678 2243 1036 2293 conveniebant,
1061 2243 1323 2292 aedificata;
1347 2243 1546 2283 cuicum
1563 2235 1794 2293 quaedam
1812 2243 1881 2282 in-

238 2312 381 2352 fantis
400 2312 594 2363 Mariae,
618 2313 797 2353 sororis
816 2313 975 2364 Regis,
1000 2313 1165 2353 domus
1182 2313 1405 2364 contigua
1424 2319 1562 2363 esset,
1582 2324 1686 2352 eam
1702 2313 1780 2352 illa
1799 2324 1880 2352 no-

237 2390 365 2423 strae
386 2383 598 2423 adiunxit
618 2390 663 2424 et
683 2384 888 2435 tradidit,
912 2392 961 2424 ut
982 2385 1120 2424 latior
1142 2390 1304 2424 nostra
1325 2383 1455 2424 fieret
1480 2391 1619 2435 atque
1640 2384 1877 2435 capacior.

236 2454 483 2505 Templum
516 2461 760 2505 praeterea
786 2455 1174 2506 pulcherrimum,
1207 2454 1329 2507 quod
1359 2455 1405 2494 in
1433 2453 1682 2494 Santarem
1710 2453 1879 2506 oppido

237 2524 460 2576 possidet,
484 2525 617 2564 nobis
644 2525 821 2565 obtulit.
851 2526 1009 2566 Infans
1038 2533 1285 2578 praeterea
1312 2524 1499 2566 Card.lis
1528 2525 1728 2575 Eborae,
1761 2536 1880 2576 quae

237 2596 309 2635 sui
330 2595 763 2648 archiepiscopatus
784 2597 1057 2648 metropolis
1079 2603 1163 2648 est,
1190 2596 1451 2647 Collegium
1472 2596 1748 2635 decreverat
1774 2607 1880 2636 con-

236 2666 362 2716 dere,
386 2667 572 2718 iamque
594 2667 693 2707 eius
715 2667 941 2718 aedificia,
967 2668 1142 2719 optima
1173 2668 1381 2719 quidem,
1408 2678 1553 2718 prope
1585 2673 1719 2706 erant
1748 2667 1879 2706 abso—

234 2738 346 2777 luta:
372 2749 478 2777 cum
498 2749 612 2777 vero
630 2749 789 2778 mense
809 2738 1013 2790 Augusti
1034 2739 1267 2790 superiori
1286 2738 1335 2778 P.
1360 2738 1541 2778 Natalis
1569 2749 1623 2778 eo
1651 2738 1876 2787 venisset,

236 2821 326 2861 quo
354 2809 570 2851 omnibus
596 2809 643 2848 in
670 2803 813 2849 rebus*
830 2809 948 2850 duce
974 2810 1047 2850 usi
1076 2822 1252 2860 sumus,
1281 2821 1366 2861 pro
1388 2821 1503 2849 vero
1524 2809 1712 2860 spiritu,
1737 2821 1875 2860 quem

235 2881 301 2920 illi
321 2881 551 2921 Dominus
574 2880 678 2931 Opt.
702 2880 828 2920 Max.
852 2880 1038 2930 infudit,
1070 2880 1256 2921 Card.lis
1272 2880 1533 2930 Collegium
1559 2880 1692 2920 nobis
1720 2880 1874 2920 simul-

233 2963 324 3003 que
346 2952 468 2992 mille
495 2963 746 2992 aureorum
774 2951 984 2992 redditus
1012 2952 1242 3003 praebuit.
1275 2951 1496 2991 Divisum
1526 2962 1640 2991 vero
1672 2950 1879 3002 Gymna-

234 3022 355 3063 sium
391 3030 459 3063 est
488 3023 535 3062 in
566 3030 662 3062 tres
696 3022 1030 3072 grammatices
1059 3024 1249 3072 classes,
1287 3033 1429 3061 unam
1457 3033 1571 3061 vero
1603 3021 1877 3072 rhetorices,
