2168 3437
366 273 438 309 454
880 271 1106 308 LITTERAE
1134 282 1493 314 QUADRIMESTRES

366 369 415 409 P.
444 370 732 420 Hieronymo
766 367 922 408 Natali
960 359 1296 409 convenerunt*⁸
1332 370 1381 410 P.
1413 382 1615 422 namque
1649 371 1821 412 Torres
1854 373 2003 424 primo

367 440 585 491 Augusti,
610 439 660 479 Ρ.
684 451 798 479 vero
819 439 1103 479 Franciscus
1125 440 1285 480 ultimo
1308 441 1437 481 affuit
1458 442 1552 490 die,
1577 442 1656 493 qui
1677 454 1839 482 omnes
1859 444 2002 483 maxi-

367 523 493 551 mum
514 510 622 550 huic
642 522 800 550 rerum
826 510 1119 550 innovationi
1148 511 1373 551 auxilium
1399 513 1678 564 praebuere,
1709 514 2002 565 praesertim-

368 594 455 633 que
489 582 538 622 Ρ.
576 581 881 632 FrancichS,
911 582 989 633 qui
1020 590 1195 632 quanta
1221 595 1314 622 non
1341 584 1492 623 solum
1525 583 1644 635 Regi
1669 596 1835 624 verum
1863 585 2004 625 etiam

366 653 558 703 plebeiis
581 652 937 693 admirationem
959 653 1181 704 attulerit,
1202 660 1519 706 quantumque
1535 655 2005 696 misericordissimus

366 725 493 764 Deus
511 724 610 764 eius
632 724 837 764 adventu
858 723 1145 764 Societatem
1165 724 1438 765 Lusitaniae
1460 727 1593 777 quasi
1608 727 1780 767 lumine
1801 727 2004 778 quodam

366 795 689 843 illustraverit,
712 795 870 834 verbis
897 795 1126 846 explicari
1153 795 1343 835 minime
1368 802 1520 847 queat.
1553 796 1757 837 Contulit
1785 797 1826 837 ei
1852 797 2003 849 profe-

364 872 438 906 cto
460 866 590 906 Deus
604 866 772 906 miram
788 866 1063 906 humilitatis
1080 866 1316 917 virtutem,
1337 867 1384 906 in
1400 867 1719 918 spiritualibus
1737 868 2004 908 collocutio-

364 937 500 977 nibus
538 936 824 977 affluentiam
845 937 1100 977 maximam
1132 943 1177 976 et
1211 938 1449 988 peculiare
1479 938 1715 990 quoddam
1741 938 1931 989 donum,
1956 945 2005 978 ut

365 1009 561 1048 multum
583 1020 744 1048 omnes
766 1007 1001 1058 aedificet,
1022 1014 1162 1059 atque
1179 1008 1226 1047 in
1242 1008 1417 1049 virtute
1436 1020 1521 1049 suo
1538 1009 1836 1049 sanctissimo
1853 1021 2005 1049 exem-

365 1080 440 1129 plo
462 1079 751 1119 corroboret.
774 1079 939 1118 Invisit
966 1078 1165 1129 Regem,
1191 1079 1268 1130 qui
1297 1086 1479 1120 tantum
1500 1080 1542 1120 ei
1568 1080 1794 1120 honorem
1821 1080 1997 1130 habuit,

364 1157 414 1190 ut
434 1161 529 1190 non
543 1161 710 1201 parum
732 1150 865 1189 multi
888 1149 1108 1189 admirati
1128 1149 1320 1201 fuerint,
1351 1149 1477 1202 quod
1497 1151 1795 1191 sanctissimo
1825 1152 1929 1191 viro
1961 1157 2005 1191 et

364 1221 700 1271 gravissimum
721 1226 765 1260 et
793 1221 1084 1260 intolerabile
1113 1226 1228 1260 erat.
1254 1219 1492 1262 Satisfecit
1519 1227 1764 1273 tantopere
1789 1223 1912 1273 regi,
1936 1234 2002 1262 re-

364 1293 504 1342 ginae
526 1304 581 1331 ac
603 1292 889 1343 principibus
907 1298 950 1331 et
972 1292 1017 1331 in
1039 1297 1220 1331 tantam
1236 1304 1317 1332 eos
1338 1293 1594 1333 commovit
1615 1293 1805 1345 spiritus
1827 1293 2005 1333 inflam-

364 1363 634 1411 mationem,
659 1369 708 1403 ut
731 1369 897 1414 postea
918 1374 977 1402 ex
998 1363 1250 1413 nonnullis,
1284 1375 1401 1414 quas
1428 1363 1611 1413 habuit,
1640 1364 1838 1415 privatis
1866 1364 2000 1404 collo-

366 1434 630 1474 cutionibus
650 1434 883 1474 maximus
900 1434 945 1473 in
963 1434 1096 1485 regia
1118 1435 1224 1474 aula
1245 1434 1425 1474 fructus
1440 1435 1579 1475 fuerit
1600 1436 1892 1475 subsecutus.
1918 1434 2001 1475 Re-

365 1506 477 1556 gina
511 1517 729 1557 namque,
766 1505 990 1556 principis
1025 1517 1145 1545 uxor
1180 1517 1235 1545 ac
1268 1505 1471 1545 infantes
1501 1518 1586 1546 sua
1616 1512 1811 1557 peccata
1847 1505 2003 1546 fassae

354 1583 488 1634 sunt.
510 1576 620 1616 Illae
637 1588 766 1624 vero,
786 1588 905 1627 quae
920 1576 1133 1627 reginam
1146 1577 1442 1627 comitantur,
1461 1577 1690 1617 foeminae
1706 1583 1755 1617 ut
1772 1578 1858 1617 sibi
1876 1577 2002 1618 Chri-

366 1647 425 1686 sti
456 1647 671 1687 doctrina
711 1646 873 1687 diebus
907 1647 1103 1698 singulis
1138 1648 1488 1699 praelegeretur
1522 1649 1839 1699 postularunt3
1880 1649 2003 1700 quod

367 1724 609 1769 praestare
631 1718 783 1769 coepit
810 1717 860 1757 P.
883 1718 1188 1769 Franciscus;
1217 1730 1341 1758 nunc
1372 1719 1494 1758 idem
1521 1731 1547 1758 a
1570 1719 1749 1759 duobus
1770 1719 2001 1769 Patribus,

367 1798 466 1829 tum
496 1790 543 1829 in
570 1789 783 1840 reginae,
815 1795 911 1829 tum
941 1789 988 1828 in
1014 1789 1239 1840 principis
1270 1790 1407 1829 domo
1429 1789 1500 1840 fit3
1524 1791 1758 1830 nonnullis
1780 1790 2004 1830 exercitia

366 1861 628 1912 spiritualia
646 1861 906 1908 traduntur;
922 1866 1219 1900 sacramenta
1235 1873 1348 1901 vero
1367 1862 1531 1901 crebro
1550 1861 1860 1912 frequentant.
1886 1861 2004 1902 Cum

367 1938 524 1972 autem
558 1932 701 1972 semel
735 1930 784 1970 P.
820 1931 1103 1971 Franciscus
1139 1931 1389 1982 quamdam
1424 1944 1483 1972 ex
1524 1933 1756 1973 nobilibus
1789 1933 2004 1973 foeminis

366 2003 474 2042 ludo
505 2003 777 2042 chartarum
804 2003 1010 2042 animum
1040 2010 1334 2042 recreantem
1364 2003 1654 2054 offendisset,
1679 2015 1728 2044 se
1760 2004 1807 2043 in
1828 2004 2003 2044 eisdem

366 2074 544 2114 chartis
583 2074 805 2113 vitiorum
841 2073 1159 2125 virtutumque
1188 2075 1347 2114 ludum
1376 2074 1699 2115 confecturum
1733 2086 1835 2114 esse
1870 2061 2002 2124 dixit,

365 2145 490 2196 quod
516 2146 643 2184 nullo
670 2145 859 2195 negotio
890 2144 1014 2184 fecit.
1044 2145 1095 2185 In
1122 2146 1319 2196 singulis
1349 2146 1504 2197 itaque
1537 2146 1714 2186 chartis
1736 2147 1811 2185 vel
1838 2146 2004 2186 vitium

364 2215 552 2268 scripsit
582 2217 658 2256 vel
684 2216 925 2267 virtutem,
960 2216 1189 2268 simulque
1218 2217 1419 2257 virtutes
1448 2217 1512 2256 ita
1540 2218 1589 2257 vi
1616 2217 1827 2257 distinxit
1854 2223 1898 2257 et
1924 2229 2003 2257 nu-

365 2299 509 2338 mero,
543 2294 592 2327 ut
619 2287 738 2327 aliae
767 2288 870 2327 aliis
901 2287 1167 2338 superiores
1195 2294 1370 2339 essent,
1400 2288 1608 2340 vitiaque
1642 2288 1753 2328 item
1779 2288 1870 2328 alia
1900 2288 2005 2328 aliis

364 2358 728 2398 detestabiliora.
754 2358 841 2398 Cui
863 2370 975 2398 vero
1004 2358 1230 2398 abiectius
1262 2359 1506 2409 obtigisset
1534 2360 1720 2410 vitium,
1750 2371 1854 2399 eam
1875 2371 2003 2399 exer-

365 2430 499 2469 cebat
520 2429 942 2479 mortificationem,
963 2441 1081 2480 quae
1102 2429 1369 2470 huiusmodi
1390 2430 1505 2470 vitio
1528 2430 1573 2470 in
1591 2431 1754 2470 charta
1773 2431 2004 2470 destinata

364 2506 480 2540 erat.
504 2500 582 2540 Bis
605 2500 651 2540 in
673 2500 787 2540 aede
810 2512 948 2540 sacra
970 2500 1190 2551 Collegii,
1215 2502 1357 2541 semel
1388 2501 1511 2553 apud
1532 2501 1628 2541 divi
1650 2501 1818 2551 Rochi,
1843 2512 2003 2541 coram

365 2571 493 2622 Rege
515 2571 579 2621 (ut
601 2571 815 2622 superius
837 2571 1055 2621 diximus)
1085 2572 1392 2612 concionatus
1420 2578 1510 2622 est;
1540 2572 1586 2611 in
1608 2573 1716 2612 aula
1736 2584 1850 2612 vero
1872 2573 2004 2622 regia

364 2642 489 2693 apud
515 2643 748 2693 reginam,
773 2642 1033 2701 principem
1061 2654 1116 2681 ac
1148 2642 1349 2682 infantes
1385 2643 1610 2694 plurimas
1640 2643 1801 2682 habuit
1822 2643 2003 2683 concio-

364 2725 461 2752 nes.
486 2713 694 2753 Invisere
716 2725 821 2753 eum
843 2725 937 2753 non
956 2714 1106 2753 solum
1134 2725 1377 2764 proceres,
1402 2725 1567 2753 verum
1596 2714 1737 2754 etiam
1764 2715 2004 2765 praesules

368 2795 543 2834 omnes,
569 2784 765 2835 quitum
786 2784 1099 2824 versabantur
1130 2784 1176 2823 in
1204 2785 1349 2824 curia.
1383 2784 1680 2825 Domesticos
1706 2796 1821 2824 vero
1850 2784 2001 2824 aedifi-

366 2855 493 2894 cavit
515 2856 717 2895 maxime
739 2855 1066 2906 omnibusque,
1092 2867 1198 2895 cum
1219 2867 1303 2895 suo
1324 2856 1621 2895 sanctissimo
1643 2856 1872 2907 exemplo,
1905 2862 2002 2896 tum

365 2926 509 2965 etiam
541 2927 661 2966 vivis
683 2927 962 2978 quibusdam
990 2927 1377 2967 collocutionibus
1399 2927 1458 2967 ad
1487 2927 1709 2967 virtutem
1737 2927 2003 2967 vehementi

367 2998 452 3038 fuit
474 2997 795 3049 incitament03
818 2997 941 3049 quod
962 2998 1083 3037 idem
1105 2997 1431 3038 Conimbricae
1451 2997 1587 3049 fecit,
1611 2998 1672 3038 ibi
1693 2998 1834 3038 etiam
1857 2998 1903 3038 in
1925 3010 2001 3038 no-

367 3076 465 3108 stro
487 3069 658 3120 templo
680 3070 822 3109 semel
854 3075 924 3109 est
953 3069 1272 3109 concionatus.
1307 3068 1588 3109 Benedictus
1619 3069 1677 3109 sit
1708 3069 2004 3120 omnipotens
