<?xml version="1.0" encoding="UTF-8"?>
<!DOCTYPE html PUBLIC "-//W3C//DTD XHTML 1.0 Transitional//EN"
    "http://www.w3.org/TR/xhtml1/DTD/xhtml1-transitional.dtd">
<html xmlns="http://www.w3.org/1999/xhtml" xml:lang="en" lang="en">
 <head>
  <title>
</title>
<meta http-equiv="Content-Type" content="text/html;charset=utf-8" />
  <meta name='ocr-system' content='tesseract 3.04.00' />
  <meta name='ocr-capabilities' content='ocr_page ocr_carea ocr_par ocr_line ocrx_word'/>
</head>
<body>
  <div class='ocr_page' id='page_1' title='image "./litteraequadrime1402lain_0278.png"; bbox 0 0 2168 3437; ppageno 0'>
   <div class='ocr_carea' id='block_1_1' title="bbox 2117 38 2145 64">
    <p class='ocr_par' dir='ltr' id='par_1_1' title="bbox 2117 38 2145 64">
     <span class='ocr_line' id='line_1_1' title="bbox 2117 38 2124 46; baseline 0 0"><span class='ocrx_word' id='word_1_1' title='bbox 2117 38 2124 46; x_wconf 87' lang='lat'>.</span> 
     </span>
     <span class='ocr_line' id='line_1_2' title="bbox 2136 52 2145 64; baseline 0 0"><span class='ocrx_word' id='word_1_2' title='bbox 2136 52 2145 64; x_wconf 62' lang='lat' dir='ltr'><strong>s</strong></span> 
     </span>
    </p>
   </div>
   <div class='ocr_carea' id='block_1_2' title="bbox 370 259 1497 302">
    <p class='ocr_par' dir='ltr' id='par_1_2' title="bbox 370 259 1497 302">
     <span class='ocr_line' id='line_1_3' title="bbox 370 259 1497 302; baseline 0.001 -7"><span class='ocrx_word' id='word_1_3' title='bbox 370 259 440 295; x_wconf 67' lang='lat'>274</span> <span class='ocrx_word' id='word_1_4' title='bbox 881 259 1108 296; x_wconf 74' lang='lat' dir='ltr'>LITTERAE</span> <span class='ocrx_word' id='word_1_5' title='bbox 1136 270 1497 302; x_wconf 78' lang='lat' dir='ltr'><strong>QUADRIMESTRES</strong></span> 
     </span>
    </p>
   </div>
   <div class='ocr_carea' id='block_1_3' title="bbox 342 354 2013 3110">
    <p class='ocr_par' dir='ltr' id='par_1_3' title="bbox 342 354 2013 3110">
     <span class='ocr_line' id='line_1_4' title="bbox 369 354 2013 407; baseline 0.002 -13"><span class='ocrx_word' id='word_1_6' title='bbox 369 367 424 395; x_wconf 82' lang='lat' dir='ltr'>ac</span> <span class='ocrx_word' id='word_1_7' title='bbox 446 356 654 405; x_wconf 84' lang='lat' dir='ltr'>domum,</span> <span class='ocrx_word' id='word_1_8' title='bbox 680 366 735 394; x_wconf 87' lang='lat' dir='ltr'>ac</span> <span class='ocrx_word' id='word_1_9' title='bbox 756 355 931 404; x_wconf 88' lang='lat' dir='ltr'>petenti</span> <span class='ocrx_word' id='word_1_10' title='bbox 956 354 1189 395; x_wconf 90' lang='lat' dir='ltr'>rationem</span> <span class='ocrx_word' id='word_1_11' title='bbox 1219 355 1532 395; x_wconf 73' lang='lat' dir='ltr'>instituendae</span> <span class='ocrx_word' id='word_1_12' title='bbox 1561 355 1837 407; x_wconf 87' lang='lat' dir='ltr'>iuventutis,</span> <span class='ocrx_word' id='word_1_13' title='bbox 1868 358 2013 398; x_wconf 81' lang='lat' dir='ltr'>tradi-</span> 
     </span>
     <span class='ocr_line' id='line_1_5' title="bbox 367 424 2009 480; baseline 0.002 -15"><span class='ocrx_word' id='word_1_14' title='bbox 367 433 441 466; x_wconf 86' lang='lat' dir='ltr'>tae</span> <span class='ocrx_word' id='word_1_15' title='bbox 463 432 570 465; x_wconf 89' lang='lat' dir='ltr'>sunt</span> <span class='ocrx_word' id='word_1_16' title='bbox 592 426 785 476; x_wconf 80' lang='lat' dir='ltr'>regulae</span> <span class='ocrx_word' id='word_1_17' title='bbox 806 424 1218 475; x_wconf 89' lang='lat' dir='ltr'>scholasticorum,</span> <span class='ocrx_word' id='word_1_18' title='bbox 1242 437 1360 477; x_wconf 90' lang='lat' dir='ltr'>quas</span> <span class='ocrx_word' id='word_1_19' title='bbox 1381 426 1602 477; x_wconf 74' lang='lat' dir='ltr'><strong>perlegit,</strong></span> <span class='ocrx_word' id='word_1_20' title='bbox 1625 438 1681 467; x_wconf 89' lang='lat' dir='ltr'>ac</span> <span class='ocrx_word' id='word_1_21' title='bbox 1713 439 2009 480; x_wconf 76' lang='lat' dir='ltr'>summopere</span> 
     </span>
     <span class='ocr_line' id='line_1_6' title="bbox 365 496 2006 551; baseline 0.002 -15"><span class='ocrx_word' id='word_1_22' title='bbox 365 508 515 541; x_wconf 85' lang='lat' dir='ltr'>nrum.</span> <span class='ocrx_word' id='word_1_23' title='bbox 541 508 719 536; x_wconf 87' lang='lat' dir='ltr'>morem</span> <span class='ocrx_word' id='word_1_24' title='bbox 740 502 784 536; x_wconf 92' lang='lat' dir='ltr'>et</span> <span class='ocrx_word' id='word_1_25' title='bbox 805 496 1070 536; x_wconf 89' lang='lat' dir='ltr'>institutum</span> <span class='ocrx_word' id='word_1_26' title='bbox 1092 496 1462 547; x_wconf 84' lang='lat' dir='ltr'>commendavit,</span> <span class='ocrx_word' id='word_1_27' title='bbox 1487 509 1542 537; x_wconf 88' lang='lat' dir='ltr'>ac</span> <span class='ocrx_word' id='word_1_28' title='bbox 1564 498 1779 538; x_wconf 86' lang='lat' dir='ltr'>omnibus</span> <span class='ocrx_word' id='word_1_29' title='bbox 1808 499 2006 551; x_wconf 90' lang='lat' dir='ltr'>denique</span> 
     </span>
     <span class='ocr_line' id='line_1_7' title="bbox 365 566 2011 624; baseline 0.001 -16"><span class='ocrx_word' id='word_1_30' title='bbox 365 568 503 608; x_wconf 87' lang='lat' dir='ltr'>rebus</span> <span class='ocrx_word' id='word_1_31' title='bbox 531 566 670 607; x_wconf 86' lang='lat' dir='ltr'>valde</span> <span class='ocrx_word' id='word_1_32' title='bbox 698 573 962 607; x_wconf 90' lang='lat' dir='ltr'>commotus</span> <span class='ocrx_word' id='word_1_33' title='bbox 992 579 1094 607; x_wconf 92' lang='lat' dir='ltr'>sese</span> <span class='ocrx_word' id='word_1_34' title='bbox 1125 573 1273 607; x_wconf 89' lang='lat' dir='ltr'>totum</span> <span class='ocrx_word' id='word_1_35' title='bbox 1309 567 1475 624; x_wconf 81' lang='lat' dir='ltr'>obtulit</span> <span class='ocrx_word' id='word_1_36' title='bbox 1503 567 1748 619; x_wconf 83' lang='lat' dir='ltr'>Societati,</span> <span class='ocrx_word' id='word_1_37' title='bbox 1781 570 2011 620; x_wconf 83' lang='lat' dir='ltr'>pollicens-</span> 
     </span>
     <span class='ocr_line' id='line_1_8' title="bbox 364 637 2005 698; baseline 0.002 -20"><span class='ocrx_word' id='word_1_38' title='bbox 364 650 500 698; x_wconf 82' lang='lat' dir='ltr'>suum</span> <span class='ocrx_word' id='word_1_39' title='bbox 531 637 734 678; x_wconf 89' lang='lat' dir='ltr'>studium</span> <span class='ocrx_word' id='word_1_40' title='bbox 765 644 1032 689; x_wconf 18' lang='lat' dir='ltr'>etvoperam</span> <span class='ocrx_word' id='word_1_41' title='bbox 1066 649 1299 689; x_wconf 75' lang='lat' dir='ltr'><strong>nusquam</strong></span> <span class='ocrx_word' id='word_1_42' title='bbox 1334 639 1468 678; x_wconf 89' lang='lat' dir='ltr'>nobis</span> <span class='ocrx_word' id='word_1_43' title='bbox 1494 638 1773 680; x_wconf 86' lang='lat' dir='ltr'>defuturam.</span> <span class='ocrx_word' id='word_1_44' title='bbox 1806 639 1882 681; x_wconf 86' lang='lat' dir='ltr'>Ad</span> <span class='ocrx_word' id='word_1_45' title='bbox 1916 641 2005 681; x_wconf 89' lang='lat' dir='ltr'>hoc</span> 
     </span>
     <span class='ocr_line' id='line_1_9' title="bbox 363 709 2005 761; baseline 0.001 -10"><span class='ocrx_word' id='word_1_46' title='bbox 363 710 481 751; x_wconf 89' lang='lat' dir='ltr'>civis</span> <span class='ocrx_word' id='word_1_47' title='bbox 512 709 723 761; x_wconf 90' lang='lat' dir='ltr'>quidam,</span> <span class='ocrx_word' id='word_1_48' title='bbox 761 709 901 749; x_wconf 87' lang='lat' dir='ltr'>homo</span> <span class='ocrx_word' id='word_1_49' title='bbox 935 710 1195 749; x_wconf 87' lang='lat' dir='ltr'>honoratus</span> <span class='ocrx_word' id='word_1_50' title='bbox 1229 721 1284 750; x_wconf 92' lang='lat' dir='ltr'>ac</span> <span class='ocrx_word' id='word_1_51' title='bbox 1312 709 1608 761; x_wconf 87' lang='lat' dir='ltr'>Iurisperitus</span> <span class='ocrx_word' id='word_1_52' title='bbox 1637 718 1680 750; x_wconf 91' lang='lat' dir='ltr'>et</span> <span class='ocrx_word' id='word_1_53' title='bbox 1711 711 1841 751; x_wconf 90' lang='lat' dir='ltr'>senio</span> <span class='ocrx_word' id='word_1_54' title='bbox 1870 724 2005 752; x_wconf 88' lang='lat' dir='ltr'>vene-</span> 
     </span>
     <span class='ocr_line' id='line_1_10' title="bbox 362 773 2003 834; baseline 0.001 -12"><span class='ocrx_word' id='word_1_55' title='bbox 362 782 559 832; x_wconf 87' lang='lat' dir='ltr'>randus,</span> <span class='ocrx_word' id='word_1_56' title='bbox 584 792 724 832; x_wconf 86' lang='lat' dir='ltr'>quum</span> <span class='ocrx_word' id='word_1_57' title='bbox 753 773 956 832; x_wconf 90' lang='lat' dir='ltr'>quodam</span> <span class='ocrx_word' id='word_1_58' title='bbox 984 781 1057 820; x_wconf 90' lang='lat' dir='ltr'>die</span> <span class='ocrx_word' id='word_1_59' title='bbox 1087 781 1268 820; x_wconf 88' lang='lat' dir='ltr'>audiret</span> <span class='ocrx_word' id='word_1_60' title='bbox 1298 781 1573 820; x_wconf 78' lang='lat' dir='ltr'>concionem</span> <span class='ocrx_word' id='word_1_61' title='bbox 1604 781 1651 820; x_wconf 90' lang='lat' dir='ltr'>in</span> <span class='ocrx_word' id='word_1_62' title='bbox 1681 794 1779 821; x_wconf 89' lang='lat' dir='ltr'>nro.</span> <span class='ocrx_word' id='word_1_63' title='bbox 1813 784 2003 834; x_wconf 79' lang='lat' dir='ltr'>templo,</span> 
     </span>
     <span class='ocr_line' id='line_1_11' title="bbox 361 851 2006 902; baseline 0.001 -10"><span class='ocrx_word' id='word_1_64' title='bbox 361 852 520 893; x_wconf 87' lang='lat' dir='ltr'>divino</span> <span class='ocrx_word' id='word_1_65' title='bbox 542 851 730 891; x_wconf 90' lang='lat' dir='ltr'>numine</span> <span class='ocrx_word' id='word_1_66' title='bbox 752 851 869 891; x_wconf 91' lang='lat' dir='ltr'>adeo</span> <span class='ocrx_word' id='word_1_67' title='bbox 890 851 1110 891; x_wconf 87' lang='lat' dir='ltr'>incensus</span> <span class='ocrx_word' id='word_1_68' title='bbox 1140 851 1225 891; x_wconf 87' lang='lat' dir='ltr'>fuit</span> <span class='ocrx_word' id='word_1_69' title='bbox 1255 851 1313 891; x_wconf 89' lang='lat' dir='ltr'>ad</span> <span class='ocrx_word' id='word_1_70' title='bbox 1343 851 1620 902; x_wconf 78' lang='lat' dir='ltr'>religionem</span> <span class='ocrx_word' id='word_1_71' title='bbox 1649 852 1907 893; x_wconf 77' lang='lat' dir='ltr'>chi-ianam.</span> <span class='ocrx_word' id='word_1_72' title='bbox 1923 884 1932 899; x_wconf 85' lang='lat'>,</span> <span class='ocrx_word' id='word_1_73' title='bbox 1955 861 2006 894; x_wconf 93' lang='lat' dir='ltr'>ut</span> 
     </span>
     <span class='ocr_line' id='line_1_12' title="bbox 361 922 2005 975; baseline 0.001 -12"><span class='ocrx_word' id='word_1_74' title='bbox 361 923 524 964; x_wconf 87' lang='lat' dir='ltr'>codem</span> <span class='ocrx_word' id='word_1_75' title='bbox 545 922 617 963; x_wconf 90' lang='lat' dir='ltr'>die</span> <span class='ocrx_word' id='word_1_76' title='bbox 638 934 861 962; x_wconf 88' lang='lat' dir='ltr'>reversus</span> <span class='ocrx_word' id='word_1_77' title='bbox 891 930 939 962; x_wconf 90' lang='lat' dir='ltr'>ut</span> <span class='ocrx_word' id='word_1_78' title='bbox 971 934 1117 974; x_wconf 88' lang='lat' dir='ltr'>prem.</span> <span class='ocrx_word' id='word_1_79' title='bbox 1153 923 1490 974; x_wconf 78' lang='lat' dir='ltr'>alloqueretur,</span> <span class='ocrx_word' id='word_1_80' title='bbox 1522 934 1575 962; x_wconf 88' lang='lat' dir='ltr'>eo</span> <span class='ocrx_word' id='word_1_81' title='bbox 1604 935 1697 963; x_wconf 89' lang='lat' dir='ltr'>non</span> <span class='ocrx_word' id='word_1_82' title='bbox 1726 930 1934 975; x_wconf 89' lang='lat' dir='ltr'>reperto,</span> <span class='ocrx_word' id='word_1_83' title='bbox 1958 925 2005 965; x_wconf 91' lang='lat' dir='ltr'>in</span> 
     </span>
     <span class='ocr_line' id='line_1_13' title="bbox 359 982 2005 1044; baseline 0.001 -9"><span class='ocrx_word' id='word_1_84' title='bbox 359 995 497 1035; x_wconf 86' lang='lat' dir='ltr'>dubio</span> <span class='ocrx_word' id='word_1_85' title='bbox 530 1001 672 1034; x_wconf 89' lang='lat' dir='ltr'>esset:</span> <span class='ocrx_word' id='word_1_86' title='bbox 697 1005 807 1034; x_wconf 90' lang='lat' dir='ltr'>nam</span> <span class='ocrx_word' id='word_1_87' title='bbox 837 993 904 1034; x_wconf 87' lang='lat' dir='ltr'>ita</span> <span class='ocrx_word' id='word_1_88' title='bbox 934 1000 1035 1033; x_wconf 89' lang='lat' dir='ltr'>erat</span> <span class='ocrx_word' id='word_1_89' title='bbox 1067 982 1483 1044; x_wconf 55' lang='lat' dir='ltr'>i1iflammatUS,ft1t</span> <span class='ocrx_word' id='word_1_90' title='bbox 1516 994 1595 1034; x_wconf 80' lang='lat' dir='ltr'>vix</span> <span class='ocrx_word' id='word_1_91' title='bbox 1626 995 1814 1035; x_wconf 87' lang='lat' dir='ltr'>modum</span> <span class='ocrx_word' id='word_1_92' title='bbox 1846 1001 2005 1036; x_wconf 85' lang='lat' dir='ltr'>tenere</span> 
     </span>
     <span class='ocr_line' id='line_1_14' title="bbox 358 1064 2003 1117; baseline 0.001 -11"><span class='ocrx_word' id='word_1_93' title='bbox 358 1067 511 1106; x_wconf 89' lang='lat' dir='ltr'>sciret.</span> <span class='ocrx_word' id='word_1_94' title='bbox 547 1065 782 1117; x_wconf 80' lang='lat' dir='ltr'>Quocirca</span> <span class='ocrx_word' id='word_1_95' title='bbox 813 1065 1065 1105; x_wconf 73' lang='lat' dir='ltr'>accersivit</span> <span class='ocrx_word' id='word_1_96' title='bbox 1101 1065 1352 1116; x_wconf 76' lang='lat' dir='ltr'>quemdam</span> <span class='ocrx_word' id='word_1_97' title='bbox 1387 1077 1445 1104; x_wconf 91' lang='lat' dir='ltr'>ex</span> <span class='ocrx_word' id='word_1_98' title='bbox 1476 1064 1663 1115; x_wconf 71' lang='lat' dir='ltr'>fribus,</span> <span class='ocrx_word' id='word_1_99' title='bbox 1703 1078 1758 1106; x_wconf 86' lang='lat' dir='ltr'>ac</span> <span class='ocrx_word' id='word_1_100' title='bbox 1793 1066 1834 1106; x_wconf 86' lang='lat' dir='ltr'>ei</span> <span class='ocrx_word' id='word_1_101' title='bbox 1868 1078 2003 1107; x_wconf 88' lang='lat' dir='ltr'>suam</span> 
     </span>
     <span class='ocr_line' id='line_1_15' title="bbox 358 1136 2002 1188; baseline 0 -10"><span class='ocrx_word' id='word_1_102' title='bbox 358 1143 562 1178; x_wconf 89' lang='lat' dir='ltr'>mentem</span> <span class='ocrx_word' id='word_1_103' title='bbox 596 1136 851 1188; x_wconf 82' lang='lat' dir='ltr'>expressit,</span> <span class='ocrx_word' id='word_1_104' title='bbox 884 1137 973 1176; x_wconf 89' lang='lat' dir='ltr'>hoc</span> <span class='ocrx_word' id='word_1_105' title='bbox 1000 1142 1089 1184; x_wconf 87' lang='lat' dir='ltr'>est,</span> <span class='ocrx_word' id='word_1_106' title='bbox 1127 1147 1385 1187; x_wconf 88' lang='lat' dir='ltr'>percupere</span> <span class='ocrx_word' id='word_1_107' title='bbox 1412 1136 1643 1176; x_wconf 89' lang='lat' dir='ltr'>inservire</span> <span class='ocrx_word' id='word_1_108' title='bbox 1671 1136 1835 1188; x_wconf 87' lang='lat' dir='ltr'>pietati</span> <span class='ocrx_word' id='word_1_109' title='bbox 1866 1150 1921 1178; x_wconf 90' lang='lat' dir='ltr'>ac</span> <span class='ocrx_word' id='word_1_110' title='bbox 1952 1149 2002 1178; x_wconf 91' lang='lat' dir='ltr'>se</span> 
     </span>
     <span class='ocr_line' id='line_1_16' title="bbox 359 1207 2002 1259; baseline -0.001 -9"><span class='ocrx_word' id='word_1_111' title='bbox 359 1216 506 1259; x_wconf 85' lang='lat' dir='ltr'>totum</span> <span class='ocrx_word' id='word_1_112' title='bbox 528 1208 714 1248; x_wconf 77' lang='lat' dir='ltr'>tradere</span> <span class='ocrx_word' id='word_1_113' title='bbox 735 1207 875 1247; x_wconf 85' lang='lat' dir='ltr'>rebus</span> <span class='ocrx_word' id='word_1_114' title='bbox 897 1207 1087 1256; x_wconf 78' lang='lat' dir='ltr'>divinis3</span> <span class='ocrx_word' id='word_1_115' title='bbox 1115 1207 1408 1258; x_wconf 83' lang='lat' dir='ltr'>addebatque</span> <span class='ocrx_word' id='word_1_116' title='bbox 1430 1219 1478 1247; x_wconf 90' lang='lat' dir='ltr'>se</span> <span class='ocrx_word' id='word_1_117' title='bbox 1507 1207 1735 1248; x_wconf 89' lang='lat' dir='ltr'>hactenus</span> <span class='ocrx_word' id='word_1_118' title='bbox 1758 1220 1852 1248; x_wconf 92' lang='lat' dir='ltr'>non</span> <span class='ocrx_word' id='word_1_119' title='bbox 1873 1209 2002 1249; x_wconf 89' lang='lat' dir='ltr'>intel-</span> 
     </span>
     <span class='ocr_line' id='line_1_17' title="bbox 355 1277 2002 1331; baseline -0.001 -10"><span class='ocrx_word' id='word_1_120' title='bbox 355 1281 527 1321; x_wconf 86' lang='lat' dir='ltr'>lexisse</span> <span class='ocrx_word' id='word_1_121' title='bbox 549 1279 658 1331; x_wconf 90' lang='lat' dir='ltr'>quid</span> <span class='ocrx_word' id='word_1_122' title='bbox 678 1286 801 1319; x_wconf 92' lang='lat' dir='ltr'>esset</span> <span class='ocrx_word' id='word_1_123' title='bbox 822 1278 1009 1318; x_wconf 85' lang='lat' dir='ltr'>divinus</span> <span class='ocrx_word' id='word_1_124' title='bbox 1030 1279 1195 1318; x_wconf 91' lang='lat' dir='ltr'>cultus.</span> <span class='ocrx_word' id='word_1_125' title='bbox 1221 1277 1471 1318; x_wconf 86' lang='lat' dir='ltr'>Praeterea</span> <span class='ocrx_word' id='word_1_126' title='bbox 1493 1279 1679 1330; x_wconf 88' lang='lat' dir='ltr'>quidem</span> <span class='ocrx_word' id='word_1_127' title='bbox 1697 1291 1746 1318; x_wconf 93' lang='lat' dir='ltr'>se</span> <span class='ocrx_word' id='word_1_128' title='bbox 1765 1291 1819 1319; x_wconf 90' lang='lat' dir='ltr'>ac</span> <span class='ocrx_word' id='word_1_129' title='bbox 1840 1291 2002 1320; x_wconf 88' lang='lat' dir='ltr'>omnes</span> 
     </span>
     <span class='ocr_line' id='line_1_18' title="bbox 355 1349 2000 1402; baseline -0.001 -10"><span class='ocrx_word' id='word_1_130' title='bbox 355 1353 568 1392; x_wconf 84' lang='lat' dir='ltr'>fortunas</span> <span class='ocrx_word' id='word_1_131' title='bbox 598 1362 708 1390; x_wconf 88' lang='lat' dir='ltr'>suas</span> <span class='ocrx_word' id='word_1_132' title='bbox 737 1349 1029 1390; x_wconf 69' lang='lat' dir='ltr'>obedientiae</span> <span class='ocrx_word' id='word_1_133' title='bbox 1063 1349 1179 1389; x_wconf 86' lang='lat' dir='ltr'>Pris.</span> <span class='ocrx_word' id='word_1_134' title='bbox 1215 1349 1453 1400; x_wconf 86' lang='lat' dir='ltr'>tradebat,</span> <span class='ocrx_word' id='word_1_135' title='bbox 1488 1349 1736 1390; x_wconf 90' lang='lat' dir='ltr'>declarans</span> <span class='ocrx_word' id='word_1_136' title='bbox 1764 1362 1813 1390; x_wconf 91' lang='lat' dir='ltr'>se</span> <span class='ocrx_word' id='word_1_137' title='bbox 1840 1362 2000 1402; x_wconf 91' lang='lat' dir='ltr'>percu-</span> 
     </span>
     <span class='ocr_line' id='line_1_19' title="bbox 356 1420 2001 1474; baseline -0.001 -11"><span class='ocrx_word' id='word_1_138' title='bbox 356 1436 465 1474; x_wconf 88' lang='lat' dir='ltr'>pere</span> <span class='ocrx_word' id='word_1_139' title='bbox 486 1422 585 1462; x_wconf 83' lang='lat' dir='ltr'>fieri</span> <span class='ocrx_word' id='word_1_140' title='bbox 606 1420 788 1461; x_wconf 89' lang='lat' dir='ltr'>fidelem</span> <span class='ocrx_word' id='word_1_141' title='bbox 810 1420 917 1472; x_wconf 88' lang='lat' dir='ltr'>Xpi.</span> <span class='ocrx_word' id='word_1_142' title='bbox 943 1432 1148 1460; x_wconf 56' lang='lat' dir='ltr'>servum⁴</span> <span class='ocrx_word' id='word_1_143' title='bbox 1168 1420 1239 1460; x_wconf 82' lang='lat' dir='ltr'>Ac</span> <span class='ocrx_word' id='word_1_144' title='bbox 1261 1432 1419 1460; x_wconf 90' lang='lat' dir='ltr'>rerum</span> <span class='ocrx_word' id='word_1_145' title='bbox 1437 1428 1562 1460; x_wconf 90' lang='lat' dir='ltr'>certe</span> <span class='ocrx_word' id='word_1_146' title='bbox 1578 1427 1775 1461; x_wconf 84' lang='lat' dir='ltr'>eventus</span> <span class='ocrx_word' id='word_1_147' title='bbox 1792 1422 2001 1462; x_wconf 87' lang='lat' dir='ltr'>declarat</span> 
     </span>
     <span class='ocr_line' id='line_1_20' title="bbox 356 1491 2000 1545; baseline -0.001 -11"><span class='ocrx_word' id='word_1_148' title='bbox 356 1494 559 1534; x_wconf 86' lang='lat' dir='ltr'>hominis</span> <span class='ocrx_word' id='word_1_149' title='bbox 588 1493 806 1532; x_wconf 89' lang='lat' dir='ltr'>studium.</span> <span class='ocrx_word' id='word_1_150' title='bbox 836 1492 1022 1532; x_wconf 86' lang='lat' dir='ltr'>Etenim</span> <span class='ocrx_word' id='word_1_151' title='bbox 1052 1491 1108 1532; x_wconf 91' lang='lat' dir='ltr'>ab</span> <span class='ocrx_word' id='word_1_152' title='bbox 1139 1492 1216 1531; x_wconf 90' lang='lat' dir='ltr'>illo</span> <span class='ocrx_word' id='word_1_153' title='bbox 1246 1497 1456 1543; x_wconf 86' lang='lat' dir='ltr'>tempore</span> <span class='ocrx_word' id='word_1_154' title='bbox 1486 1493 1684 1543; x_wconf 86' lang='lat' dir='ltr'>sumpsit</span> <span class='ocrx_word' id='word_1_155' title='bbox 1718 1493 2000 1545; x_wconf 90' lang='lat' dir='ltr'>principium</span> 
     </span>
     <span class='ocr_line' id='line_1_21' title="bbox 355 1562 2001 1616; baseline 0 -11"><span class='ocrx_word' id='word_1_156' title='bbox 355 1565 552 1616; x_wconf 76' lang='lat' dir='ltr'>singulis</span> <span class='ocrx_word' id='word_1_157' title='bbox 583 1565 746 1604; x_wconf 90' lang='lat' dir='ltr'>diebus</span> <span class='ocrx_word' id='word_1_158' title='bbox 776 1563 1022 1603; x_wconf 88' lang='lat' dir='ltr'>dominicis</span> <span class='ocrx_word' id='word_1_159' title='bbox 1054 1562 1265 1603; x_wconf 88' lang='lat' dir='ltr'>confiteri</span> <span class='ocrx_word' id='word_1_160' title='bbox 1295 1569 1491 1615; x_wconf 90' lang='lat' dir='ltr'>peccata</span> <span class='ocrx_word' id='word_1_161' title='bbox 1518 1575 1617 1603; x_wconf 89' lang='lat' dir='ltr'>nro.</span> <span class='ocrx_word' id='word_1_162' title='bbox 1652 1564 1798 1616; x_wconf 86' lang='lat' dir='ltr'>patri,</span> <span class='ocrx_word' id='word_1_163' title='bbox 1824 1576 1878 1604; x_wconf 89' lang='lat' dir='ltr'>ac</span> <span class='ocrx_word' id='word_1_164' title='bbox 1899 1576 2001 1605; x_wconf 90' lang='lat' dir='ltr'>coe-</span> 
     </span>
     <span class='ocr_line' id='line_1_22' title="bbox 356 1634 1996 1685; baseline -0.002 -8"><span class='ocrx_word' id='word_1_165' title='bbox 356 1649 463 1677; x_wconf 86' lang='lat' dir='ltr'>nam</span> <span class='ocrx_word' id='word_1_166' title='bbox 495 1634 570 1676; x_wconf 72' lang='lat' dir='ltr'>xi</span> <span class='ocrx_word' id='word_1_167' title='bbox 598 1636 691 1676; x_wconf 89' lang='lat' dir='ltr'>dni.</span> <span class='ocrx_word' id='word_1_168' title='bbox 724 1635 862 1675; x_wconf 91' lang='lat' dir='ltr'>edere</span> <span class='ocrx_word' id='word_1_169' title='bbox 890 1646 997 1674; x_wconf 90' lang='lat' dir='ltr'>cum</span> <span class='ocrx_word' id='word_1_170' title='bbox 1027 1645 1200 1685; x_wconf 81' lang='lat' dir='ltr'>magno</span> <span class='ocrx_word' id='word_1_171' title='bbox 1233 1646 1317 1674; x_wconf 89' lang='lat' dir='ltr'>suo</span> <span class='ocrx_word' id='word_1_172' title='bbox 1347 1634 1503 1674; x_wconf 90' lang='lat' dir='ltr'>fructu</span> <span class='ocrx_word' id='word_1_173' title='bbox 1535 1641 1578 1674; x_wconf 92' lang='lat' dir='ltr'>et</span> <span class='ocrx_word' id='word_1_174' title='bbox 1607 1635 1749 1675; x_wconf 90' lang='lat' dir='ltr'>totius</span> <span class='ocrx_word' id='word_1_175' title='bbox 1777 1635 1996 1676; x_wconf 90' lang='lat' dir='ltr'>familiae.</span> 
     </span>
     <span class='ocr_line' id='line_1_23' title="bbox 359 1705 1996 1758; baseline -0.001 -10"><span class='ocrx_word' id='word_1_176' title='bbox 359 1709 488 1749; x_wconf 88' lang='lat' dir='ltr'>Uxor</span> <span class='ocrx_word' id='word_1_177' title='bbox 522 1718 724 1758; x_wconf 86' lang='lat' dir='ltr'>namque</span> <span class='ocrx_word' id='word_1_178' title='bbox 761 1717 1100 1757; x_wconf 89' lang='lat' dir='ltr'>saepenumero</span> <span class='ocrx_word' id='word_1_179' title='bbox 1129 1705 1302 1757; x_wconf 88' lang='lat' dir='ltr'>excipit</span> <span class='ocrx_word' id='word_1_180' title='bbox 1331 1705 1680 1745; x_wconf 89' lang='lat' dir='ltr'>sanctissimum</span> <span class='ocrx_word' id='word_1_181' title='bbox 1709 1705 1782 1746; x_wconf 62' lang='lat' dir='ltr'>Xss</span> <span class='ocrx_word' id='word_1_182' title='bbox 1810 1718 1996 1758; x_wconf 85' lang='lat' dir='ltr'>corpus:</span> 
     </span>
     <span class='ocr_line' id='line_1_24' title="bbox 355 1776 1996 1819; baseline -0.001 0"><span class='ocrx_word' id='word_1_183' title='bbox 355 1779 471 1819; x_wconf 91' lang='lat' dir='ltr'>adeo</span> <span class='ocrx_word' id='word_1_184' title='bbox 495 1779 702 1818; x_wconf 88' lang='lat' dir='ltr'>animum</span> <span class='ocrx_word' id='word_1_185' title='bbox 724 1777 783 1818; x_wconf 89' lang='lat' dir='ltr'>ad</span> <span class='ocrx_word' id='word_1_186' title='bbox 804 1788 880 1817; x_wconf 93' lang='lat' dir='ltr'>res</span> <span class='ocrx_word' id='word_1_187' title='bbox 902 1777 1089 1816; x_wconf 87' lang='lat' dir='ltr'>divinas</span> <span class='ocrx_word' id='word_1_188' title='bbox 1105 1776 1286 1816; x_wconf 86' lang='lat' dir='ltr'>confert</span> <span class='ocrx_word' id='word_1_189' title='bbox 1308 1783 1357 1816; x_wconf 91' lang='lat' dir='ltr'>ut</span> <span class='ocrx_word' id='word_1_190' title='bbox 1379 1777 1526 1816; x_wconf 89' lang='lat' dir='ltr'>oibus.</span> <span class='ocrx_word' id='word_1_191' title='bbox 1557 1777 1615 1816; x_wconf 89' lang='lat' dir='ltr'>sit</span> <span class='ocrx_word' id='word_1_192' title='bbox 1637 1776 1918 1818; x_wconf 86' lang='lat' dir='ltr'>institutioni</span> <span class='ocrx_word' id='word_1_193' title='bbox 1941 1790 1996 1818; x_wconf 87' lang='lat' dir='ltr'>ac</span> 
     </span>
     <span class='ocr_line' id='line_1_25' title="bbox 354 1847 1993 1901; baseline -0.001 -10"><span class='ocrx_word' id='word_1_194' title='bbox 354 1851 485 1891; x_wconf 89' lang='lat' dir='ltr'>nobis</span> <span class='ocrx_word' id='word_1_195' title='bbox 506 1849 769 1901; x_wconf 79' lang='lat' dir='ltr'>suppeditet</span> <span class='ocrx_word' id='word_1_196' title='bbox 792 1859 1014 1899; x_wconf 78' lang='lat' dir='ltr'>magnam</span> <span class='ocrx_word' id='word_1_197' title='bbox 1036 1848 1283 1888; x_wconf 86' lang='lat' dir='ltr'>materiam</span> <span class='ocrx_word' id='word_1_198' title='bbox 1306 1847 1532 1888; x_wconf 88' lang='lat' dir='ltr'>christum</span> <span class='ocrx_word' id='word_1_199' title='bbox 1560 1847 1731 1888; x_wconf 90' lang='lat' dir='ltr'>Dnum.</span> <span class='ocrx_word' id='word_1_200' title='bbox 1756 1849 1993 1890; x_wconf 87' lang='lat' dir='ltr'>laudandi.</span> 
     </span>
     <span class='ocr_line' id='line_1_26' title="bbox 354 1919 1995 1971; baseline -0.001 -9"><span class='ocrx_word' id='word_1_201' title='bbox 354 1923 483 1962; x_wconf 86' lang='lat' dir='ltr'>Haec</span> <span class='ocrx_word' id='word_1_202' title='bbox 511 1922 674 1961; x_wconf 88' lang='lat' dir='ltr'>mulier</span> <span class='ocrx_word' id='word_1_203' title='bbox 704 1919 888 1960; x_wconf 86' lang='lat' dir='ltr'>iuvenis</span> <span class='ocrx_word' id='word_1_204' title='bbox 916 1919 1104 1970; x_wconf 87' lang='lat' dir='ltr'>quidem</span> <span class='ocrx_word' id='word_1_205' title='bbox 1132 1919 1340 1959; x_wconf 88' lang='lat' dir='ltr'>cernitur</span> <span class='ocrx_word' id='word_1_206' title='bbox 1368 1925 1542 1959; x_wconf 86' lang='lat' dir='ltr'>aetate:</span> <span class='ocrx_word' id='word_1_207' title='bbox 1572 1920 1818 1971; x_wconf 83' lang='lat' dir='ltr'>prudentia</span> <span class='ocrx_word' id='word_1_208' title='bbox 1840 1926 1995 1960; x_wconf 90' lang='lat' dir='ltr'>autem</span> 
     </span>
     <span class='ocr_line' id='line_1_27' title="bbox 353 1990 1994 2043; baseline -0.001 -10"><span class='ocrx_word' id='word_1_209' title='bbox 353 2000 396 2033; x_wconf 89' lang='lat' dir='ltr'>et</span> <span class='ocrx_word' id='word_1_210' title='bbox 418 1992 647 2033; x_wconf 86' lang='lat' dir='ltr'>modestia</span> <span class='ocrx_word' id='word_1_211' title='bbox 669 2003 826 2031; x_wconf 82' lang='lat' dir='ltr'>senex.</span> <span class='ocrx_word' id='word_1_212' title='bbox 852 1990 1061 2031; x_wconf 88' lang='lat' dir='ltr'>Efficitur</span> <span class='ocrx_word' id='word_1_213' title='bbox 1082 1990 1310 2042; x_wconf 75' lang='lat' dir='ltr'>piscatrix</span> <span class='ocrx_word' id='word_1_214' title='bbox 1331 1991 1595 2030; x_wconf 89' lang='lat' dir='ltr'>animarum</span> <span class='ocrx_word' id='word_1_215' title='bbox 1617 2002 1673 2030; x_wconf 90' lang='lat' dir='ltr'>ac</span> <span class='ocrx_word' id='word_1_216' title='bbox 1695 2003 1835 2042; x_wconf 87' lang='lat' dir='ltr'>quam</span> <span class='ocrx_word' id='word_1_217' title='bbox 1856 1993 1994 2043; x_wconf 88' lang='lat' dir='ltr'>pluri-</span> 
     </span>
     <span class='ocr_line' id='line_1_28' title="bbox 353 2061 1994 2114; baseline -0.001 -10"><span class='ocrx_word' id='word_1_218' title='bbox 353 2076 455 2105; x_wconf 90' lang='lat' dir='ltr'>mas</span> <span class='ocrx_word' id='word_1_219' title='bbox 483 2070 726 2103; x_wconf 89' lang='lat' dir='ltr'>matronas</span> <span class='ocrx_word' id='word_1_220' title='bbox 756 2062 901 2114; x_wconf 87' lang='lat' dir='ltr'>capit,</span> <span class='ocrx_word' id='word_1_221' title='bbox 935 2074 990 2102; x_wconf 91' lang='lat' dir='ltr'>ac</span> <span class='ocrx_word' id='word_1_222' title='bbox 1021 2062 1067 2101; x_wconf 91' lang='lat' dir='ltr'>in</span> <span class='ocrx_word' id='word_1_223' title='bbox 1096 2061 1212 2101; x_wconf 90' lang='lat' dir='ltr'>chri.</span> <span class='ocrx_word' id='word_1_224' title='bbox 1245 2061 1353 2101; x_wconf 89' lang='lat' dir='ltr'>Dni.</span> <span class='ocrx_word' id='word_1_225' title='bbox 1377 2067 1474 2101; x_wconf 91' lang='lat' dir='ltr'>rete</span> <span class='ocrx_word' id='word_1_226' title='bbox 1496 2061 1716 2102; x_wconf 87' lang='lat' dir='ltr'>immittit.</span> <span class='ocrx_word' id='word_1_227' title='bbox 1749 2062 1870 2102; x_wconf 89' lang='lat' dir='ltr'>Huic</span> <span class='ocrx_word' id='word_1_228' title='bbox 1893 2070 1994 2103; x_wconf 87' lang='lat' dir='ltr'>erat</span> 
     </span>
     <span class='ocr_line' id='line_1_29' title="bbox 353 2132 1994 2185; baseline -0.001 -10"><span class='ocrx_word' id='word_1_229' title='bbox 353 2135 544 2183; x_wconf 89' lang='lat' dir='ltr'>ancilla,</span> <span class='ocrx_word' id='word_1_230' title='bbox 570 2134 644 2174; x_wconf 90' lang='lat' dir='ltr'>cui</span> <span class='ocrx_word' id='word_1_231' title='bbox 666 2133 853 2185; x_wconf 88' lang='lat' dir='ltr'>quidem</span> <span class='ocrx_word' id='word_1_232' title='bbox 880 2132 995 2172; x_wconf 89' lang='lat' dir='ltr'>nihil</span> <span class='ocrx_word' id='word_1_233' title='bbox 1022 2138 1119 2172; x_wconf 87' lang='lat' dir='ltr'>tam</span> <span class='ocrx_word' id='word_1_234' title='bbox 1149 2132 1348 2172; x_wconf 85' lang='lat' dir='ltr'>arduum</span> <span class='ocrx_word' id='word_1_235' title='bbox 1376 2138 1420 2172; x_wconf 89' lang='lat' dir='ltr'>et</span> <span class='ocrx_word' id='word_1_236' title='bbox 1449 2133 1696 2172; x_wconf 89' lang='lat' dir='ltr'>molestum</span> <span class='ocrx_word' id='word_1_237' title='bbox 1724 2140 1824 2173; x_wconf 86' lang='lat' dir='ltr'>erat</span> <span class='ocrx_word' id='word_1_238' title='bbox 1853 2145 1994 2185; x_wconf 90' lang='lat' dir='ltr'>quam</span> 
     </span>
     <span class='ocr_line' id='line_1_30' title="bbox 351 2203 1992 2256; baseline -0.001 -10"><span class='ocrx_word' id='word_1_239' title='bbox 351 2206 700 2256; x_wconf 86' lang='lat' dir='ltr'>eleemosynam</span> <span class='ocrx_word' id='word_1_240' title='bbox 727 2204 918 2255; x_wconf 83' lang='lat' dir='ltr'>elargiri</span> <span class='ocrx_word' id='word_1_241' title='bbox 952 2203 1255 2254; x_wconf 87' lang='lat' dir='ltr'>pauperibus,</span> <span class='ocrx_word' id='word_1_242' title='bbox 1280 2203 1496 2255; x_wconf 88' lang='lat' dir='ltr'>quamvis</span> <span class='ocrx_word' id='word_1_243' title='bbox 1524 2203 1570 2243; x_wconf 88' lang='lat' dir='ltr'>id</span> <span class='ocrx_word' id='word_1_244' title='bbox 1601 2215 1743 2254; x_wconf 81' lang='lat' dir='ltr'>agere</span> <span class='ocrx_word' id='word_1_245' title='bbox 1763 2205 1850 2244; x_wconf 91' lang='lat' dir='ltr'>sibi</span> <span class='ocrx_word' id='word_1_246' title='bbox 1871 2204 1992 2245; x_wconf 87' lang='lat' dir='ltr'>foret</span> 
     </span>
     <span class='ocr_line' id='line_1_31' title="bbox 350 2274 1990 2329; baseline -0.001 -11"><span class='ocrx_word' id='word_1_247' title='bbox 350 2278 708 2329; x_wconf 88' lang='lat' dir='ltr'>praescriptum.</span> <span class='ocrx_word' id='word_1_248' title='bbox 740 2275 803 2316; x_wconf 87' lang='lat' dir='ltr'>At</span> <span class='ocrx_word' id='word_1_249' title='bbox 832 2275 970 2315; x_wconf 88' lang='lat' dir='ltr'>modo</span> <span class='ocrx_word' id='word_1_250' title='bbox 998 2281 1124 2314; x_wconf 91' lang='lat' dir='ltr'>certe</span> <span class='ocrx_word' id='word_1_251' title='bbox 1155 2274 1271 2314; x_wconf 89' lang='lat' dir='ltr'>adeo</span> <span class='ocrx_word' id='word_1_252' title='bbox 1305 2281 1485 2314; x_wconf 90' lang='lat' dir='ltr'>mutata</span> <span class='ocrx_word' id='word_1_253' title='bbox 1516 2281 1585 2314; x_wconf 91' lang='lat' dir='ltr'>est</span> <span class='ocrx_word' id='word_1_254' title='bbox 1616 2281 1660 2314; x_wconf 88' lang='lat' dir='ltr'>et</span> <span class='ocrx_word' id='word_1_255' title='bbox 1692 2276 1819 2315; x_wconf 88' lang='lat' dir='ltr'>omni</span> <span class='ocrx_word' id='word_1_256' title='bbox 1849 2276 1990 2316; x_wconf 89' lang='lat' dir='ltr'>animi</span> 
     </span>
     <span class='ocr_line' id='line_1_32' title="bbox 349 2346 1988 2401; baseline -0.002 -11"><span class='ocrx_word' id='word_1_257' title='bbox 349 2350 586 2401; x_wconf 85' lang='lat' dir='ltr'>pravitate</span> <span class='ocrx_word' id='word_1_258' title='bbox 609 2353 770 2398; x_wconf 87' lang='lat' dir='ltr'>exuta,</span> <span class='ocrx_word' id='word_1_259' title='bbox 794 2353 844 2387; x_wconf 90' lang='lat' dir='ltr'>ut</span> <span class='ocrx_word' id='word_1_260' title='bbox 865 2346 976 2386; x_wconf 88' lang='lat' dir='ltr'>illud</span> <span class='ocrx_word' id='word_1_261' title='bbox 996 2357 1139 2386; x_wconf 89' lang='lat' dir='ltr'>unum</span> <span class='ocrx_word' id='word_1_262' title='bbox 1156 2352 1344 2396; x_wconf 81' lang='lat' dir='ltr'>expetat</span> <span class='ocrx_word' id='word_1_263' title='bbox 1366 2352 1410 2386; x_wconf 89' lang='lat' dir='ltr'>et</span> <span class='ocrx_word' id='word_1_264' title='bbox 1430 2347 1723 2397; x_wconf 86' lang='lat' dir='ltr'>propositum</span> <span class='ocrx_word' id='word_1_265' title='bbox 1745 2347 1866 2387; x_wconf 90' lang='lat' dir='ltr'>inter</span> <span class='ocrx_word' id='word_1_266' title='bbox 1889 2359 1988 2387; x_wconf 82' lang='lat' dir='ltr'>cac-</span> 
     </span>
     <span class='ocr_line' id='line_1_33' title="bbox 349 2417 1988 2469; baseline -0.001 -8"><span class='ocrx_word' id='word_1_267' title='bbox 349 2428 450 2462; x_wconf 88' lang='lat' dir='ltr'>tera</span> <span class='ocrx_word' id='word_1_268' title='bbox 482 2420 653 2460; x_wconf 87' lang='lat' dir='ltr'>habeat</span> <span class='ocrx_word' id='word_1_269' title='bbox 688 2419 804 2458; x_wconf 88' lang='lat' dir='ltr'>bene</span> <span class='ocrx_word' id='word_1_270' title='bbox 832 2417 1001 2457; x_wconf 90' lang='lat' dir='ltr'>mereri</span> <span class='ocrx_word' id='word_1_271' title='bbox 1028 2417 1083 2457; x_wconf 88' lang='lat' dir='ltr'>de</span> <span class='ocrx_word' id='word_1_272' title='bbox 1111 2417 1396 2468; x_wconf 88' lang='lat' dir='ltr'>pauperibus</span> <span class='ocrx_word' id='word_1_273' title='bbox 1422 2417 1579 2469; x_wconf 90' lang='lat' dir='ltr'>eisque</span> <span class='ocrx_word' id='word_1_274' title='bbox 1611 2417 1737 2457; x_wconf 87' lang='lat' dir='ltr'>omni</span> <span class='ocrx_word' id='word_1_275' title='bbox 1758 2418 1988 2459; x_wconf 86' lang='lat' dir='ltr'>charitate</span> 
     </span>
     <span class='ocr_line' id='line_1_34' title="bbox 349 2487 1988 2541; baseline -0.002 -9"><span class='ocrx_word' id='word_1_276' title='bbox 349 2493 592 2532; x_wconf 86' lang='lat' dir='ltr'>inservire.</span> <span class='ocrx_word' id='word_1_277' title='bbox 616 2490 809 2530; x_wconf 89' lang='lat' dir='ltr'>Necnon</span> <span class='ocrx_word' id='word_1_278' title='bbox 830 2488 1020 2529; x_wconf 87' lang='lat' dir='ltr'>assidua</span> <span class='ocrx_word' id='word_1_279' title='bbox 1041 2487 1335 2528; x_wconf 89' lang='lat' dir='ltr'>confessione</span> <span class='ocrx_word' id='word_1_280' title='bbox 1358 2500 1414 2528; x_wconf 91' lang='lat' dir='ltr'>ac</span> <span class='ocrx_word' id='word_1_281' title='bbox 1438 2500 1547 2528; x_wconf 79' lang='lat' dir='ltr'>vero</span> <span class='ocrx_word' id='word_1_282' title='bbox 1570 2490 1844 2539; x_wconf 81' lang='lat' dir='ltr'>angelorum</span> <span class='ocrx_word' id='word_1_283' title='bbox 1866 2501 1988 2541; x_wconf 90' lang='lat' dir='ltr'>pane</span> 
     </span>
     <span class='ocr_line' id='line_1_35' title="bbox 349 2558 1987 2612; baseline -0.002 -9"><span class='ocrx_word' id='word_1_284' title='bbox 349 2563 665 2603; x_wconf 89' lang='lat' dir='ltr'>inflammatur</span> <span class='ocrx_word' id='word_1_285' title='bbox 697 2560 757 2600; x_wconf 88' lang='lat' dir='ltr'>ad</span> <span class='ocrx_word' id='word_1_286' title='bbox 799 2559 986 2611; x_wconf 86' lang='lat' dir='ltr'>pietatis</span> <span class='ocrx_word' id='word_1_287' title='bbox 1028 2558 1195 2598; x_wconf 87' lang='lat' dir='ltr'>studia.</span> <span class='ocrx_word' id='word_1_288' title='bbox 1243 2558 1647 2599; x_wconf 87' lang='lat' dir='ltr'>Commemoratus</span> <span class='ocrx_word' id='word_1_289' title='bbox 1684 2559 1793 2599; x_wconf 88' lang='lat' dir='ltr'>item</span> <span class='ocrx_word' id='word_1_290' title='bbox 1836 2566 1987 2612; x_wconf 88' lang='lat' dir='ltr'>pater-</span> 
     </span>
     <span class='ocr_line' id='line_1_36' title="bbox 347 2630 1986 2681; baseline -0.001 -7"><span class='ocrx_word' id='word_1_291' title='bbox 347 2634 551 2674; x_wconf 85' lang='lat' dir='ltr'>familias</span> <span class='ocrx_word' id='word_1_292' title='bbox 579 2631 920 2672; x_wconf 87' lang='lat' dir='ltr'>studiosissime</span> <span class='ocrx_word' id='word_1_293' title='bbox 948 2630 1144 2670; x_wconf 84' lang='lat' dir='ltr'>inservit</span> <span class='ocrx_word' id='word_1_294' title='bbox 1176 2630 1498 2681; x_wconf 86' lang='lat' dir='ltr'>proximorum</span> <span class='ocrx_word' id='word_1_295' title='bbox 1529 2631 1681 2670; x_wconf 89' lang='lat' dir='ltr'>saluti.</span> <span class='ocrx_word' id='word_1_296' title='bbox 1711 2630 1832 2671; x_wconf 89' lang='lat' dir='ltr'>Nam</span> <span class='ocrx_word' id='word_1_297' title='bbox 1858 2637 1986 2672; x_wconf 90' lang='lat' dir='ltr'>arcet</span> 
     </span>
     <span class='ocr_line' id='line_1_37' title="bbox 347 2701 1984 2754; baseline -0.002 -9"><span class='ocrx_word' id='word_1_298' title='bbox 347 2705 558 2745; x_wconf 86' lang='lat' dir='ltr'>homines</span> <span class='ocrx_word' id='word_1_299' title='bbox 579 2704 803 2754; x_wconf 87' lang='lat' dir='ltr'>cuiusque</span> <span class='ocrx_word' id='word_1_300' title='bbox 825 2701 1003 2741; x_wconf 89' lang='lat' dir='ltr'>ordinis</span> <span class='ocrx_word' id='word_1_301' title='bbox 1030 2701 1087 2741; x_wconf 88' lang='lat' dir='ltr'>ab</span> <span class='ocrx_word' id='word_1_302' title='bbox 1116 2701 1241 2740; x_wconf 90' lang='lat' dir='ltr'>omni</span> <span class='ocrx_word' id='word_1_303' title='bbox 1269 2701 1565 2753; x_wconf 89' lang='lat' dir='ltr'>improbitate</span> <span class='ocrx_word' id='word_1_304' title='bbox 1593 2701 1818 2753; x_wconf 90' lang='lat' dir='ltr'>nobisque</span> <span class='ocrx_word' id='word_1_305' title='bbox 1845 2702 1984 2742; x_wconf 88' lang='lat' dir='ltr'>addu-</span> 
     </span>
     <span class='ocr_line' id='line_1_38' title="bbox 347 2772 1985 2824; baseline -0.002 -8"><span class='ocrx_word' id='word_1_306' title='bbox 347 2777 408 2816; x_wconf 88' lang='lat' dir='ltr'>cit</span> <span class='ocrx_word' id='word_1_307' title='bbox 437 2775 495 2815; x_wconf 89' lang='lat' dir='ltr'>ad</span> <span class='ocrx_word' id='word_1_308' title='bbox 531 2773 842 2815; x_wconf 88' lang='lat' dir='ltr'>confessionis</span> <span class='ocrx_word' id='word_1_309' title='bbox 869 2773 1054 2824; x_wconf 87' lang='lat' dir='ltr'>asylum</span> <span class='ocrx_word' id='word_1_310' title='bbox 1089 2778 1133 2811; x_wconf 87' lang='lat' dir='ltr'>et</span> <span class='ocrx_word' id='word_1_311' title='bbox 1166 2772 1314 2812; x_wconf 86' lang='lat' dir='ltr'>vitam</span> <span class='ocrx_word' id='word_1_312' title='bbox 1346 2772 1604 2812; x_wconf 68' lang='lat' dir='ltr'>chi-ianam.</span> <span class='ocrx_word' id='word_1_313' title='bbox 1637 2772 1712 2812; x_wconf 87' lang='lat' dir='ltr'>Ad</span> <span class='ocrx_word' id='word_1_314' title='bbox 1746 2773 1862 2812; x_wconf 90' lang='lat' dir='ltr'>haec</span> <span class='ocrx_word' id='word_1_315' title='bbox 1897 2785 1985 2813; x_wconf 88' lang='lat' dir='ltr'>nos</span> 
     </span>
     <span class='ocr_line' id='line_1_39' title="bbox 345 2843 1984 2898; baseline -0.002 -11"><span class='ocrx_word' id='word_1_316' title='bbox 345 2853 587 2898; x_wconf 89' lang='lat' dir='ltr'>tantopere</span> <span class='ocrx_word' id='word_1_317' title='bbox 609 2845 760 2895; x_wconf 81' lang='lat' dir='ltr'>diligit</span> <span class='ocrx_word' id='word_1_318' title='bbox 782 2844 1044 2894; x_wconf 88' lang='lat' dir='ltr'>charosque</span> <span class='ocrx_word' id='word_1_319' title='bbox 1065 2843 1229 2893; x_wconf 88' lang='lat' dir='ltr'>habet,</span> <span class='ocrx_word' id='word_1_320' title='bbox 1254 2850 1302 2883; x_wconf 91' lang='lat' dir='ltr'>ut</span> <span class='ocrx_word' id='word_1_321' title='bbox 1324 2854 1488 2894; x_wconf 89' lang='lat' dir='ltr'>parem</span> <span class='ocrx_word' id='word_1_322' title='bbox 1516 2850 1595 2883; x_wconf 90' lang='lat' dir='ltr'>aut</span> <span class='ocrx_word' id='word_1_323' title='bbox 1616 2843 1734 2883; x_wconf 89' lang='lat' dir='ltr'>forte</span> <span class='ocrx_word' id='word_1_324' title='bbox 1756 2844 1984 2884; x_wconf 89' lang='lat' dir='ltr'>maiorem</span> 
     </span>
     <span class='ocr_line' id='line_1_40' title="bbox 344 2913 1982 2966; baseline -0.002 -8"><span class='ocrx_word' id='word_1_325' title='bbox 344 2918 573 2958; x_wconf 86' lang='lat' dir='ltr'>rationem</span> <span class='ocrx_word' id='word_1_326' title='bbox 594 2927 751 2955; x_wconf 88' lang='lat' dir='ltr'>rerum</span> <span class='ocrx_word' id='word_1_327' title='bbox 778 2926 986 2954; x_wconf 87' lang='lat' dir='ltr'>nrarum.</span> <span class='ocrx_word' id='word_1_328' title='bbox 1024 2913 1194 2953; x_wconf 89' lang='lat' dir='ltr'>habeat</span> <span class='ocrx_word' id='word_1_329' title='bbox 1221 2925 1362 2964; x_wconf 88' lang='lat' dir='ltr'>quam</span> <span class='ocrx_word' id='word_1_330' title='bbox 1390 2926 1475 2954; x_wconf 90' lang='lat' dir='ltr'>nos</span> <span class='ocrx_word' id='word_1_331' title='bbox 1507 2914 1610 2966; x_wconf 83' lang='lat' dir='ltr'>ipsi.</span> <span class='ocrx_word' id='word_1_332' title='bbox 1643 2914 1693 2954; x_wconf 91' lang='lat' dir='ltr'>In</span> <span class='ocrx_word' id='word_1_333' title='bbox 1721 2926 1806 2954; x_wconf 91' lang='lat' dir='ltr'>nos</span> <span class='ocrx_word' id='word_1_334' title='bbox 1842 2915 1982 2954; x_wconf 90' lang='lat' dir='ltr'>etiam</span> 
     </span>
     <span class='ocr_line' id='line_1_41' title="bbox 344 2985 1981 3037; baseline -0.002 -8"><span class='ocrx_word' id='word_1_335' title='bbox 344 2999 517 3037; x_wconf 68' lang='lat' dir='ltr'>magna</span> <span class='ocrx_word' id='word_1_336' title='bbox 540 2985 720 3026; x_wconf 89' lang='lat' dir='ltr'>confert</span> <span class='ocrx_word' id='word_1_337' title='bbox 740 2985 965 3025; x_wconf 84' lang='lat' dir='ltr'>beneficia</span> <span class='ocrx_word' id='word_1_338' title='bbox 994 2990 1038 3024; x_wconf 89' lang='lat' dir='ltr'>et</span> <span class='ocrx_word' id='word_1_339' title='bbox 1068 2985 1296 3034; x_wconf 88' lang='lat' dir='ltr'>imprimis</span> <span class='ocrx_word' id='word_1_340' title='bbox 1319 2986 1620 3025; x_wconf 87' lang='lat' dir='ltr'>vehementer</span> <span class='ocrx_word' id='word_1_341' title='bbox 1644 2985 1882 3025; x_wconf 88' lang='lat' dir='ltr'>contendit</span> <span class='ocrx_word' id='word_1_342' title='bbox 1903 2997 1981 3025; x_wconf 93' lang='lat' dir='ltr'>no-</span> 
     </span>
     <span class='ocr_line' id='line_1_42' title="bbox 342 3055 1983 3110; baseline -0.002 -11"><span class='ocrx_word' id='word_1_343' title='bbox 342 3060 412 3099; x_wconf 88' lang='lat' dir='ltr'>bis</span> <span class='ocrx_word' id='word_1_344' title='bbox 435 3070 602 3110; x_wconf 84' lang='lat' dir='ltr'>parare</span> <span class='ocrx_word' id='word_1_345' title='bbox 625 3058 779 3096; x_wconf 84' lang='lat' dir='ltr'>locum</span> <span class='ocrx_word' id='word_1_346' title='bbox 814 3063 973 3107; x_wconf 84' lang='lat' dir='ltr'>aptum</span> <span class='ocrx_word' id='word_1_347' title='bbox 1000 3055 1194 3105; x_wconf 87' lang='lat' dir='ltr'>scholis,</span> <span class='ocrx_word' id='word_1_348' title='bbox 1225 3055 1362 3106; x_wconf 89' lang='lat' dir='ltr'>idque</span> <span class='ocrx_word' id='word_1_349' title='bbox 1389 3055 1597 3107; x_wconf 89' lang='lat' dir='ltr'>profecto</span> <span class='ocrx_word' id='word_1_350' title='bbox 1625 3056 1749 3096; x_wconf 89' lang='lat' dir='ltr'>omni</span> <span class='ocrx_word' id='word_1_351' title='bbox 1777 3068 1862 3096; x_wconf 89' lang='lat' dir='ltr'>sua</span> <span class='ocrx_word' id='word_1_352' title='bbox 1893 3067 1983 3107; x_wconf 92' lang='lat' dir='ltr'>ope</span> 
     </span>
    </p>
   </div>
   <div class='ocr_carea' id='block_1_4' title="bbox 2149 72 2168 95">
    <p class='ocr_par' dir='ltr' id='par_1_4' title="bbox 2149 72 2168 95">
     <span class='ocr_line' id='line_1_43' title="bbox 2149 72 2168 95; baseline 0 0"><span class='ocrx_word' id='word_1_353' title='bbox 2149 72 2168 95; x_wconf 61' lang='grc' dir='ltr'>’Ἠ</span> 
     </span>
    </p>
   </div>
  </div>
 </body>
</html>
