2168 3437
889 271 973 307 AN.
1003 270 1093 307 1553
1734 271 1807 308 375

172 367 332 406 diebus
353 367 559 416 veneris,
584 366 731 407 donec
754 367 812 407 ad
833 367 1005 407 dictam
1033 368 1421 419 supplicationem
1447 379 1589 407 sonus
1618 380 1802 419 campa-

173 449 259 477 nae
279 436 468 488 majoris
490 450 582 478 non
602 444 787 478 evocet:
811 437 1069 478 Dominicis
1086 449 1140 478 ac
1161 438 1290 478 festis
1307 439 1468 479 diebus
1489 451 1515 478 a
1532 447 1802 490 praecepto-

172 508 299 547 ribus
330 508 426 548 suis
461 508 635 560 aliquid
658 521 715 548 ex
750 515 1027 549 occurrente
1062 510 1307 560 evangelio
1344 522 1425 561 per
1461 521 1601 550 unam
1635 510 1801 549 horam

174 578 427 630 excipiunt.

252 649 384 689 Nunc
406 649 465 689 ad
485 649 665 689 fructus
685 661 744 690 ex
767 651 870 689 aliis
896 657 1164 690 nostrorum
1186 651 1421 691 laboribus
1455 652 1700 703 decerptos
1730 663 1803 692 ac-

174 720 408 760 cedamus.
448 719 657 770 Quorum
682 732 775 760 non
810 721 1051 760 minimum
1077 732 1178 760 esse
1207 721 1422 771 arbitror,
1452 722 1525 773 qui
1557 735 1615 762 ex
1642 729 1807 763 sancto

170 790 385 840 jubilaeo,
417 802 563 842 nuper
584 791 659 830 hic
681 790 893 830 Viennae
920 791 1169 838 celebrato,
1200 793 1430 842 provenit.
1468 792 1635 833 Postea
1666 805 1807 844 quam

174 861 297 901 enim
321 860 509 901 litterae
528 861 830 912 Apostolicae
854 860 878 911 ¹,
903 873 1022 913 quae
1043 862 1102 901 ad
1122 861 1352 912 Reginam
1381 862 1630 903 Bohemiae
1660 864 1673 882 ‘³
1702 865 1806 903 mis-

174 944 253 971 sae
274 938 431 982 erant,
455 932 515 972 ad
535 938 748 972 nostrum
770 932 1029 982 Collegium
1051 933 1219 972 allatae
1249 939 1403 973 essent
1425 940 1468 973 et
1490 935 1700 984 patribus
1728 947 1806 974 no-

175 1003 283 1043 stris
299 1003 555 1053 exhibitae,
580 1003 764 1043 curavit
779 1003 835 1043 D.
857 1003 1072 1044 Canisius
1089 1003 1102 1021 ³
1119 1010 1167 1043 ut
1184 1003 1607 1055 Archipresbytero
1626 1012 1669 1045 et
1686 1006 1805 1055 aliis,

175 1086 373 1124 quorum
394 1086 452 1114 ex
475 1074 624 1114 officio
646 1075 839 1114 interest
860 1074 983 1126 apud
1010 1075 1233 1126 populum
1261 1075 1364 1125 pias
1391 1087 1670 1126 promovere
1701 1088 1806 1116 cau-

174 1156 272 1193 sas,
307 1144 602 1195 offerrentur,
635 1152 678 1185 et
713 1145 759 1185 in
780 1144 1111 1185 Germanicam
1132 1145 1342 1196 linguam
1369 1158 1392 1185 e
1421 1146 1563 1185 latino
1594 1158 1808 1186 sermone

175 1215 548 1266 traducerentur,
584 1216 800 1267 typisque
834 1215 1190 1265 excuderentur,
1229 1217 1383 1256 valvis
1418 1216 1734 1257 Ecclesiarum
1765 1225 1809 1257 et

177 1288 385 1327 locorum
402 1298 646 1327 sacrorum
665 1287 841 1338 passim
862 1287 1136 1337 affigendae.
1159 1286 1360 1327 Parochi
1385 1287 1525 1338 igitur
1548 1288 1644 1327 suis
1666 1289 1809 1327 eccle-

177 1358 259 1397 siis
295 1357 429 1408 hujus
465 1358 615 1398 sancti
645 1358 835 1410 jubilaei
868 1358 1183 1409 indulgentias
1218 1359 1340 1410 plebi
1374 1370 1486 1399 suae
1521 1359 1804 1406 indixerunt,

179 1435 237 1479 et,
261 1436 310 1469 ut
331 1442 357 1469 a
379 1435 540 1469 nostro
561 1435 694 1480 patre
715 1430 788 1481 pie
810 1430 963 1481 rogati
985 1436 1029 1470 et
1050 1430 1274 1470 admoniti
1296 1436 1444 1480 erant,
1481 1431 1595 1469 satis
1618 1429 1808 1480 diligen-

180 1507 249 1540 ter
271 1500 671 1540 commendarunt.
696 1500 817 1552 Quin
840 1506 884 1540 et
905 1501 1003 1552 ipse
1025 1499 1162 1540 Pater
1184 1500 1400 1541 Canisius
1422 1501 1627 1549 mirifice,
1654 1508 1701 1545 ut
1722 1513 1808 1551 par

178 1577 298 1621 erat,
336 1571 382 1611 in
418 1571 720 1611 concionibus
755 1583 916 1611 coram
950 1571 1098 1622 Regia
1133 1570 1376 1622 Majestate
1411 1571 1602 1619 habitis,
1642 1572 1808 1611 utilita-

180 1649 272 1682 tem
302 1649 346 1682 et
374 1654 508 1682 usum
536 1642 933 1693 indulgentiarum
964 1643 1200 1694 exposuit,
1225 1642 1475 1693 deplorans
1505 1643 1641 1682 simul
1669 1644 1810 1694 negli-

178 1713 386 1764 gentiam
406 1721 450 1754 et
471 1714 736 1754 socordiam
756 1714 913 1765 populi
934 1714 1214 1764 germanici,
1239 1714 1317 1765 qui
1338 1714 1459 1753 hanc
1482 1720 1526 1753 et
1548 1713 1811 1764 hujusmodi

178 1784 294 1824 alias
315 1784 502 1824 divinae
523 1784 873 1824 misericordiae
894 1785 1074 1836 gratias
1094 1784 1191 1824 fere
1217 1796 1302 1835 pro
1329 1784 1527 1824 ludibrio
1548 1784 1700 1824 habet.
1726 1784 1810 1824 Te-

178 1855 420 1896 stabantur
441 1856 647 1907 plerique
667 1855 759 1895 viri
779 1862 931 1896 aetate
953 1867 1127 1906 graves
1157 1867 1394 1906 nunquam
1425 1867 1474 1895 se
1501 1855 1557 1895 de
1585 1856 1812 1906 dignitate

177 1937 232 1966 ac
252 1927 450 1969 utilitate
471 1927 866 1978 indulgentiarum
887 1927 1029 1967 fuisse
1051 1927 1305 1967 instructos
1327 1932 1371 1966 et
1393 1927 1502 1978 quid
1523 1927 1610 1966 sibi
1638 1928 1811 1967 vellent

178 1997 493 2048 indulgentiae
531 1998 758 2038 hactenus
797 1998 1057 2048 ignorasse.
1094 1997 1315 2037 Nonnulli
1349 1998 1509 2046 etiam,
1548 1998 1657 2037 dum
1693 1997 1808 2038 haec

177 2068 575 2120 praedicarentur,
611 2081 638 2108 a
672 2069 913 2109 lachrimis
953 2081 1002 2109 se
1036 2075 1298 2120 temperare
1337 2069 1611 2119 nequibant,
1649 2068 1811 2109 dolore

179 2139 393 2180 videlicet
414 2140 680 2191 compuncti
702 2139 765 2190 (ut
787 2140 977 2180 credere
999 2139 1070 2179 fas
1091 2140 1174 2189 est)
1197 2139 1319 2191 quod
1341 2139 1519 2179 tamdiu
1540 2140 1813 2190 ignorantia

177 2216 415 2251 tantorum
435 2211 662 2251 donorum
682 2211 977 2261 laborantes,
1001 2211 1065 2250 ita
1086 2210 1416 2262 multiplicibus
1446 2210 1581 2250 bonis
1612 2222 1660 2250 se
1689 2210 1810 2250 frau-

179 2282 313 2321 datos
332 2281 476 2322 fuisse
497 2282 823 2333 intelligerent.
848 2282 919 2321 Ex
939 2282 1051 2332 hac,
1082 2293 1223 2333 quam
1251 2293 1375 2321 nunc
1403 2281 1521 2331 dixi,
1553 2280 1602 2321 P.
1636 2281 1813 2321 Canisii

178 2352 420 2404 diligentia
440 2352 617 2392 factum
636 2360 705 2392 est
727 2359 776 2392 ut
796 2353 934 2403 longe
955 2353 1111 2404 plures
1131 2352 1345 2403 germani
1367 2351 1555 2402 jubilaei
1583 2351 1811 2402 praedicti

177 2424 382 2475 gratiam
402 2424 743 2475 promeruerint
765 2435 904 2475 quam
926 2423 1042 2463 alias
1064 2424 1267 2473 soleant;
1291 2423 1412 2462 unde
1435 2422 1698 2474 hujusmodi
1718 2421 1812 2462 fru-

180 2501 305 2535 ctum
338 2495 648 2545 copiosiorem
677 2506 771 2534 non
801 2493 969 2545 injuria
995 2494 1067 2534 his
1095 2493 1251 2534 literis
1280 2492 1295 2512 4
1322 2494 1528 2533 inserere
1555 2493 1683 2533 volui
1711 2498 1812 2533 tan-

180 2572 320 2612 quam
354 2560 651 2612 peculiariter
684 2572 765 2611 per
799 2560 1109 2600 instrumenta
1136 2559 1384 2600 Societatis
1415 2559 1693 2598 derivatum.
1731 2558 1806 2597 Hi-

178 2643 371 2683 spanos,
408 2638 573 2682 sponte
608 2642 692 2670 sua
721 2642 826 2671 cum
851 2631 1083 2683 plerisque
1112 2631 1237 2671 italis
1269 2630 1328 2670 ad
1357 2630 1445 2669 hoc
1474 2641 1661 2669 sacrum
1691 2628 1809 2680 jubi-

178 2703 332 2743 laeum
352 2702 652 2742 obtinendum
673 2708 1002 2753 properantes,
1026 2714 1119 2742 non
1139 2702 1224 2742 fuit
1246 2713 1361 2752 opus
1389 2699 1661 2750 admonere;
1694 2701 1811 2739 satis

178 2780 279 2814 erat
300 2774 422 2825 quod
443 2774 532 2813 illis
553 2779 790 2813 constaret
812 2774 953 2813 talem
973 2773 1176 2824 gratiam
1199 2784 1300 2811 esse
1322 2784 1348 2811 a
1369 2770 1560 2811 Summo
1588 2771 1811 2811 Pontifice

234 2932 241 2952 ¹
281 2932 388 2960 Bulla
405 2940 491 2960 suae
507 2932 573 2960 §.n-s
590 2932 756 2959 Erardus.

232 2977 245 2997 2
282 2978 370 3005 Vide
385 2986 500 3013 supra,
515 2987 595 3014 pag.
613 2980 674 3007 112.

231 3025 245 3043 ⁷¹
282 3025 318 3053 P.
331 3025 451 3053 Petrus
467 3025 633 3055 Canisius.

232 3073 247 3093 ¹²
284 3073 429 3100 chartis.
443 3073 610 3103 ErarduS.
