2168 3437
850 264 933 301 ΑΝ.
964 265 1054 301 1554
1701 262 1767 300 561

221 361 654 414 Superscrzptz’om‘s
674 361 772 401 loco
794 360 843 400 in
864 364 1037 411 quarta
1053 360 1260 410 pagina:
1288 359 1319 410 †
1345 360 1554 400 Litterae
1585 358 1768 411 quadri-

140 439 350 474 mestres.
375 433 614 473 Florentia
635 432 700 473 20.

222 504 332 544 Alia
353 516 515 544 mentm:
536 503 747 557 Januarii
772 503 887 542 1554.

221 576 283 615 Et
305 575 418 623 alia,
440 575 582 626 quasi
597 574 831 614 calammn
853 577 1082 613 tentante:
1107 574 1221 613 1554.

224 646 328 687 Glo.

222 718 285 758 Et
305 717 402 757 alta
423 718 618 768 (iensque
634 729 649 757 .·
673 717 787 767 1554,
811 716 1053 756 Fiorenza.
1081 716 1135 765 Q.
1158 716 1203 756 S.
1229 715 1455 756 Gennaio.

789 1144 1136 1199 CCLXXVI

218 1373 447 1413 Gerardus
468 1373 682 1422 Lapidius

263 1439 385 1477 Patri
404 1440 574 1488 Ignatio
595 1439 647 1477 de
666 1439 850 1486 Loyola.

308 1506 546 1552 Panormo,
569 1505 615 1542 23
632 1505 832 1551 Januarii
854 1504 945 1542 1554
964 1504 989 1542 ¹.

910 1713 1008 1766 Jhs.

225 1927 390 1968 Gratia
411 1933 455 1967 et
476 1940 584 1979 pax,
609 1934 697 1968 etc.

222 1999 284 2040 Ut
304 1998 541 2039 reddendo
563 1999 793 2039 rationem
815 2005 1028 2039 actorum
1049 1998 1460 2050 quadrimestrium
1483 1997 1534 2038 R.
1559 1997 1607 2037 P.
1631 1997 1682 2037 T.
1707 2009 1777 2037 sa-

143 2070 447 2121 tisfaciamus,
471 2070 692 2110 brevibus
713 2081 948 2121 cognosce
970 2075 1194 2121 quantam
1214 2070 1551 2119 benignitatem
1573 2069 1777 2119 omnipo-

143 2148 245 2182 tens
265 2142 394 2182 Deus
415 2141 511 2182 suis
531 2141 682 2182 servis
704 2147 749 2181 et
770 2153 852 2193 per
875 2141 1060 2181 illorum
1079 2141 1391 2180 ministerium
1419 2141 1620 2180 caeteris
1647 2151 1777 2191 prae-

143 2213 326 2264 stiterit,
350 2224 469 2264 quae
490 2211 678 2264 quidem
698 2224 753 2252 ea
774 2218 844 2252 est
870 2218 920 2252 ut
947 2211 1081 2252 nobis
1111 2211 1298 2263 quidem
1326 2211 1648 2262 congratulari
1677 2222 1778 2262 pos-

142 2285 220 2335 sis,
244 2284 326 2324 sed
345 2284 410 2323 illi
430 2284 617 2324 omnino
640 2282 924 2334 adscribere,
956 2284 1036 2334 qui
1064 2281 1331 2333 hujusmodi
1358 2294 1439 2333 per
1461 2293 1571 2321 suos
1593 2282 1779 2332 operari

143 2356 379 2406 dignatur.

221 2426 351 2466 Haec
372 2431 421 2465 ut
442 2425 603 2466 ordine
625 2437 902 2477 cognoscas,
927 2437 954 2465 a
971 2425 1238 2466 domesticis
1256 2425 1393 2465 rebus
1411 2423 1646 2475 incipiam,
1667 2434 1777 2474 qua-

141 2508 246 2538 rum
266 2502 311 2537 et
329 2502 493 2537 nostra
514 2503 558 2536 et
578 2503 659 2537 tua
685 2497 890 2537 maxime
916 2497 1125 2537 interest.
1150 2496 1268 2537 Cum
1295 2502 1477 2547 tempus
1498 2493 1779 2534 inchoando-

141 2580 245 2608 rum
261 2568 522 2608 studiorum
538 2573 793 2619 appeteret,
813 2573 1027 2608 curatum
1048 2573 1118 2608 est
1135 2567 1383 2618 diligenter
1399 2573 1449 2606 ut
1467 2565 1616 2606 oratio
1633 2565 1777 2605 latina

142 2640 189 2679 in
209 2645 370 2680 nostro
391 2639 564 2690 templo
585 2639 850 2690 haberetur,
874 2651 965 2691 qua
997 2639 1181 2679 initium
1207 2638 1486 2678 lectionibus
1513 2637 1703 2677 daretur
1736 2642 1780 2675 et

145 2710 204 2750 ad
224 2709 413 2750 easdem
434 2708 691 2749 audiendas
711 2710 844 2750 multi
864 2710 1186 2750 incitarentur.
1216 2709 1350 2760 Quod
1370 2708 1566 2759 factum,
1590 2706 1692 2747 Deo
1712 2706 1778 2746 fa-

142 2787 294 2832 vente,
319 2780 546 2821 foeliciter
567 2781 810 2821 successit.
836 2780 1049 2821 Aderant
1070 2781 1309 2820 auditores
1330 2780 1542 2831 (praeter
1567 2777 1779 2830 fsequen-

142 2858 235 2892 tem
273 2851 624 2903 magistratum)
660 2851 792 2891 multi
829 2852 921 2891 viri
959 2857 1004 2891 et
1041 2862 1215 2902 genere
1256 2856 1300 2890 et
1346 2849 1606 2890 eruditione
1646 2861 1778 2902 prae-

143 2923 431 2973 stantissimi,
455 2922 621 2974 quibus
642 2922 856 2962 omnibus
877 2922 1060 2962 abunde
1088 2921 1381 2962 satisfactum
1412 2927 1496 2961 est.
1525 2921 1778 2961 Enimvero

196 3034 207 3053 ¹
246 3033 333 3061 Bina
347 3038 425 3061 sunt
448 3034 570 3061 harum
593 3034 790 3061 litterarum
811 3032 1030 3068 apographa;
1053 3040 1156 3060 unum
1170 3032 1203 3060 in
1231 3033 1321 3067 folio,
1342 3031 1422 3060 olim
1442 3040 1473 3060 n.
1498 3032 1559 3067 186,
1587 3039 1673 3060 nunc
1697 3039 1780 3059 vero

144 3088 176 3108 n.
193 3081 259 3115 167;
276 3082 424 3109 alterum
438 3081 470 3108 in
486 3082 565 3109 folio
581 3081 641 3109 172.

334 3140 383 3176 Τ.
410 3152 452 3176 11.
1502 3143 1546 3187 36
