2168 3437
916 244 998 282 AN.
1030 245 1122 283 1553
1765 249 1837 286 365

281 336 514 387 Gandiae‚
538 339 577 377 5.
601 339 821 379 calendas
844 338 1130 391 Septembris
1155 341 1270 382 1553.

284 406 337 446 R.
361 407 410 447 Ρ.
434 407 486 448 T.
510 410 514 414 ’

281 476 457 518 Servus
478 479 697 530 indignus
718 480 765 519 in
784 479 882 531 X.⁰,

1238 644 1239 647 ¹
1279 625 1564 668 GovffiRNth.

843 1046 1191 1101 CCXXXIX

273 1279 493 1316 Robertus
510 1279 813 1328 Clayssonius,

317 1343 387 1380 Ex
405 1344 725 1382 commissione
747 1346 891 1383 Patris
910 1346 1137 1383 Paschasii
1156 1347 1310 1394 Broc't,

367 1409 489 1446 Patri
507 1410 676 1457 Ignatio
697 1411 750 1448 de
769 1411 953 1459 Loyola.

413 1474 607 1522 Parisiis,
629 1475 676 1513 28
693 1475 887 1523 Augusti
909 1476 1000 1514 1553
1019 1478 1042 1512 ¹.

275 1682 374 1722 Pax
395 1682 585 1723 Domini
606 1683 696 1724 Dei
715 1685 865 1725 nostri
883 1685 995 1738 Jesu
1011 1685 1185 1726 Christi
1202 1687 1411 1738 perfecta
1431 1699 1520 1728 nos
1537 1688 1675 1729 donet
1697 1689 1830 1729 liber-

196 1758 304 1793 tate.
330 1753 496 1794 Amen.

275 1824 405 1875 Quae
445 1825 590 1865 divini
624 1827 825 1867 numinis
860 1828 1093 1879 praesidio
1129 1834 1329 1880 quatuor
1363 1829 1491 1870 hisce
1527 1831 1765 1871 mensibus
1803 1844 1828 1871 a

193 1895 327 1935 nobis
355 1902 488 1947 gesta
510 1903 637 1947 sunt,
669 1898 786 1938 levis
817 1898 1069 1939 admodum
1096 1901 1319 1940 momenti
1348 1901 1640 1942 aestimanda
1673 1914 1827 1942 cense-

193 1977 316 2017 mus,
341 1967 380 2006 si
401 1979 506 2007 cum
527 1967 774 2009 Societatis
790 1975 999 2021 nostrae,
1019 1970 1189 2022 ubique
1205 1970 1635 2022 fragrantissimum
1652 1972 1824 2013 Christi

194 2037 386 2078 odorem
415 2039 471 2078 de
501 2050 550 2078 se
585 2039 904 2089 diffundentis,
939 2042 1197 2092 praeclaris
1226 2042 1523 2083 monimentis
1556 2055 1827 2095 comparen-

193 2114 282 2148 tur.
308 2108 485 2149 Verum
506 2115 555 2149 ut
571 2121 736 2151 sacrae
757 2110 1048 2152 obedientiae
1066 2112 1268 2164 impulsu
1288 2119 1513 2165 paternae
1535 2120 1643 2154 tuae
1666 2115 1825 2154 volun-

193 2179 303 2218 tatis
323 2191 594 2232 pareamus,
618 2193 702 2232 per
724 2182 878 2233 capita
899 2183 1168 2223 summatim
1190 2195 1245 2223 ea
1267 2185 1630 2236 complectemur
1653 2196 1823 2225 sermo-

193 2261 271 2299 ne,
295 2261 412 2301 quae
433 2252 730 2302 gravissimis
750 2252 799 2292 P.
821 2258 929 2293 tuae
949 2253 1334 2305 occupationibus
1356 2255 1481 2295 haud
1503 2256 1691 2295 omnino
1714 2256 1826 2295 indi—

192 2330 288 2371 gna
310 2321 689 2364 iudicaverimus.

271 2391 505 2444 Principio
526 2395 675 2434 nostri
695 2395 895 2446 negotii,
926 2396 1050 2448 apud
1079 2395 1373 2437 Facultatem
1393 2396 1710 2448 theologicam
1731 2398 1823 2437 lan-

190 2463 459 2512 guescentis
479 2464 636 2504 verius
658 2476 798 2516 quam
821 2465 1156 2518 delitescentis,
1179 2478 1362 2507 moram
1377 2467 1424 2507 in
1442 2467 1542 2518 ipso
1564 2468 1825 2511 litterarum

192 2532 484 2584 frontispicio
519 2535 745 2586 intelliget
774 2535 824 2577 P.
861 2542 963 2577 tua:
1002 2537 1134 2578 cuius
1165 2538 1370 2578 taedium
1407 2537 1523 2578 adeo
1559 2538 1823 2578 diuturnum

191 2602 331 2644 Pater
352 2611 512 2645 noster
532 2605 814 2647 Paschasius
835 2608 957 2648 ultra
978 2608 1180 2660 quinque
1210 2608 1439 2649 mensium
1468 2615 1686 2649 exactum
1714 2616 1824 2649 tem-

192 2685 279 2725 pus
299 2676 494 2726 patienti
523 2677 765 2718 stomacho
796 2679 1062 2730 concoquit.
1095 2679 1295 2720 Videtur
1324 2679 1537 2720 Christus
1568 2691 1674 2731 nos,
1699 2681 1824 2721 labo-

191 2756 295 2785 rum
315 2746 602 2787 incremento
624 2759 680 2788 ac
706 2749 1028 2790 molestiarum
1054 2762 1196 2790 onere
1223 2750 1451 2790 hactenus
1483 2750 1689 2791 exhibito
1722 2751 1824 2792 fati-

190 2822 351 2866 gatos,
394 2829 609 2858 recreare
648 2818 1013 2871 haudquaquam
1053 2821 1343 2871 decrevisse,
1381 2821 1529 2861 donec
1565 2824 1825 2863 constantis

190 2887 443 2938 patientiae
465 2889 520 2928 de
541 2889 675 2929 nobis
694 2890 955 2941 periculum
975 2892 1241 2943 sumpserit.

246 2998 255 3018 ¹
296 2999 543 3034 Autographae
559 3005 652 3028 totae
668 3009 769 3029 manu
784 3002 925 3030 Roberti
941 3004 973 3030 in
989 3003 1068 3030 folio
1083 3003 1219 3038 duplici,
1233 3011 1286 3030 nn.
1301 3003 1354 3030 313
1365 3007 1399 3031 et
1413 3003 1616 3033 mat—Nulla
1632 3006 1664 3033 in
1680 3007 1728 3034 eis
1743 3012 1793 3035 est
1807 3015 1826 3035 a

204 3045 351 3074 Polanco
366 3047 505 3075 inducta
521 3049 723 3084 emendati0‚
739 3049 824 3077 nihil
839 3057 1070 3085 suppressum.
