2168 3437
323 249 393 286 496
836 249 1064 286 LITTERAE
1090 259 1451 292 QUADRIMESTRES

324 348 460 388 valde
482 347 683 386 recreati
703 352 825 386 sunt.
849 345 900 386 In
922 347 1041 386 atrio
1070 353 1176 387 sunt
1205 348 1410 388 sedecim
1433 349 1702 399 columnae,
1726 361 1846 400 quae
1866 351 1963 391 fere

324 430 483 458 omnes
506 417 847 468 epigrammata
877 417 1052 469 scripta
1074 429 1101 457 a
1123 417 1172 457 Ρ.
1207 418 1511 459 Emmanuele
1531 418 1540 437 ¹
1563 420 1818 471 habebant,
1843 433 1962 473 quae

322 489 536 529 certatim
567 488 801 539 descripta
829 495 936 529 sunt
965 501 991 529 a
1022 488 1283 540 juventute.
1307 490 1510 542 Vesperi
1538 491 1693 531 theses
1726 493 1961 533 oratorias

322 559 602 600 sustentavit
637 571 753 610 puer
787 560 997 611 quidam,
1038 561 1115 612 qui
1149 561 1232 601 Vix
1268 562 1500 602 decimum
1541 562 1755 613 quintum
1791 575 1965 604 annum

321 631 437 682 agit,
477 631 558 670 sed
590 631 689 670 acri
714 631 955 682 praeditus
989 632 1200 682 ingenio,
1231 633 1660 684 condiscipulorum
1689 633 1812 685 ejus,
1847 646 1964 686 quos

320 702 525 754 oportuit
557 703 893 753 argumentari,
923 703 1078 743 locum
1106 710 1459 761 occupaverunt
1490 705 1667 757 aliquot
1698 706 1790 746 viri
1821 706 1961 757 docti,

318 774 395 825 qui
416 773 512 813 suis
534 774 825 824 argumentis
847 773 1211 826 disputationem
1234 775 1595 816 decoraverunt.
1614 776 1726 816 Mox
1741 776 1965 828 J'uventus

318 846 364 885 in
385 845 587 896 quinque
608 846 860 896 gymnasia
881 845 1127 886 distributa
1155 852 1245 897 est;
1276 847 1355 898 qui
1379 853 1486 887 sunt
1508 847 1556 887 in
1577 848 1739 899 quinto
1762 859 1964 900 gymna-

317 917 408 967 sio,
444 928 549 956 cum
578 925 795 967 graecae
816 917 1156 968 grammaticae
1190 918 1457 958 rudimenta
1486 919 1839 970 degustassent,
1867 920 1964 960 divi

317 988 475 1027 Basilii
515 988 762 1039 epistolam
807 989 1061 1040 quamdam
1107 988 1269 1029 audire
1309 996 1581 1041 coeperunt.
1628 990 1765 1031 Hunc
1817 991 1963 1031 etiam

316 1059 469 1110 ipsum
495 1059 685 1099 Domini
707 1059 922 1100 Natalem
943 1060 1065 1100 diem
1084 1060 1241 1100 multis
1265 1061 1552 1101 carminibus
1574 1062 1813 1112 prosecuti
1835 1068 1960 1102 sunt.

395 1129 714 1171 Scholasticos
750 1131 977 1171 habemus
1010 1131 1100 1171 hoc
1131 1137 1340 1183 tempore
1377 1132 1747 1183 quadringentos
1777 1140 1965 1185 praeter

317 1213 412 1253 eos,
437 1202 515 1253 qui
536 1201 584 1241 Ρ.
609 1202 854 1242 Francisci
875 1201 1143 1253 Rodriguez
1173 1203 1422 1243 lectionem
1443 1202 1499 1242 de
1531 1204 1769 1256 theologia
1799 1207 1966 1247 morali

317 1273 511 1313 audiunt
546 1272 579 1323 ²,
614 1285 673 1313 ex
701 1285 793 1325 qua
822 1284 1024 1324 magnus
1054 1273 1235 1313 fructus
1271 1280 1514 1325 speratur,
1546 1275 1668 1315 idem
1700 1274 1965 1316 doctrinam

316 1345 624 1385 christianam
662 1345 709 1384 in
744 1345 917 1396 templo
954 1345 1096 1385 etiam
1136 1345 1298 1385 diebus
1338 1345 1471 1386 festis
1508 1346 1865 1398 interpretatur,
1904 1348 1964 1388 ad

316 1427 458 1468 quam
478 1417 673 1456 veniunt
701 1417 904 1466 externi3
929 1428 1040 1456 nam
1068 1416 1340 1457 scholastici
1369 1417 1674 1458 instituuntur
1703 1418 1865 1458 diebus
1886 1419 1964 1459 do-

316 1488 500 1527 minicis
526 1488 572 1527 in
595 1499 678 1527 suo
700 1487 896 1539 quisque
917 1487 1181 1539 gymnasi03
1208 1488 1318 1539 quin
1340 1488 1505 1528 damus
1534 1489 1675 1529 etiam
1698 1501 1893 1541 operam
1911 1495 1960 1530 ut

316 1571 435 1611 quae
457 1559 582 1599 domi
603 1565 794 1599 nostrae
817 1558 1047 1609 ediscunt,
1071 1559 1160 1610 ipsi
1181 1559 1450 1600 domesticis
1472 1561 1832 1602 communicent.

393 1630 586 1670 Fratres
621 1631 868 1681 diligenter
904 1636 1044 1682 atque
1079 1631 1226 1671 alacri
1261 1631 1417 1671 animo
1454 1631 1548 1682 his,
1584 1644 1703 1683 quae
1739 1645 1765 1672 a
1797 1639 1962 1673 sancta

317 1701 583 1742 obedientia
615 1701 824 1753 injuncta
852 1708 973 1752 sunt,
1004 1708 1193 1742 vacant.
1224 1702 1455 1743 Dominus
1483 1703 1696 1754 Ignatius
1725 1702 1738 1721 ⁵
1770 1710 1839 1744 est
1861 1704 1960 1745 Col-

314 1773 425 1823 legii
452 1773 639 1823 Rector‚
664 1774 741 1825 qui
764 1785 925 1814 omnes
954 1785 1038 1814 suo
1061 1775 1274 1826 exemplo
1296 1785 1584 1826 magnopere
1613 1775 1707 1825 alit;
1744 1781 1814 1815 est
1835 1775 1959 1816 enim

315 1856 427 1884 vere
458 1845 665 1885 omnium
700 1845 925 1885 minister.
965 1844 1232 1885 Audiuntur
1268 1845 1408 1886 etiam
1438 1847 1614 1886 multae
1637 1846 1960 1886 confessiones

315 1921 617 1956 externorum
639 1921 683 1956 et
704 1916 764 1956 ad
785 1928 973 1956 sacram
994 1917 1213 1968 synaxim
1235 1917 1466 1957 accedunt
1488 1929 1613 1957 nunc
1637 1918 1810 1969 plures,
1835 1929 1959 1957 nunc

315 1987 583 2038 pauciores,
621 1999 706 2039 pro
741 1988 965 2039 temporis
999 1988 1203 2038 ratione3
1240 1999 1350 2028 narn
1384 2000 1468 2040 per
1503 1988 1590 2028 hos
1627 1989 1749 2039 dies,
1790 1989 1956 2040 quibus

311 2058 487 2099 Christi
516 2059 627 2112 Jesu
653 2058 835 2098 Natalis
862 2059 960 2099 dies
989 2059 1251 2099 celebratus
1283 2066 1367 2110 est,
1391 2060 1589 2100 trecenti
1612 2060 1723 2110 fere,
1748 2061 1958 2112 exceptis

310 2130 620 2181 scholasticis,
652 2130 711 2170 ad
741 2141 954 2170 mensam
986 2142 1096 2170 vere
1125 2131 1400 2181 salutarem,
1434 2137 1751 2171 accesserunt.
1789 2131 1958 2187 Frater

310 2201 629 2242 Bernardinus
650 2200 665 2219 ⁴
685 2201 933 2252 diligenter
954 2207 1088 2241 curat
1111 2214 1186 2252 ea,
1208 2213 1327 2254 quae
1346 2202 1562 2254 captivis,
1583 2214 1690 2242 cum
1707 2202 1873 2254 quibus
1889 2208 1960 2242 est

309 2272 358 2313 Ρ.
381 2273 586 2325 Joannes
615 2273 790 2323 Nunez,
815 2273 1083 2312 necessaria
1112 2279 1240 2324 sunt;
1264 2285 1462 2325 cumque
1490 2273 1813 2325 superioribus
1835 2285 1957 2314 men-

309 2344 436 2384 sibus
470 2345 594 2384 mille
629 2350 674 2384 et
709 2344 989 2396 quingentos
1025 2356 1193 2385 aureos
1225 2345 1284 2385 ad
1315 2357 1422 2385 eum
1452 2345 1646 2394 miserit,
1681 2357 1804 2385 nunc
1840 2345 1957 2385 alios

308 2415 419 2455 item
446 2415 727 2467 quingentos
756 2416 911 2465 mittit,
942 2422 991 2456 ut
1019 2416 1195 2467 captivi
1222 2416 1398 2468 aliquot
1425 2416 1730 2456 redimantur.
1758 2416 1957 2467 Quidam

309 2486 448 2526 etiam
469 2487 542 2526 vir
564 2486 732 2526 nobilis
754 2487 969 2538 captivos
999 2498 1170 2526 novem
1192 2487 1248 2527 de
1278 2499 1364 2527 sua
1389 2488 1590 2539 pecunia
1623 2487 1787 2527 redimi
1805 2486 1947 2539 jubet.

389 2557 644 2597 Nobiscum
674 2563 781 2598 sunt
807 2569 931 2597 nunc
967 2557 1139 2598 Paulus
1168 2557 1488 2598 Ormuzius'et
1513 2558 1785 2598 Bernardus
1815 2558 1951 2611 Japo-

308 2627 433 2678 nius,
458 2634 653 2680 uterque
681 2639 855 2680 magna
878 2628 1110 2680 probitate
1137 2635 1275 2680 atque
1304 2629 1494 2680 ingenio
1516 2629 1776 2681 praeditus,
1802 2628 1953 2669 Socie-

308 2699 418 2738 tatis
451 2705 607 2739 autem
640 2711 787 2751 usque
820 2699 936 2739 adeo
968 2706 1195 2752 amantes,
1225 2706 1275 2740 ut
1306 2700 1352 2740 in
1384 2712 1438 2741 ea
1470 2701 1570 2741 nati
1600 2706 1740 2752 atque
1771 2700 1954 2741 educati

364 2833 373 2853 ¹
416 2833 452 2861 P.
468 2834 670 2863 Emmanuel
683 2836 845 2863 Alvarez.

362 2882 375 2900 2
414 2881 458 2909 Iis
471 2883 700 2910 emendandus
715 2884 853 2911 videtur
869 2884 1052 2917 Polancus,
1076 2885 1130 2918 qui
1146 2884 1179 2911 in
1204 2884 1379 2918 Chronico,
1396 2887 1421 2911 t.
1436 2890 1491 2917 111,
1506 2891 1585 2918 pag.
1600 2882 1663 2915 404,
1679 2890 1710 2909 n.
1725 2882 1787 2915 889,
1803 2883 1850 2910 sic
1865 2883 1949 2910 scri-

308 2929 376 2956 bit:
397 2929 451 2956 Ad
469 2930 737 2965 quadringentos
753 2933 899 2959 accessit
922 2939 1082 2959 numerus
1104 2932 1405 2966 scholasticorum,
1423 2931 1477 2966 qui
1494 2931 1631 2958 Patrem
1647 2930 1869 2958 Franciseum
1883 2929 1950 2957 Ro-

307 2976 454 3011 driguez,
470 2977 633 3005 lectorem
648 2986 787 3006 casuum
804 2980 1032 3007 conscientiae
1047 2979 1242 3007 audiebant.

360 3023 373 3042 ’ἱ
411 3024 447 3050 Ρ.
462 3024 618 3058 Ignatius
631 3026 671 3053 de
683 3027 851 3059 Acebedo,
866 3032 987 3062 postea
1003 3027 1131 3054 Christi
1146 3030 1292 3062 martyr.

361 3071 374 3090 ‘⁴
411 3071 644 3100 Bernardinus
661 3081 680 3100 a
696 3073 857 3108 Regibus.
