2168 3437
361 277 435 315 608
875 273 1103 312 LITTERAE
1130 284 1490 317 QUADRIMESTRES

364 374 506 414 etiam
526 371 704 411 nobiles
721 370 1023 422 juvenculas,
1057 369 1221 410 eodem
1242 369 1289 409 in
1310 380 1469 409 errore
1490 374 1729 420 versatas,
1761 369 1820 409 ad
1847 370 2001 410 melio-

364 455 465 484 rem
497 442 681 493 frugem
710 442 843 481 brevi
868 441 1063 481 rediisse
1090 440 1489 492 conspexerimus.
1521 440 1697 480 Eodem
1725 441 1926 491 pertinet
1959 446 2004 480 et

363 514 459 554 alia
480 512 712 564 quaedam
732 512 897 562 vidua,
921 512 1090 552 nobilis
1111 512 1190 552 illa
1212 511 1399 562 quidem
1420 516 1464 550 et
1484 511 1723 562 perdives,
1749 522 1867 562 quae
1898 523 2004 551 cum

364 595 542 635 genero
563 583 750 634 filiaque
772 583 945 623 mutuis
963 582 1241 634 quibusdam
1258 581 1462 622 dissidiis
1480 581 1746 621 conflictata
1764 582 1858 632 diu,
1877 582 2004 622 nulla

366 660 551 706 poterat
571 655 753 694 ratione
775 654 949 703 sedari3
976 653 1057 693 sed
1079 664 1186 693 cum
1213 653 1260 692 in
1287 652 1580 692 confessione
1610 664 1666 692 ac
1697 658 1832 692 extra
1859 653 2004 703 preci-

365 726 451 766 bus
472 731 516 765 et
538 725 932 765 admonitionibus
953 735 1095 775 saepe
1127 724 1306 775 agitata
1327 723 1514 774 fuisset,
1550 723 1785 763 obstinata
1815 722 2006 763 tandem

367 796 524 837 animo
556 807 658 836 esse
700 796 857 846 desiit,
896 795 955 834 ad
985 795 1318 846 melioremque
1348 799 1551 834 mentem
1586 805 1803 844 reversa,
1842 805 2007 845 pacem

367 879 475 908 cum
495 867 588 907 filia
609 878 879 918 generoque
901 867 1049 907 inivit.
1074 866 1225 916 Virgo
1247 865 1477 916 quaedam
1497 865 1645 905 variis
1666 877 1772 905 cum
1794 865 2007 916 corporis

367 944 466 979 tum
495 939 637 978 animi
668 938 852 978 dotibus
886 937 1105 988 insignis,
1144 942 1194 977 ut
1230 948 1369 988 quae,
1408 942 1594 987 praeter
1630 936 1746 975 alias
1781 935 2009 987 quasdam

368 1017 494 1050 artes
514 1009 622 1049 huic
645 1009 778 1049 sexui
799 1009 1198 1059 accommodatas,
1217 1008 1378 1047 literas
1399 1019 1583 1059 quoque
1604 1007 1845 1058 politiores
1865 1006 2010 1058 probe

369 1081 629 1131 didicisset,
661 1092 768 1120 cum
793 1080 846 1120 20
873 1092 1021 1120 annos
1048 1079 1251 1132 quadam
1282 1079 1329 1118 in
1358 1079 1586 1129 religione
1613 1078 1916 1129 perstitisset,
1952 1077 2011 1117 ad

371 1152 670 1204 ejusdemque
699 1151 1040 1203 professionem
1071 1150 1253 1190 admitti
1283 1150 1409 1190 nullo
1439 1155 1579 1201 pacto
1606 1149 1854 1199 Valuisset,
1887 1148 2011 1199 quod

369 1224 489 1264 aliae
511 1223 723 1263 coenobii
745 1222 967 1274 ejusdem,
986 1223 1094 1262 licet
1116 1222 1272 1261 multis
1294 1221 1505 1273 partibus
1527 1220 1787 1268 inferiores,
1807 1220 1896 1259 hoc
1917 1230 2012 1259 non

372 1301 527 1335 essent
547 1306 737 1346 passae,
761 1307 818 1334 ne
840 1300 1032 1346 propter
1054 1305 1189 1333 suam
1210 1293 1358 1344 ipsius
1388 1292 1613 1332 Virtutem
1640 1290 1879 1342 praefecta
1910 1290 2010 1330 reli-

369 1377 569 1417 quarum
593 1366 968 1414 constitueretur,
988 1370 1120 1405 tanta
1141 1364 1227 1404 fuit
1250 1364 1370 1404 mole
1390 1363 1695 1403 tentationem
1717 1373 1942 1413 oppressa
1963 1366 2012 1401 ut

372 1437 560 1477 omnino
583 1438 887 1488 egrederetur
909 1442 953 1476 et
974 1436 1021 1476 in
1041 1435 1329 1487 gravissima
1350 1440 1545 1486 peccata
1568 1433 1809 1473 incideret.
1833 1432 2014 1473 Verum

372 1509 451 1560 qui
472 1508 588 1548 dixit
614 1519 704 1559 ego
732 1519 840 1547 snm
867 1508 1052 1548 Pastor
1083 1508 1254 1556 bonus,
1283 1505 1627 1546 semilaniatam
1653 1516 1790 1544 ovem
1820 1515 1915 1543 non
1945 1509 2015 1543 est

371 1580 561 1619 omnino
590 1591 758 1631 passus
788 1579 974 1630 confici;
1006 1578 1116 1630 quin
1150 1578 1305 1629 potius
1340 1588 1445 1617 eam
1479 1588 1563 1616 sua
1598 1575 1745 1627 ipsius
1781 1575 2015 1615 dementia

372 1651 766 1701 comprehensam
802 1651 972 1702 diuque
1006 1655 1244 1701 raptatam
1270 1648 1391 1688 eruit
1424 1648 1480 1687 ab
1509 1658 1590 1687 ore
1617 1647 1714 1698 lupi
1752 1644 2013 1696 cujusdam,

374 1722 452 1773 qui
475 1721 736 1762 affirmabat
765 1722 943 1761 nullum
970 1732 1072 1761 esse
1100 1726 1347 1772 peccatum
1375 1719 1499 1770 quod
1527 1729 1633 1758 cum
1660 1718 1761 1768 ipso
1793 1727 2017 1757 commer-

374 1793 500 1833 cium
520 1792 729 1844 haberet,
756 1793 971 1844 exemplo
991 1792 1192 1832 filiarum
1213 1791 1350 1842 Loth,
1376 1790 1435 1830 ad
1456 1790 1670 1841 ovileque
1691 1789 1884 1839 remisit,
1908 1800 2015 1840 quo,

375 1876 459 1916 per
487 1865 714 1904 ecclesiae
742 1864 1052 1904 saluberrima
1080 1863 1424 1904 medicamenta
1454 1862 1501 1901 in
1528 1861 1775 1913 pristinam
1802 1860 2017 1900 restituta

376 1936 644 1986 sanitatem,
668 1936 714 1975 in
735 1947 932 1975 numero
954 1935 1206 1975 haberetur
1228 1939 1539 1974 caeterarum.

457 2006 737 2046 Haereticus
760 2006 965 2058 quidam,
990 2006 1068 2058 qui
1084 2005 1183 2057 jam
1204 2005 1282 2045 diu
1304 2015 1438 2045 sacra
1457 2002 1633 2055 jejunia
1655 2008 2015 2054 contempserat,

376 2076 581 2118 Sanctos
616 2090 710 2117 non
747 2077 951 2117 orandos
986 2083 1224 2127 tenuerat,
1262 2077 1485 2127 templum
1520 2074 1784 2131 adeundum
1814 2083 2017 2113 sacrum-

378 2161 467 2201 que
489 2149 773 2189 audiendum
794 2155 1080 2200 negaverat,
1105 2147 1470 2196 confessionem,
1507 2151 1666 2197 utpote
1687 2156 1780 2184 non
1806 2155 2019 2184 necessa-

378 2221 520 2271 riam,
543 2221 793 2272 reiecerat,
817 2232 912 2260 non
943 2231 1046 2260 esse
1076 2220 1123 2259 in
1153 2219 1307 2259 hostia
1339 2218 1513 2259 Christi
1541 2228 1712 2268 corpus
1739 2228 1890 2267 neque
1917 2227 2020 2255 san-

376 2292 568 2343 guinem
604 2291 894 2342 crediderat,
932 2302 1041 2330 ecce
1077 2290 1166 2330 Dei
1199 2290 1354 2341 gratia
1394 2294 1701 2341 praeventus,
1736 2286 2021 2338 poenitentia

379 2363 644 2403 admirabili
666 2369 835 2414 tactus,
858 2362 1022 2402 Patres
1043 2368 1230 2402 nostros
1253 2360 1381 2412 adiit,
1415 2361 1472 2400 ab
1496 2360 1644 2412 iisque
1666 2358 1903 2411 perversis
1928 2358 2020 2409 opi-

378 2434 598 2474 nionibus
629 2434 805 2474 destitit
835 2445 891 2473 ac
921 2433 1163 2473 Romanae
1197 2432 1426 2472 ecclesiae
1453 2431 1639 2483 penitus
1669 2430 1896 2470 adhaesit.
1930 2428 2021 2470 Sed

380 2505 469 2545 hoc
491 2505 547 2545 de
569 2516 741 2555 genere
764 2505 893 2545 satis.
918 2504 1237 2556 Progrederer
1253 2514 1454 2554 namque
1473 2503 1520 2543 in
1537 2503 1829 2551 immensum,
1851 2500 2020 2551 sigilla-

382 2576 464 2617 tim
486 2577 524 2616 si
545 2577 713 2616 vellem
736 2576 894 2616 omnia
914 2587 1177 2616 recensere.

461 2647 531 2687 De
553 2647 877 2687 confitentium
898 2653 1053 2687 autem
1074 2658 1270 2686 numero
1302 2657 1395 2685 non
1426 2651 1495 2685 est
1523 2643 1644 2696 quod
1673 2644 1819 2684 multa
1848 2643 2017 2691 dicam,

356 2706 359 2710 ”
383 2719 462 2770 qui
482 2719 669 2758 tametsi
690 2729 892 2769 magnus
913 2729 1097 2769 semper
1113 2717 1265 2757 videri
1286 2717 1448 2768 potuit,
1470 2716 1542 2756 die
1559 2722 1716 2755 tamen
1732 2713 1915 2754 Natalis
1931 2713 2021 2753 Do-

382 2789 497 2829 mini
527 2795 685 2829 tantus
713 2789 885 2840 extitit,
917 2795 965 2829 ut
1000 2801 1026 2828 a
1061 2788 1212 2828 media
1242 2794 1379 2827 nocte
1408 2786 1673 2837 incipiendo
1706 2785 1761 2825 ad
1793 2785 2023 2825 decimam

383 2859 481 2900 fere
508 2871 684 2900 nonam
714 2871 860 2911 usque
890 2860 1062 2900 fuerint
1096 2859 1386 2899 confitentes.
1415 2858 1596 2898 Verum
1624 2856 1747 2909 quod
1775 2857 1931 2907 plures
1963 2855 2023 2895 ad

385 2930 728 2971 consessionem
751 2931 1218 2982 communionemque
1240 2929 1428 2982 pellexit
1449 2928 1750 2980 attraxitque,
1771 2927 1858 2967 fuit
1880 2925 2023 2978 quod-

388 3001 496 3041 dam
516 3013 543 3040 a
565 3001 781 3042 Patribus
804 3001 1123 3041 introductum
1145 3001 1422 3049 institutum,
1441 3011 1623 3050 nempe,
1644 3005 1693 3038 ut
1714 2999 1794 3050 qui
1815 2997 2024 3037 crebrius

386 3072 585 3123 nollent,
610 3073 805 3123 singulis
827 3073 993 3112 saltem
1013 3072 1251 3112 mensibus
1272 3070 1461 3111 Domini
1489 3081 1700 3110 mensam
1727 3068 2021 3119 accederent,
