2168 3437
400 291 471 326 432
914 287 1140 324 LITTERAE
1167 298 1525 330 QUADRIMESTRES

400 386 521 436 legio
544 390 690 432 erant,
708 389 778 424 est
794 383 1000 434 habimS‚
1024 395 1082 423 ex
1104 384 1269 435 quibus
1290 390 1400 435 tres,
1425 386 1618 436 scilicet,
1641 386 1690 427 P.
1714 386 2034 427 Gondisalvus

399 469 426 496 a
448 456 660 505 Silveira‚
685 454 733 495 P.
759 455 998 495 Gonzalus
1018 454 1122 494 Vaz
1143 461 1187 495 et
1208 454 1256 494 P.
1281 456 1513 496 Antonius
1535 469 1561 496 a
1583 456 1797 508 Quadi-os
1821 457 1829 475 ¹
1848 457 2030 508 profes-

400 527 545 566 sionis
566 525 851 565 solemnibus
879 526 1003 565 votis
1025 537 1126 565 sese
1156 525 1450 566 addixerunt.
1486 526 1643 568 Voluit
1664 528 1946 579 professioni
1967 529 2030 568 in·
2065 517 2071 526 ⁶

398 605 575 637 teresse
592 596 691 647 ipse
710 596 813 636 Rex
835 608 890 636 ac
911 596 1147 648 principes
1169 602 1213 636 et
1234 609 1326 637 una
1349 609 1454 638 cum
1475 599 1600 638 omni
1620 599 1750 639 curia
1775 599 1834 639 ad
1855 599 2030 639 Divum

399 667 611 707 Rochum
632 668 775 718 Venit,
809 667 872 707 ita
901 667 1025 707 enim
1051 668 1273 719 templum
1304 669 1427 719 quod
1454 669 1648 709 dederat
1677 670 1951 721 appellatur,
1977 670 2033 710 si-

397 740 584 790 mulque
604 750 779 778 novam
807 739 972 778 domus
992 739 1339 789 possessionem
1360 751 1444 779 suo
1463 740 1667 780 adventu
1691 752 1747 780 ac
1769 741 2035 791 praesentia

398 810 668 849 celebravit.
697 809 1017 850 Concionatus
1039 816 1108 850 est
1125 809 1172 850 P.
1196 810 1481 851 Franciscus
1503 811 1575 861 (de
1597 824 1688 863 quo
1709 811 1916 863 inferius)
1938 823 2032 852 ma—

395 881 523 920 xima
553 881 680 932 regis
707 886 752 921 et
783 882 989 920 omnium
1020 881 1344 921 aedificatione
1380 882 1749 934 adhortatusque
1784 883 2035 934 praecipue

395 963 481 991 nos
512 958 583 991 est
610 957 741 992 tanto
775 951 962 992 fervore
994 957 1217 1003 tantaque
1244 953 1436 1004 spiritus
1469 953 1783 1004 vehementia,
1819 960 1869 994 ut
1903 954 2036 994 nobis

396 1022 612 1062 omnibus
633 1022 986 1062 innovationem
1016 1023 1267 1080 quamdam
1300 1024 1560 1074 spiritalem
1590 1024 1811 1064 attulerit.
1840 1025 1913 1065 Ex
1932 1036 2034 1076 pro-

394 1093 675 1133 fessionibus
697 1099 853 1133 autem
875 1094 1044 1133 mirum
1065 1094 1192 1134 dictu
1207 1094 1346 1134 fuerit
1363 1102 1555 1146 quanta,
1575 1107 1670 1135 non
1687 1096 1836 1135 solum
1857 1101 2035 1135 nostro-

394 1176 513 1212 rum,
534 1176 699 1205 verum
715 1165 855 1204 etiam
873 1165 1078 1204 omnium
1095 1166 1411 1216 praesentium
1428 1166 1595 1206 animis
1613 1166 1800 1206 devotio
1819 1178 2034 1206 accreve—

395 1236 474 1285 rit3
498 1236 544 1275 id
566 1236 688 1276 enim
705 1236 961 1276 lachrimae
982 1236 1252 1276 indicabant
1274 1244 1412 1288 atque
1436 1237 1651 1289 suspiria.
1673 1238 1865 1278 Tradita
1882 1238 2036 1277 fuerat

395 1307 498 1358 regi
519 1313 737 1346 votorum
759 1307 911 1347 forma
933 1308 1216 1359 conscripta,
1243 1319 1381 1359 quam
1403 1308 1444 1348 ei
1459 1308 1510 1348 P.
1528 1308 1812 1349 Franciscus
1833 1309 2032 1360 explica-

393 1379 494 1429 bat3
532 1385 694 1430 postea
734 1390 849 1418 vero
890 1385 1091 1430 quatuor
1125 1379 1451 1419 coadiutorum
1482 1380 1792 1431 spiritualium
1826 1380 1950 1420 votis
1985 1391 2034 1419 se

397 1450 732 1500 astrinxerunt,
753 1450 831 1489 alii
852 1461 965 1489 vero
988 1456 1189 1501 quatuor
1209 1451 1556 1502 temporalium3
1582 1451 1659 1502 qui
1680 1463 1795 1491 vero
1811 1450 2035 1492 Societati

392 1520 665 1560 scholastici
686 1520 841 1560 idonei
862 1527 1000 1572 atque
1023 1521 1270 1572 approbati
1291 1533 1393 1561 esse
1414 1527 1645 1572 poterant,
1675 1534 1861 1562 necnon
1890 1529 1934 1562 et
1957 1524 2034 1575 qui

364 1615 375 1624 -
394 1591 488 1631 iam
510 1591 626 1631 duos
648 1603 795 1631 annos
815 1592 861 1630 in
883 1590 1116 1631 Societate
1137 1598 1409 1643 exegerant,
1440 1604 1524 1632 sua
1545 1599 1657 1633 vota
1684 1601 2030 1645 nuncuparunt,

391 1662 472 1701 alii
493 1673 607 1701 vero
631 1662 756 1711 item,
781 1662 860 1713 qui
880 1662 1088 1702 nondum
1110 1663 1169 1702 ad
1191 1663 1236 1703 id
1257 1664 1483 1714 temporis
1505 1664 1838 1716 adimpletione
1860 1665 2032 1716 obliga-

394 1733 580 1783 bantur,
604 1733 835 1783 fecerunt;
860 1733 906 1772 in
929 1733 1095 1784 quibus
1125 1734 1339 1774 omnibus
1367 1735 1481 1774 ordo
1510 1741 1648 1787 atque
1669 1735 1823 1776 forma
1851 1736 1897 1775 in
1925 1748 2028 1776 con-

391 1803 708 1844 stitutionibus
743 1804 917 1844 tradita
945 1810 1134 1844 servata
1168 1812 1251 1845 est.
1285 1805 1490 1845 Professi
1512 1818 1641 1856 vero,
1665 1805 1719 1846 R.
1749 1806 1816 1857 R,
1846 1807 1894 1847 hi
1922 1813 2030 1847 sunt

392 1875 559 1926 spiritu
580 1881 624 1915 et
646 1875 785 1915 rebus
807 1876 854 1915 in
876 1874 1109 1916 Societate
1129 1876 1290 1927 gestis,
1325 1877 1380 1916 de
1408 1878 1575 1928 quibus
1601 1878 1809 1918 maxima
1836 1878 1895 1918 sit
1927 1890 2031 1918 con-

390 1953 527 1997 cepta
549 1957 670 1998 spes.
693 1945 878 1998 Reliqui
894 1958 1007 1986 vero
1029 1959 1114 1998 pro
1137 1959 1220 1987 suo
1243 1948 1437 1999 quisque
1458 1960 1651 1988 munere
1672 1949 1900 1989 eiusmodi
1926 1956 2032 1989 sunt

391 2018 470 2068 qui
492 2029 594 2057 esse
616 2017 799 2057 debent.
824 2017 942 2057 Tam
964 2030 1078 2058 vero
1100 2018 1299 2069 professi
1320 2030 1460 2070 quam
1482 2020 1779 2060 coadiutores
1796 2020 1846 2060 Ρ.
1869 2020 2032 2060 Hiero-

389 2100 533 2140 nymo
555 2088 713 2129 Natali
738 2089 895 2128 locum
923 2088 1011 2128 Dei
1032 2089 1208 2129 tenenti
1229 2095 1340 2129 vota
1371 2101 1456 2130 sua
1481 2097 1825 2142 nuncuparunt.
1859 2090 1909 2131 In
1931 2092 2027 2131 divi

391 2154 540 2200 Ro'chi
557 2167 651 2200 tres
666 2160 823 2199 statim
839 2159 1039 2211 professi
1056 2166 1162 2200 sunt
1185 2161 1427 2201 constituti
1445 2161 1629 2213 duoque
1646 2162 1692 2201 in
1709 2162 2030 2213 spiritualibus

390 2244 446 2271 ac
468 2238 565 2272 tres
587 2232 633 2271 in
655 2231 990 2283 temporalibus
1012 2231 1330 2283 coadjutores,
1362 2233 1528 2284 reliqui
1555 2233 1678 2273 enim
1705 2233 1901 2284 Collegii
1930 2234 2032 2274 usui

389 2303 646 2343 necessarii
668 2310 817 2343 erant.
843 2302 1007 2354 Coepit
1028 2303 1186 2343 statim
1216 2303 1421 2344 maxima
1443 2316 1546 2344 esse
1575 2304 1920 2345 confessionum
1945 2305 2031 2345 fre-

392 2374 598 2426 quentia.
623 2373 847 2425 Sequenti
868 2379 1024 2414 autem
1042 2374 1114 2414 die
1136 2374 1374 2414 dominica
1392 2380 1436 2414 et
1454 2375 1705 2415 conciones
1722 2381 1766 2416 et
1783 2375 1839 2415 de
1857 2375 2031 2416 Christi

392 2446 608 2486 doctrina
629 2446 857 2485 lectiones
880 2450 1014 2485 erant
1034 2445 1342 2486 inchoandae.
1367 2445 1578 2486 Affluunt
1600 2447 1714 2488 satis
1736 2447 2031 2487 abundanter

390 2517 701 2557 eleemosinae
722 2517 990 2568 multaeque
1012 2516 1072 2556 ad
1092 2517 1411 2557 aedificiorum
1439 2518 1780 2560 extructionem
1808 2519 2030 2569 pollicita-

390 2589 557 2639 tiones;
572 2589 620 2628 in
636 2589 894 2628 maximam
904 2587 1116 2639 profecto
1134 2587 1223 2628 Dei
1239 2589 1425 2629 laudem
1442 2590 1596 2640 vergit
1613 2595 1744 2629 tanta
1761 2590 1902 2630 totius
1920 2590 2030 2630 civi-

390 2661 500 2700 tatis
517 2660 757 2711 exultatio,
778 2665 1001 2710 tantaque
1019 2659 1074 2699 de
1091 2659 1179 2699 hac
1197 2659 1444 2700 Societatis
1460 2659 1776 2712 patefactione
1793 2661 2030 2712 ipsiusque

392 2732 530 2772 rebus
553 2731 915 2783 congratulatio.
939 2731 1072 2771 Multi
1093 2731 1279 2783 quidem
1296 2731 1441 2783 recipi
1462 2732 1648 2782 vellent,
1669 2732 1791 2784 quod
1813 2732 1879 2782 (ut
1898 2744 2030 2784 opor-

390 2803 469 2853 tet)
494 2803 700 2842 maxima
718 2802 1038 2858 diligentiaac
1059 2802 1252 2842 consilio
1281 2802 1489 2842 adhibito
1509 2802 1580 2854 fit;
1604 2808 1711 2843 sunt
1732 2809 1890 2843 tamen
1918 2815 2027 2843 non-

390 2875 515 2924 nulli,
539 2879 699 2914 nostro
722 2873 819 2925 apti
839 2873 1065 2921 insutum,
1090 2874 1182 2913 iam
1204 2873 1399 2925 recepti;
1424 2873 1502 2913 alii
1522 2885 1637 2914 vero
1653 2874 1701 2914 in
1721 2874 1907 2925 longius
1926 2885 2029 2925 pro-

443 3058 452 3077 i
492 3057 584 3085 Idem
600 3065 639 3084 ac
654 3057 843 3091 Tiburtius,
861 3063 924 3090 quo
939 3055 1070 3083 nomine
1087 3056 1118 3083 in
1136 3056 1278 3090 hispano
1295 3056 1511 3090 autographo
1527 3056 1724 3090 appellatur
1739 3059 1771 3083 et
1787 3056 1830 3083 ad
1845 3056 1907 3083 hoc
1924 3063 2028 3090 usque

388 3110 520 3140 tempus
531 3107 785 3140 appellabatur.
801 3105 888 3132 Vide
905 3104 1073 3137 PoLAxco,
1090 3104 1292 3138 Clzronicon,
1309 3109 1332 3132 t.
1349 3112 1398 3137 111,
1414 3112 1492 3139 pag.
1511 3105 1557 3138 16,
1572 3107 1687 3132 annot.
1703 3104 1729 3132 2.
