2168 3437
370 293 441 330 324
884 291 1110 329 LITTERAE
1138 302 1498 334 QUADRIMESTRES

369 390 527 430 chiesa
549 395 593 428 et
614 388 658 428 di
686 389 764 439 pisi
791 388 999 439 intrada,
1030 388 1162 428 accio
1192 389 1272 440 pisi
1299 389 1344 429 di
1371 389 1476 441 quei
1502 390 1730 440 poverelli
1757 393 2003 432 trattenire

368 461 407 500 si
427 460 684 512 potessino.
708 459 752 499 A
773 460 914 499 molte
936 470 1045 499 case
1075 464 1120 499 et
1141 459 1379 511 fameglie,
1405 460 1477 500 ch’
1508 461 1642 501 anch’
1671 462 1763 512 egli
1793 462 1849 502 de
1878 463 2011 503 limo-⁷

367 532 465 571 sine
487 530 748 582 provedere
769 530 945 580 soleva,
970 530 1014 570 al
1034 536 1252 581 presente
1283 543 1377 571 non
1404 531 1445 571 si
1471 543 1655 572 manca.
1685 532 1817 573 Nessa
1846 534 2003 574 chiesa

366 614 465 642 nra.
491 601 537 641 di
557 600 645 642 §.ta
661 600 812 641 Maria
834 601 936 651 (che
957 601 1312 652 volgaremente
1333 600 1428 642 San
1443 602 1659 654 Philippo
1677 607 1700 643 6
1719 603 1956 645 chiamata
1975 603 2009 655 ¹)

365 673 403 713 si
423 684 676 724 persevera
700 672 903 713 tuttavia
922 684 981 712 ne
1003 672 1126 713 soliti
1148 673 1378 713 essercitii
1406 673 1452 713 di
1478 674 1723 725 prediche,
1752 675 1931 716 lettioni
1957 682 2002 716 et

366 744 661 784 confessioni.
682 743 822 795 Quivi
842 743 903 784 M.
936 743 1137 784 Michele
1163 742 1177 762 ²
1208 744 1431 785 continua
1458 745 1568 796 ogni
1595 745 1839 786 domenica
1865 759 1890 787 e
1919 758 2002 788 sue

363 816 598 868 prediche,
635 821 680 856 et
715 816 866 867 questi
901 816 1079 867 passati
1117 815 1294 867 giomi,
1336 816 1534 856 essendo
1574 823 1695 857 stato
1734 818 1839 857 nell'
1881 819 2001 859 altra

364 888 522 928 chiesa
542 886 692 928 (115.ῒο
723 886 945 937 Antonio,
971 898 1060 926 con
1081 888 1223 927 molto
1246 899 1474 927 concorso
1497 893 1541 927 et
1570 894 1821 938 augmento
1852 889 1896 929 di
1923 901 1997 929 au-

363 959 546 1010 ditorio,
571 958 712 999 etiam
736 957 783 998 di
803 958 933 998 molti
955 958 1114 1009 nobili,
1139 959 1261 998 nella
1282 970 1407 999 nova
1426 959 1584 999 chiesa
1601 971 1694 999 non
1709 971 1941 1001 mancano
1958 968 2001 1001 et

361 1030 407 1070 vi
433 1041 653 1081 vengano
689 1029 1125 1081 abondevolmente,
1164 1029 1385 1081 avengha
1416 1029 1501 1070 che
1530 1030 1577 1069 in
1606 1031 1723 1070 altre
1758 1031 1913 1071 chiese
1947 1043 2000 1071 ce

360 1101 492 1142 siano
516 1107 636 1141 state
658 1112 842 1152 sempre
862 1101 1088 1152 prediche
1110 1112 1134 1140 e
1159 1113 1214 1141 ve
1240 1112 1299 1141 ne
1327 1101 1475 1141 siano.
1502 1100 1634 1141 Oltra
1655 1102 1702 1141 di
1723 1102 1795 1142 cio
1816 1103 1862 1142 in
1894 1103 2000 1143 altri

358 1172 534 1224 luoghi,
558 1172 623 1224 pii
643 1183 833 1223 ancora,
857 1184 952 1212 non
973 1164 1156 1221 manca,
1181 1172 1379 1212 essendo
1400 1172 1654 1218 rechiesto,
1680 1184 1812 1213 come
1843 1185 1998 1214 mona-

357 1244 486 1284 sterii
508 1249 552 1284 et
574 1244 740 1284 alcune
761 1243 1122 1294 congregationi
1143 1242 1227 1283 che
1255 1242 1340 1283 far'
1368 1243 1408 1283 si
1441 1243 1668 1294 sogliono.
1701 1244 1777 1284 Ma
1805 1245 1997 1296 special-

356 1321 510 1356 mente
531 1315 579 1355 in
600 1327 662 1355 un
683 1314 967 1354 monasterio
990 1314 1110 1354 ch’el
1132 1313 1302 1365 Signor
1324 1313 1693 1355 Archevescovo
1726 1313 1739 1332 ³
1760 1315 1993 1356 risormar’

354 1387 558 1435 intende,
583 1392 627 1426 et
647 1386 706 1426 ha
729 1385 1058 1426 comminciato
1080 1384 1139 1425 ad
1160 1385 1375 1425 instanza
1396 1384 1442 1425 di
1463 1384 1507 1426 S.
1532 1384 1602 1426 §.a
1623 1384 1738 1426 Rma
1768 1385 1875 1435 (che
1903 1398 1996 1427 una

357 1459 484 1499 volta
505 1458 654 1498 anche
676 1458 735 1498 ha
759 1458 918 1498 voluto
941 1468 1097 1498 essere
1117 1457 1356 1509 presente)
1386 1469 1413 1497 a
1440 1456 1563 1497 dette
1591 1458 1822 1497 monache
1848 1457 1996 1509 predi-

356 1530 521 1570 cando.
544 1529 674 1570 Iddio
695 1530 756 1569 ha
787 1534 980 1580 operato
1009 1528 1094 1569 che
1121 1529 1166 1568 al
1191 1528 1373 1569 desiato
1400 1527 1490 1568 fine
1517 1529 1660 1568 molto
1692 1528 1731 1568 si
1758 1540 1844 1569 son
1874 1540 1996 1569 com-

356 1613 510 1641 mosse
532 1606 577 1641 et
598 1601 861 1652 aggiutate3
890 1601 932 1640 16
959 1601 1060 1640 loro
1088 1599 1315 1640 lachrime
1348 1605 1393 1640 et
1413 1599 1654 1640 universal
1673 1600 1834 1651 pianto
1858 1600 1903 1640 di
1922 1600 1995 1641 cio

353 1673 508 1713 dando
530 1672 696 1713 alhora
718 1671 905 1712 indicio.
928 1670 1072 1712 Resto
1090 1671 1231 1711 etiam
1248 1670 1525 1722 Monsignor
1540 1672 1683 1711 molto
1702 1671 1931 1723 edificato,
1951 1672 1996 1711 la

353 1744 471 1784 onde
493 1743 760 1784 mandando
782 1742 1007 1783 chiamar’
1032 1742 1094 1783 M.
1116 1741 1331 1793 Michele,
1357 1742 1543 1782 diverse
1563 1743 1689 1782 volte
1715 1742 1781 1793 gli
1811 1742 1870 1782 ha
1894 1754 1995 1794 pre-

352 1815 497 1866 ghato
519 1826 613 1855 non
634 1814 870 1854 mancassi
891 1813 1089 1865 qualche
1111 1813 1242 1854 volta
1269 1813 1453 1854 visitar'
1485 1813 1610 1853 detto
1639 1813 1924 1854 monasterio
1951 1820 1996 1854 et

352 1886 636 1938 predicarvi.

429 1957 564 1998 Della
591 1958 908 1998 benevolenza
937 1957 1086 1997 anche
1107 1962 1152 1997 et
1174 1955 1410 1997 affettione
1433 1956 1519 1996 6116
1540 1955 1585 1997 S.
1609 1955 1680 1996 Sa
1699 1955 1815 1996 Rma
1836 1968 1863 1997 a
1883 1957 1992 1998 tutti

350 2029 489 2081 quelli
510 2029 630 2070 della
651 2029 944 2081 Compagnia
965 2034 1122 2080 porta,
1146 2032 1171 2068 6
1192 2034 1263 2068 sta
1286 2032 1449 2078 questo
1478 2039 1570 2067 uno
1600 2027 1815 2067 evidente
1845 2039 1992 2080 segno

349 2100 459 2151 che,
483 2100 702 2141 havendo
738 2101 993 2141 deliberato
1026 2112 1109 2152 per
1143 2100 1188 2139 la
1220 2110 1391 2139 comun
1424 2110 1541 2150 pace
1577 2098 1662 2138 far'
1701 2100 2015 2151 processioni'

348 2172 421 2212 col
441 2173 587 2223 clero,
613 2172 798 2212 diverse
820 2172 975 2212 chiese
996 2170 1256 2221 visitandO,
1286 2170 1348 2210 ha
1369 2171 1529 2210 voluto
1557 2170 1709 2222 prima
1736 2172 1871 2212 venir
1898 2173 1990 2212 alla

349 2243 508 2284 chiesa
528 2249 705 2283 nostra.

427 2314 496 2354 La
530 2315 722 2355 lettione
756 2313 880 2354 dalla
914 2313 1119 2354 dottrina
1158 2312 1290 2354 Χ.ἰειῐιὲῑ
1323 2314 1368 2353 al
1402 2324 1593 2363 venere,
1641 2312 1672 2352 il
1712 2312 1765 2353 R.
1809 2312 1859 2353 Ρ.
1902 2313 1985 2353 M.0

346 2385 521 2426 Pauolo
538 2384 553 2403 ‘⁴
567 2397 662 2425 non
678 2385 773 2425 mai
786 2386 814 2425 l'
835 2396 862 2424 a
878 2385 1156 2425 intermesso
1173 2396 1319 2424 senon
1335 2396 1418 2435 per
1435 2383 1621 2434 urgenti
1638 2384 1835 2435 negocii.
1856 2384 1985 2425 Hora

346 2464 503 2497 tamen
524 2457 564 2497 si
585 2457 806 2497 continua
828 2457 949 2496 colla
978 2455 1233 2496 medesima
1261 2455 1517 2506 diligentia3
1548 2455 1671 2495 nella
1694 2467 1779 2495 sua
1803 2455 1983 2495 ordina-

346 2528 416 2568 ria
435 2528 625 2569 lettione
646 2528 838 2579 hebrea,
863 2528 999 2579 quale
1020 2526 1142 2578 dopo
1163 2527 1207 2566 la
1227 2526 1401 2578 partita
1418 2526 1491 2566 del
1508 2526 1561 2566 R.
1582 2525 1630 2565 P.
1649 2525 1736 2566 M.0
1752 2526 1792 2566 N
1797 2526 1904 2566 adal
1924 2526 1985 2566 ha

346 2599 676 2640 comminciato
698 2611 725 2639 a
745 2599 923 2650 legger’
949 2597 1060 2648 ogni
1081 2597 1268 2648 giorno,
1293 2608 1563 2649 persevera.

425 2669 491 2711 Le
517 2669 822 2720 confessioni,
854 2668 975 2720 dopo
1004 2668 1088 2708 che
1117 2668 1159 2708 ci
1187 2668 1306 2708 siam
1335 2673 1514 2708 mutato
1541 2660 1590 2707 in
1622 2666 1710 2708 Sta
1737 2667 1910 2726 Maria,
1944 2668 1983 2707 si

345 2753 429 2781 son
451 2746 752 2792 augmentate
774 2740 853 2791 piu
874 2745 918 2780 et
938 2739 969 2779 il
991 2750 1217 2780 concorso
1240 2739 1328 2779 alle
1358 2749 1523 2779 messe.
1553 2737 1686 2779 Nella
1713 2738 1980 2789 quaresima

397 2972 403 2991 ¹
445 2970 531 2998 Vide
548 2970 715 3004 POLANCO,
731 2969 934 3003 Clzronicon,
948 2972 971 2997 t.
988 2976 1034 3003 111,
1051 2976 1129 3003 pag.
1145 2968 1208 3003 205,
1224 2973 1294 2996 not.
1312 2969 1336 2995 1.

394 3019 407 3038 ‘2
445 3017 610 3052 Magister
625 3017 771 3045 Michael
787 3017 942 3044 Botelho.

394 3065 408 3084 5
445 3063 567 3092 Petrus
583 3064 766 3097 Tagliavia
782 3065 821 3091 de
838 3064 989 3098 Aragon.

393 3113 407 3132 4
444 3109 519 3144 Ipse
533 3112 656 3139 harum
670 3111 866 3138 litterarum
881 3114 1011 3138 auctor.
1028 3110 1063 3139 P.
1082 3110 1208 3138 Paulus
1223 3110 1252 3137 d'
1265 3111 1420 3138 Achillis
