2168 3437
394 208 443 246 86
905 211 1132 248 LITTERAE
1159 222 1517 254 QUADRIMESTRES

394 311 552 346 mento
573 307 952 347 corroborarunt.
982 307 1203 348 Nonnulli
1223 309 1363 348 etiam
1384 321 1442 349 ex
1462 309 1686 350 fratribus
1706 312 1920 352 morienti
1942 324 2037 352 mu—

395 376 497 416 lieri
526 389 619 417 non
640 378 739 418 sine
769 379 914 418 multo
944 378 1099 419 fructu
1126 379 1390 420 adfuerunt.
1423 380 1615 421 Plurimi
1643 382 1773 433 item,
1804 383 1967 434 pietati
1994 390 2038 424 et

394 447 680 489 christianae
710 450 927 500 religioni
958 451 1158 491 caeteris
1193 451 1297 502 plus
1327 451 1483 502 dediti,
1517 451 1680 493 diebus
1714 454 1959 494 dominicis
1994 461 2038 495 et

395 520 648 571 praecipue
687 521 814 561 seriis
854 522 1215 562 solemnioribus
1254 523 1654 574 sacratissimam,
1696 530 1803 565 ante
1841 532 2038 576 peccata

394 602 480 630 sua
511 592 735 641 confessi,
770 592 960 633 Domini
981 605 1191 634 mensam
1222 595 1467 635 accedunt.
1492 594 1654 635 Plures
1676 596 1816 636 etiam
1843 608 2036 648 genera-

395 661 485 701 lem
520 663 663 703 totius
697 663 824 704 vitae
859 676 971 704 suae
1009 665 1351 706 confessionem
1386 667 1695 718 protulerunt.
1737 667 1895 719 Aliqui
1928 668 2037 708 item

395 733 731 774 exercitiorum
761 740 1031 776 nostrorum
1061 737 1298 787 palaestra
1335 748 1438 777 sese
1473 744 1802 778 exercuerunt.
1844 738 2040 790 Insuper

392 810 581 854 praeter
608 810 703 845 tres
735 817 883 858 nuper
911 806 1109 848 Romam
1139 808 1309 848 missos
1339 808 1662 849 adolescentes
1687 807 1713 859 ¹,
1739 816 1931 861 quartus
1962 810 2036 850 ad-

392 874 484 914 huc
519 876 704 927 quidem
737 877 888 918 bonae
923 879 1021 929 spei
1057 879 1240 919 iuvenis
1275 880 1350 920 hic
1384 880 1521 920 nobis
1563 881 1812 921 adiunctus
1851 887 1941 931 est;
1983 882 2040 922 de

393 948 630 988 nonnullis
660 949 801 989 etiam
835 950 939 989 aliis
970 962 1063 990 non
1096 951 1317 1001 exiguam
1347 963 1476 1003 spem
1509 953 1827 1004 concepimus.
1863 952 1913 993 P.
1945 952 2037 992 An-

393 1018 533 1059 dreas
553 1019 792 1071 foeminiS,
819 1032 937 1072 quas
963 1022 1109 1072 vulgo
1141 1034 1400 1062 conversas
1428 1028 1623 1072 vocant,
1657 1023 1904 1074 aliquoties
1934 1035 2038 1063 con-

391 1089 607 1131 cionatus
643 1097 735 1131 est:
772 1091 895 1132 idem
930 1093 977 1132 in
1011 1093 1231 1144 hospitali
1265 1093 1593 1134 incurabilium
1632 1094 1872 1145 sigillatim
1910 1094 2039 1135 viros

392 1173 449 1201 ac
474 1162 694 1202 mulieres
722 1163 894 1203 ibidem
922 1164 1272 1214 decumbentes,
1298 1165 1590 1217 saepiuscule
1612 1166 1772 1206 habita
1795 1167 2036 1217 concione,

391 1234 452 1273 ad
478 1234 754 1285 patientiam
781 1234 964 1275 fortiter
992 1236 1235 1276 animavit.
1271 1236 1521 1277 Praeterea
1558 1238 1604 1277 in
1639 1237 1860 1277 Adventu
1892 1238 1938 1278 in
1966 1249 2035 1277 sa-

389 1305 507 1344 cello
531 1311 692 1345 nostro
715 1306 1022 1347 concionatus
1042 1314 1135 1347 est:
1162 1308 1322 1348 diebus
1343 1309 1531 1348 veneris
1557 1321 1686 1349 more
1707 1310 1844 1349 solito
1868 1309 2035 1350 doctri-

390 1388 501 1416 nam
544 1376 851 1417 christianam
889 1378 1018 1429 legit.
1053 1379 1324 1419 Lectionem
1359 1380 1667 1431 psalmorum,
1708 1393 1848 1432 quam
1878 1381 1925 1421 in
1962 1393 2032 1421 ae-

388 1452 511 1487 state
542 1447 834 1500 incoeperat‚
858 1456 1136 1500 prosecutus
1166 1456 1235 1490 est
1262 1462 1408 1502 usque
1438 1451 1547 1491 dum
1568 1451 1667 1491 Rus
1688 1451 1738 1491 P.
1760 1458 1920 1493 noster
1940 1453 2035 1494 Sal-

387 1530 551 1558 meron
572 1518 586 1537 ²
604 1519 694 1559 huc
719 1521 987 1571 appelleret,
1013 1521 1091 1572 qui
1113 1521 1222 1562 huic
1245 1522 1503 1562 succedens
1533 1523 1738 1575 incoepit
1770 1535 2035 1565 sermonem

386 1588 577 1630 Domini
616 1590 661 1630 in
701 1591 859 1631 Monte
890 1591 1203 1643 interpretari.
1239 1592 1403 1644 Porro,
1445 1600 1619 1645 quanto
1655 1595 1925 1635 auditorum
1958 1608 2032 1647 ap-

386 1661 553 1711 plausu
577 1673 632 1701 ac
653 1661 916 1713 frequentia
938 1669 1206 1714 quantaque
1234 1664 1519 1705 authoritate
1550 1671 1690 1717 atque
1716 1667 1871 1717 gratia
1902 1667 1948 1707 in
1979 1680 2034 1707 ea

386 1732 586 1772 lectione
621 1739 852 1783 versetur,
880 1734 1037 1774 multis
1072 1734 1147 1774 hic
1174 1736 1391 1786 persequi
1424 1748 1518 1776 non
1548 1737 1739 1787 attinet;
1768 1738 1858 1778 hoc
1888 1750 2033 1778 unum

385 1809 544 1843 tamen
576 1804 681 1844 dico
704 1804 951 1845 universos
973 1816 999 1844 a
1022 1805 1214 1845 minimo
1246 1818 1393 1858 usque
1423 1807 1481 1846 ad
1511 1808 1771 1848 maximum
1800 1810 2033 1860 legentem

383 1874 623 1924 admirari,
644 1881 687 1915 et
704 1887 837 1925 sane,
859 1875 981 1927 quod
997 1876 1167 1916 mirum
1184 1883 1268 1928 est,
1293 1877 1591 1929 dexteritate,
1616 1890 1706 1930 qua
1729 1880 1775 1919 in
1798 1886 2026 1931 suggestu

382 1945 507 1997 apud
541 1947 763 1998 populum
797 1952 1038 1997 versatur,
1077 1947 1241 1988 eadem
1282 1955 1362 1989 aut
1397 1949 1538 1989 etiam
1577 1950 1747 1991 maiori
1786 1951 1906 1991 inter
1946 1964 2032 1991 nos

381 2017 501 2068 agit,
538 2018 695 2058 omnia
729 2019 848 2058 mira
881 2018 1084 2069 quadam
1118 2019 1349 2060 industria
1384 2033 1438 2060 ac
1473 2021 1704 2072 sapientia
1739 2023 2022 2073 ponderans,

382 2088 637 2140 disponens
659 2090 1021 2142 moderansque;
1046 2091 1127 2131 sed
1149 2097 1228 2131 aut
1250 2103 1355 2131 mea
1374 2103 1448 2132 me
1475 2092 1592 2133 fallit
1621 2093 1794 2144 opinio,
1828 2100 1907 2134 aut
1936 2107 2031 2135 non

382 2160 562 2211 indiget
585 2167 747 2201 nostra
769 2161 1196 2202 commendatione:
1227 2174 1337 2202 nam
1358 2163 1508 2214 qualis
1531 2164 1606 2203 vir
1626 2164 1673 2204 in
1703 2165 1842 2204 rebus
1868 2176 2030 2216 geren-

382 2231 454 2271 dis
489 2232 568 2282 sit‚
607 2232 722 2272 satis
759 2238 1051 2284 compertum
1084 2239 1167 2272 est.
1207 2233 1455 2273 Lectiones
1491 2242 1678 2275 nostras
1715 2236 1774 2276 ad
1809 2237 2032 2277 calendas

384 2301 666 2343 Novembris
707 2304 1072 2355 resumpsimus,
1116 2304 1282 2355 quibus
1322 2310 1417 2345 tres
1463 2306 1702 2347 orationes
1743 2308 2031 2358 praemissae

383 2381 514 2425 sunt,
546 2386 744 2426 quarum
778 2386 920 2415 unam
957 2374 1082 2426 Mag.
1117 2375 1338 2416 Nicolaus
1369 2375 1396 2426 ⁵,
1435 2377 1633 2417 alteram
1666 2377 1792 2429 Mag.
1828 2378 2030 2419 Leonar-

381 2445 469 2486 dus
497 2445 526 2497 ⁴,
565 2447 778 2487 ultimam
808 2447 998 2498 quidam
1024 2458 1048 2486 e
1078 2446 1320 2498 discipulis
1354 2446 1536 2488 Nicolai
1563 2451 1947 2500 pronunciarunt.
1979 2451 2030 2491 In

387 2517 475 2568 his,
501 2518 694 2570 copioso
716 2518 831 2558 satis
859 2517 1193 2569 discipulorum
1223 2530 1432 2570 numerO,
1457 2532 1622 2560 verum
1642 2521 1816 2572 fructu,
1851 2527 1899 2562 ut
1930 2534 2027 2573 spe-

382 2601 450 2639 ro,
492 2590 723 2640 uberiori,
766 2601 1028 2630 versamur.
1066 2589 1230 2629 Patres
1265 2595 1309 2630 et
1343 2590 1527 2641 fratres,
1565 2603 1727 2633 omnes
1761 2593 2027 2644 quindecim

382 2672 592 2711 numero,
617 2661 734 2701 bene
762 2661 940 2712 valent,
972 2672 1169 2712 quorum
1190 2661 1379 2701 nomina
1401 2662 1517 2703 haec
1538 2670 1667 2704 sunt:
1692 2663 1742 2704 P.
1766 2663 2025 2715 Salmeron,

439 2797 449 2815 ¹
494 2796 623 2823 Horum
651 2804 734 2823 unus
759 2797 822 2823 suit
851 2796 996 2823 Micha'el
1026 2795 1174 2830 Vignes‚
1202 2795 1402 2830 Hieronymi
1430 2797 1550 2825 frater.
1581 2797 1746 2833 PotAANco,
1777 2800 1911 2833 Clzron„
1940 2804 1962 2827 t.
1991 2807 2026 2833 ῐῐ,

382 2852 462 2879 pag.
481 2844 545 2877 524,
562 2852 639 2872 ann.
657 2844 734 2876 1552,
750 2852 780 2871 n.
797 2844 859 2871 267.

439 2892 453 2911 ἓ
493 2892 528 2920 P.
553 2892 750 2926 Alphonsus
775 2892 962 2925 Salmeron,
988 2892 1041 2926 qui
1068 2891 1243 2926 Neapolim
1269 2892 1375 2919 Roma
1395 2893 1494 2926 juxta
1510 2894 1656 2921 medium
1672 2893 1853 2922 Octobrem
1869 2900 2023 2923 venerat.

384 2942 489 2974 Ibid„
504 2949 583 2976 pag.
598 2941 661 2974 526,
679 2948 708 2967 n.
727 2940 787 2967 272.

445 2989 459 3009 3
496 2989 713 3016 Paradensis.

444 3038 458 3056 J*
496 3036 704 3063 Parmensis.
