2168 3437
877 218 960 255 AN.
992 217 1084 255 1554
1724 217 1795 255 655

155 314 343 365 scripsi,
381 314 427 354 in
461 314 550 354 hac
585 325 669 354 sua
702 314 816 354 urbe
852 320 1043 365 operata
1078 321 1167 365 est,
1206 320 1250 354 et
1279 315 1326 354 in
1359 314 1458 355 dies
1489 320 1710 366 operatur
1745 315 1791 355 in

155 396 317 424 eorum
337 385 629 436 potissimum
647 384 879 435 cordibus,
904 385 981 436 qui
1004 385 1067 425 illi
1089 384 1328 425 ardentius
1345 385 1606 425 inhaerent.
1630 384 1789 436 Impri-

156 456 241 495 mis
276 456 440 496 scitote
475 456 534 496 ad
562 456 685 496 hunc
715 467 861 508 usque
889 455 1006 496 diem
1041 457 1088 496 in
1116 456 1253 496 huius
1283 456 1490 496 civitatis
1519 455 1792 496 diversoriis

156 527 425 567 meretrices
461 539 517 567 ac
542 527 818 578 prostitutas
845 527 1062 567 mulieres
1093 527 1256 567 solitas
1285 527 1428 567 fuisse
1456 539 1669 576 manere,
1701 538 1792 578 qua

156 597 212 636 de
248 609 390 637 causa
418 598 464 637 in
491 598 633 637 hmoi.
664 598 780 638 locis
813 609 1013 648 magnae
1042 598 1141 638 Deo
1174 609 1355 638 summo
1391 598 1588 637 iniuriae
1622 598 1793 638 fiebant

156 668 214 707 ob
237 669 415 708 scelera
437 674 481 707 et
502 674 697 719 peccata
720 669 992 718 turpissima
1012 668 1184 708 ibidem
1207 669 1252 708 in
1274 680 1379 708 eum
1408 669 1683 718 commissa;
1716 669 1791 708 do-

156 750 241 778 nec
263 738 423 778 divina
446 750 533 790 ope
554 744 598 778 et
619 739 773 779 Patris
795 739 1035 790 diligentia
1063 739 1170 778 huic
1198 740 1320 779 malo
1352 739 1608 779 remedium
1636 740 1792 779 inven-

156 815 252 848 tum
275 815 363 858 est,
388 821 480 849 non
502 810 602 849 sine
629 821 802 860 magno
831 810 975 861 ipsius
1002 810 1182 859 labore,
1213 810 1383 861 quippe
1413 810 1491 862 qui
1519 822 1545 849 a
1578 811 1792 850 ministro

157 879 215 919 ad
239 879 444 920 Iudicem
477 886 521 920 et
552 881 609 920 ab
636 881 724 927 hoc
760 881 819 921 ad
851 881 979 921 illum
1015 893 1154 931 saepe
1190 882 1439 931 cursitare,
1474 883 1793 933 speculatores

155 951 296 991 etiam
326 952 467 992 certis
493 952 609 992 locis
639 952 937 1002 constituere,
962 958 1010 991 ut
1038 952 1293 1003 exploratis
1315 953 1549 1001 omnibus,
1581 965 1699 1004 quae
1738 954 1793 994 de

155 1022 245 1062 illis
266 1024 618 1074 comperissent,
642 1024 774 1064 nobis
796 1024 1037 1074 referrent,
1063 1029 1107 1062 et
1130 1023 1314 1063 demum
1345 1024 1455 1063 totis
1482 1024 1659 1063 viribus
1687 1036 1793 1064 con-

155 1092 346 1133 tendere
367 1101 415 1133 ut
437 1095 763 1145 quaestuarias
789 1094 893 1134 illas
922 1094 1151 1134 foeminas
1174 1106 1200 1133 a
1222 1094 1493 1134 diversoriis
1525 1095 1790 1146 expelleret.

155 1163 351 1204 Factum
374 1171 443 1205 est
464 1166 606 1205 etiam
629 1165 784 1205 divina
813 1164 1134 1205 misericordia
1156 1171 1204 1204 ut
1226 1165 1415 1216 quidam
1448 1166 1794 1206 matrimonium

156 1235 507 1287 contraherent,
538 1249 595 1289 ex
624 1237 790 1288 quibus
822 1237 991 1288 partim
1013 1247 1116 1286 sex,
1147 1236 1317 1286 partim
1352 1235 1418 1286 10,
1450 1242 1529 1276 aut
1557 1237 1696 1277 etiam
1730 1237 1790 1286 12,

155 1318 304 1346 annos
339 1307 386 1346 in
427 1307 666 1347 mortifero
703 1307 1017 1347 concubinatu
1050 1313 1500 1358 perseveraverant,
1539 1313 1678 1358 utque
1718 1308 1795 1347 alii

155 1378 473 1429 quamplures,
498 1378 818 1429 turpissimum
839 1378 950 1418 illud
971 1383 1218 1429 peccatum
1241 1377 1525 1417 detestantes
1544 1410 1550 1428 ,
1582 1379 1795 1418 concubi-

154 1460 242 1488 nas
263 1449 567 1499 dimitterent;
591 1449 636 1488 id
667 1449 790 1498 quod
812 1449 869 1488 ab
892 1449 981 1489 illis
1002 1460 1124 1488 nunc
1158 1449 1375 1499 precibus
1406 1448 1639 1497 instando,
1673 1461 1797 1489 nunc

154 1519 316 1570 poenis
338 1509 506 1559 inferni
538 1526 581 1560 et
610 1521 774 1560 mortis
802 1520 1027 1560 memoria
1059 1526 1287 1559 terrorem
1319 1519 1601 1570 incutiendo,
1636 1531 1793 1560 conse-

154 1591 249 1630 cuti
271 1602 444 1631 sumus.
471 1591 640 1631 Odium
666 1603 806 1642 porro
835 1603 890 1631 ac
911 1591 1261 1641 malevolentia,
1290 1591 1442 1641 iurgia
1464 1596 1508 1630 et
1540 1591 1795 1631 contentio—

153 1673 236 1701 nes
262 1674 356 1702 non
387 1662 451 1702 ita
481 1663 643 1713 vigent
669 1674 792 1702 nunc
818 1669 867 1702 ut
899 1668 1058 1711 antea3
1091 1661 1340 1713 siquidem,
1381 1662 1504 1713 quod
1538 1662 1792 1713 potuimus,

154 1733 486 1783 laboravimus,
512 1739 561 1773 ut
582 1733 840 1773 concordes
857 1739 902 1773 et
920 1733 1166 1772 unanimes
1184 1743 1278 1772 oes.
1300 1732 1617 1772 redderemus.
1641 1732 1798 1783 Quare

154 1804 248 1844 iam
269 1804 343 1843 1116
367 1804 487 1844 inter
508 1816 587 1844 eos
609 1816 710 1844 mos
732 1810 800 1844 est
822 1810 886 1854 ut,
908 1804 987 1843 ubi
1007 1804 1210 1855 primum
1233 1803 1376 1854 aliqui
1397 1815 1423 1843 a
1445 1814 1547 1854 gra.
1572 1803 1798 1844 desiliisse

155 1876 430 1926 sentiuntur,
470 1875 690 1915 continuo
724 1886 948 1915 vocemur
984 1881 1033 1914 ut
1066 1886 1151 1926 per
1179 1886 1263 1914 nos
1289 1874 1354 1914 illi
1389 1874 1477 1925 ipsi
1512 1875 1558 1914 in
1595 1875 1799 1925 gratiam

155 1945 349 1985 redeant
370 1952 416 1985 et
437 1946 483 1985 in
504 1958 619 1997 pace
648 1946 1005 1986 constituantur.
1039 1945 1115 1985 Ad
1143 1945 1267 1996 quod
1299 1956 1388 1984 nos
1416 1945 1601 1996 quidem
1633 1946 1799 1985 instru-

155 2017 297 2056 menti
319 2016 518 2057 officium
541 2017 834 2068 exequimur3
865 2017 1087 2057 virtutem
1108 2016 1267 2056 divina
1296 2016 1482 2056 bonitas
1511 2022 1721 2067 praestat
1752 2023 1795 2056 et

155 2088 364 2128 defectus
398 2095 586 2128 nostros
620 2088 799 2140 perficit
833 2089 956 2139 ipsa,
990 2099 1107 2140 quae
1138 2099 1222 2139 per
1243 2088 1401 2127 carnis
1437 2087 1698 2127 mirabilem
1729 2100 1798 2128 as-

156 2159 469 2208 sumptionem
491 2159 550 2199 ad
571 2170 656 2199 nos
678 2158 986 2209 descendens,
1011 2159 1213 2210 primum
1247 2158 1512 2198 hominibus
1540 2170 1725 2209 pacem,
1750 2166 1798 2198 ut

155 2241 254 2269 rem
276 2240 570 2281 summopere
591 2229 931 2280 necessariam,
955 2230 1105 2269 bonae
1126 2229 1383 2269 voluntatis
1410 2229 1625 2279 donavit,
1660 2236 1798 2280 atque

156 2301 309 2340 isthuc
331 2312 444 2346 sane
466 2312 560 2341 oes.
585 2301 814 2341 mirantur
831 2306 1010 2341 tantam
1032 2300 1211 2341 scilicet
1233 2311 1398 2351 pacem
1420 2306 1464 2339 et
1495 2300 1799 2340 concordiam

157 2372 277 2411 inter
298 2383 378 2412 eos
400 2383 525 2423 esse,
551 2372 630 2423 qui
651 2372 715 2412 ita
737 2384 883 2423 nuper
904 2372 1141 2412 vindictae
1163 2371 1324 2420 amici,
1348 2371 1412 2410 ita
1435 2371 1623 2422 superbi
1653 2383 1708 2411 ac
1734 2371 1795 2410 in-

158 2443 360 2482 solentes
380 2442 584 2493 fuerant,
608 2449 658 2483 ut
677 2455 772 2483 non
793 2444 944 2483 solum
965 2443 1140 2482 malum
1172 2454 1254 2493 pro
1282 2442 1405 2481 malo
1428 2441 1510 2481 sed
1541 2442 1680 2481 etiam
1711 2454 1797 2493 pro

157 2514 278 2553 bono
300 2515 475 2553 malum
495 2513 765 2563 redderent,
788 2525 932 2565 nunc,
966 2514 1068 2553 laus
1100 2513 1202 2563 deo,
1233 2524 1320 2552 nec
1351 2512 1526 2552 malum
1556 2524 1641 2564 pro
1673 2514 1796 2553 malo

158 2584 240 2624 sed
273 2584 428 2635 potius
463 2596 549 2636 pro
582 2585 706 2625 malo
740 2585 934 2625 bonum:
970 2590 1021 2624 ut
1054 2595 1195 2635 saepe
1231 2583 1321 2634 ipsi
1362 2583 1644 2634 experimur,
1688 2583 1797 2624 dum

157 2654 315 2705 iidem,
353 2655 519 2707 quibus
554 2654 724 2695 accidit
751 2654 1002 2707 aliquando
1033 2654 1214 2694 iniuriis
1242 2665 1298 2693 ac
1327 2653 1622 2693 contumeliis
1658 2654 1794 2704 affici,

158 2725 267 2777 quid
287 2726 334 2766 in
355 2725 623 2766 huiusmodi
642 2726 780 2766 rebus
801 2726 890 2766 sibi
910 2726 969 2766 sit
990 2724 1255 2766 faciendum
1277 2736 1304 2763 a
1326 2724 1461 2763 nobis
1484 2730 1664 2775 petunt,
1700 2726 1796 2776 qui-

156 2798 241 2837 bus
264 2798 506 2837 consilium
528 2797 694 2837 damus
714 2803 763 2838 ut
785 2797 955 2837 iudicio
976 2797 1131 2848 potius
1152 2807 1293 2847 quam
1321 2795 1464 2834 armis
1494 2795 1796 2842 contendant:

158 2868 315 2920 idque,
348 2874 397 2908 ut
424 2880 585 2908 eorum
606 2869 787 2908 animos
813 2867 919 2908 odio
952 2878 1228 2918 purgemus,
1265 2865 1467 2917 quietem
1497 2866 1798 2906 conscientiis

158 2944 202 2978 et
222 2950 387 2990 pacem
417 2939 464 2979 in
490 2939 730 2990 proximos
750 2938 934 2978 facilius
962 2947 1304 2988 comparemus.
1329 2935 1425 2976 Nec
1455 2936 1623 2975 mirum
1655 2941 1795 2984 certe,

159 3010 198 3049 si
219 3015 417 3060 regnent
437 3010 511 3050 hic
533 3009 663 3060 odia,
687 3008 960 3058 seditiones,
986 3014 1072 3048 etc.
1093 3040 1101 3058 ,
1136 3019 1242 3048 cum
1264 3006 1323 3047 ad
1347 3006 1392 3046 id
1415 3012 1511 3047 tam
1541 3006 1710 3047 idonea
1739 3008 1797 3047 sit
