2168 3437
929 239 1012 276 AN.
1044 238 1136 276 1553
1778 234 1850 270 415

210 340 372 381 lestari
392 337 822 391 phantasmatibus;
846 347 983 388 quem
1003 335 1214 375 similiter
1236 333 1376 373 Pater
1398 332 1458 373 ad
1483 330 1709 383 templum
1737 329 1847 369 duci

213 410 461 463 praecipit,
486 409 741 460 eodemque
769 407 929 457 modo,
960 406 1194 446 celebrato
1221 405 1392 445 missae
1421 402 1591 453 officio,
1625 401 1850 442 liberatus

215 488 300 522 est.

296 551 491 592 Multum
526 550 712 601 quidem
740 554 998 599 occupatur
1029 547 1167 587 Pater
1196 544 1528 586 satisfaciendo
1556 544 1650 594 his,
1683 542 1849 594 qui'ex

215 628 411 674 utroque
429 633 559 670 sexu,
581 627 676 660 tam
694 620 975 668 saeculares,
997 629 1136 670 quam
1152 617 1368 668 religioni
1390 616 1551 666 dediti,
1572 626 1657 666 pro
1673 614 1849 654 anima-

216 704 320 733 rum
340 703 532 733 suarum
553 690 804 731 secretiore
822 688 1017 729 consilio
1040 688 1292 737 confluunt,
1309 687 1400 736 vel,
1420 687 1458 726 si
1480 686 1539 726 ad
1560 697 1667 725 eum
1687 683 1851 724 venire

216 768 473 815 nequeant,
512 762 664 813 ipsum
692 759 751 800 ad
781 771 830 799 se
857 759 1018 799 venire
1046 758 1259 798 omnibus
1287 757 1586 807 expostulant
1616 754 1849 807 precibus.

216 834 334 874 Tam
356 833 477 874 enim
499 832 787 883 singularem
807 831 855 870 in
876 842 931 870 eo
948 829 1178 870 Dominus
1200 835 1419 880 operatur
1440 827 1658 878 gratiam,
1679 832 1728 866 ut
1745 837 1852 865 cun-

218 905 305 945 ctis
334 903 598 945 mirandum
627 902 868 951 videatur;
900 901 1009 951 quia
1035 900 1191 940 visum
1222 910 1315 938 non
1345 903 1414 938 est
1442 908 1722 949 quemquam
1749 906 1856 936 eum

218 975 492 1024 accessisse,
513 974 591 1025 qui
606 985 700 1013 non
717 971 890 1023 gaudio
908 971 1169 1021 mentisque
1185 969 1473 1009 relevatione
1495 968 1551 1008 ab
1574 980 1627 1008 eo
1649 967 1851 1007 recedat.

216 1046 358 1087 Hisce
380 1051 424 1085 et
445 1045 674 1085 similibus
693 1049 875 1084 tantum
894 1053 1120 1094 persaepe
1142 1040 1354 1081 obruitur
1375 1039 1694 1091 spiritualibus
1714 1049 1856 1088 nego-

218 1118 309 1168 tiis,
332 1123 382 1157 ut
402 1116 484 1157 vix
506 1116 661 1155 cibum
684 1115 837 1166 quiete
858 1124 1041 1154 sumere
1064 1110 1367 1152 concedatur.

301 1187 534 1239 Persaepe
555 1186 614 1227 ad
630 1185 839 1226 infirmos
858 1195 1102 1231 vocamur,
1122 1194 1177 1223 ac
1194 1182 1397 1222 maxime
1418 1180 1750 1233 praeterlapsis
1767 1179 1857 1219 die-

221 1261 322 1311 bus,
346 1259 511 1311 quibus
533 1263 722 1298 curatus
742 1255 903 1297 Sancti
923 1254 1181 1304 Michaelis,
1200 1265 1294 1293 una
1315 1264 1422 1292 cum
1440 1252 1730 1292 vice-curato
1754 1262 1854 1301 suo,

222 1336 416 1382 uterque
436 1330 631 1369 multum
652 1328 863 1379 denique,
883 1338 1031 1378 usque
1052 1325 1111 1366 ad
1131 1325 1257 1364 vitae
1279 1323 1668 1375 desperationem,
1693 1322 1857 1361 morbo

225 1401 429 1452 correpti
474 1400 619 1440 fuere.
667 1398 770 1439 Hoc
819 1396 1052 1449 (inquam)
1090 1395 1314 1447 temporis
1353 1394 1505 1446 spatio
1554 1393 1859 1444 praecipuam

227 1472 432 1513 omnium
465 1470 799 1511 infirmantium
833 1480 995 1509 curam
1024 1468 1124 1519 ipse
1150 1466 1298 1518 gessi,
1330 1476 1447 1517 quos
1478 1464 1604 1505 omni
1632 1470 1859 1514 tempore,

226 1548 366 1596 prout
386 1542 707 1582 necessarium
727 1540 900 1590 fuerat,
924 1550 1020 1579 non
1041 1538 1140 1578 sine
1160 1537 1316 1577 fructu
1337 1536 1402 1587 (ut
1423 1534 1682 1587 speramus)
1705 1545 1760 1574 ac
1789 1545 1861 1573 ae-

227 1613 491 1655 dificatione
529 1613 806 1661 multorum,
843 1609 1162 1651 ecclesiastica
1196 1605 1519 1648 ministrando
1546 1610 1860 1653 sacramenta,

226 1685 432 1726 visitavi.
451 1684 502 1724 In
523 1683 790 1735 praecipuis
810 1680 1158 1737 festivitatibus,
1176 1680 1224 1720 in
1245 1679 1425 1731 quibus,
1445 1690 1530 1729 pro
1547 1678 1642 1718 ritu
1662 1677 1860 1728 patriae,

228 1757 319 1808 ipsi
339 1755 490 1796 curati
516 1754 663 1795 verbo
689 1753 778 1794 Dei
805 1765 918 1793 oves
950 1763 1059 1792 suas
1086 1762 1282 1803 pascere
1309 1755 1551 1800 tenentur,
1585 1748 1689 1788 vice
1715 1747 1866 1787 nostri

227 1827 430 1880 pastoris
463 1826 523 1866 ad
556 1826 780 1878 populum
814 1824 1088 1865 concionem
1121 1822 1295 1863 habere
1331 1821 1492 1872 coepi;
1535 1820 1661 1872 quod
1695 1818 1865 1859 exinde

229 1899 443 1940 omnibus
464 1897 646 1938 festivis
667 1896 829 1936 diebus
849 1895 989 1945 faciO,
1013 1901 1102 1935 etc.
