2168 3437
813 257 896 293 ΑΝ.
929 257 1018 294 1554
1661 259 1731 294 65>

103 360 171 393 ter
193 359 238 393 et
258 359 423 405 quater
444 354 567 394 intra
594 366 768 394 annum
797 354 947 394 audiri
973 354 1190 404 precibus
1222 354 1529 404 contendant,
1562 362 1606 394 et
1635 355 1727 405 qui-

103 425 211 464 dam
232 425 371 464 etiam
392 425 587 476 singulis
608 425 842 465 mensibus
865 425 933 475 (ut
955 425 1071 475 dixi)
1094 425 1216 465 idem
1242 425 1439 474 faciunt,
1471 432 1515 465 et
1545 426 1729 466 demum

104 494 164 534 ad
197 495 635 535 communicandum
671 496 916 536 dominicis
950 496 1131 545 diebuS,
1165 502 1209 536 et
1239 496 1361 536 intra
1391 497 1731 536 hebdomadam

105 566 208 605 aliis
229 566 389 605 diebus
411 566 471 606 ad
492 566 825 612 confitendum,
859 573 990 606 tanta
1012 567 1203 607 confluit
1224 567 1468 607 multitudo
1499 567 1546 607 in
1576 567 1729 618 singu-

105 637 160 676 lis
193 637 444 687 paroeciis,
483 643 530 676 ut
566 643 747 688 tempus
783 637 1171 689 quadragesimae
1197 637 1403 678 nondum
1433 638 1730 689 praeteriisse.

107 707 335 747 videatur.
373 706 488 747 Sunt
520 708 663 747 etiam
688 720 781 748 non
808 709 966 759 pauci,
998 709 1075 759 qui
1102 709 1224 748 intra
1253 709 1592 749 hebdomadam
1621 708 1729 749 San-

105 778 364 818 ctissimum
398 778 578 829 Corpus
609 778 682 818 X.i
711 779 960 830 accipiant.
999 779 1317 819 Concionatus
1351 785 1421 819 est
1456 779 1529 820 Pr.
1572 780 1631 820 1.Ο
1661 781 1732 820 die

105 848 210 889 festi
231 847 430 900 Spiritus
460 848 620 889 Sancti
649 861 828 889 summo
856 861 992 889 mane
1023 850 1079 889 ob
1108 851 1483 890 communionem
1511 850 1730 898 futuram,

104 919 323 969 breviter,
347 920 429 959 sed
449 920 565 959 bene
593 926 638 960 et
670 921 763 971 pie,
794 921 871 960 ubi
902 920 1163 960 declaravit
1193 927 1367 972 quanta
1396 922 1660 961 reverentia
1691 929 1733 961 et

105 990 408 1030 veneratione
430 1002 546 1041 opus
567 998 689 1030 esset
711 992 770 1031 ad
797 991 1140 1031 divinissimum
1166 991 1255 1031 hoc
1285 999 1633 1033 sacramentum
1663 1005 1734 1032 ac-

105 1061 396 1110 cedentibus,
421 1062 481 1101 ad
501 1062 625 1113 quod
646 1062 709 1101 illi
731 1062 916 1113 quidem
949 1068 1268 1111 accesserunt,
1302 1074 1475 1113 magna
1508 1075 1614 1103 cum
1645 1064 1736 1114 pie-

105 1139 200 1172 tate
221 1144 277 1172 ac
298 1133 552 1172 immensae
574 1132 774 1173 Deitatis
796 1133 1077 1183 cognitione,
1111 1133 1290 1173 nobiles
1311 1145 1417 1173 curn
1437 1133 1735 1174 inferioribus

106 1204 281 1255 absque
302 1204 395 1243 ulla
417 1203 696 1251 differentia,
729 1204 901 1255 optimo
929 1210 1085 1243 tamen
1108 1203 1292 1253 ordine;
1316 1203 1557 1245 Parochus
1577 1205 1735 1245 Sacer-

106 1275 207 1324 dos,
234 1286 420 1314 sacram
448 1275 1060 1329 EucharistiamvpraeberQ
1092 1274 1230 1315 Pater
1259 1275 1533 1315 Emmanuel
1562 1277 1734 1316 lavato-

106 1346 248 1397 rium,
281 1357 368 1397 ego
402 1357 507 1386 cum
541 1347 818 1397 quibusdam
851 1347 955 1386 aliis
988 1346 1397 1386 reconciliationes
1434 1347 1610 1387 audire.
1649 1346 1737 1388 Sed

109 1417 331 1468 quoniam
369 1424 561 1468 propter
603 1418 1046 1457 communicantium
1094 1417 1438 1458 multitudinem
1477 1418 1621 1458 defuit
1661 1418 1737 1458 Sa-

106 1494 417 1537 cramentum,
442 1500 633 1528 necesse
660 1488 746 1528 fuit
768 1489 878 1528 mihi
905 1500 932 1527 a
963 1488 1424 1528 reconciliationibus
1451 1501 1661 1539 cessare,
1696 1496 1738 1529 et

106 1571 205 1599 rem
226 1570 413 1599 sacram
434 1570 683 1610 peragere,
707 1565 756 1600 ut
778 1558 1137 1599 Sacramentum
1158 1560 1456 1603 conficerem.
1482 1572 1572 1612 quo
1594 1561 1738 1612 perfe-

107 1637 203 1680 cto,
233 1641 321 1681 ego
349 1630 448 1681 ipse
476 1630 668 1682 reliquis
695 1630 1109 1671 communicaturis
1140 1631 1354 1670 omnibus
1384 1630 1739 1672 Sacramentum

106 1701 296 1751 tradidi;
325 1712 498 1752 magno
529 1707 655 1742 certe
684 1701 870 1753 pietatis
900 1707 944 1741 et
972 1702 1117 1742 divini
1145 1702 1318 1741 amoris
1347 1702 1515 1742 ardore
1547 1702 1637 1742 hoc
1669 1703 1740 1742 die

106 1772 266 1812 divina
306 1772 491 1812 bonitas
537 1772 705 1812 horum
748 1784 940 1812 suorum
986 1773 1282 1812 servulorum
1333 1772 1475 1813 corda
1517 1773 1734 1813 incendit.

106 1843 237 1883 Haec
265 1849 420 1883 autem
445 1855 539 1883 non
559 1843 606 1883 in
632 1855 814 1883 summo
844 1844 1016 1895 templo
1039 1843 1305 1892 dumtaxat,
1339 1844 1420 1883 sed
1448 1844 1495 1883 in
1524 1844 1739 1884 omnibus

108 1914 314 1954 civitatis
333 1914 565 1965 paroeciis
586 1914 747 1954 eadem
769 1913 896 1954 facta
917 1919 1038 1953 sunt.
1061 1913 1208 1954 Porro
1230 1920 1279 1953 ut
1306 1914 1363 1954 de
1393 1925 1587 1954 numero
1620 1926 1741 1954 com-

109 1985 447 2026 municantium
468 1985 693 2025 certiores
713 1984 950 2035 fieremus,
976 1985 1186 2025 misimus
1215 1997 1273 2025 ex
1303 1985 1376 2025 his
1397 1986 1485 2036 piis
1508 1997 1563 2025 ac
1586 1986 1744 2037 probis

110 2056 374 2097 hominibus
407 2056 618 2107 singulos
647 2056 694 2096 in
724 2056 937 2107 singulas
963 2057 1212 2107 paroecias
1238 2062 1286 2095 ut
1317 2067 1479 2096 omnes
1506 2067 1743 2096 enumera-

110 2133 228 2167 rent.
263 2126 351 2167 Hic
378 2126 590 2178 profecto
619 2127 832 2177 ingentes
862 2124 964 2166 Deo
994 2137 1120 2177 gras.
1161 2137 1302 2177 agere
1337 2132 1457 2176 erat,
1496 2137 1604 2166 cum
1637 2138 1745 2166 ecce

110 2210 231 2238 unus
252 2204 439 2238 centum
459 2198 730 2248 sexaginta,
761 2197 880 2237 alius
911 2203 1097 2237 centum
1128 2197 1491 2248 quinquaginta,
1524 2197 1642 2237 alius
1669 2197 1744 2236 du-

111 2276 272 2309 centos
299 2268 559 2318 octoginta,
591 2268 669 2307 alii
701 2269 857 2319 plura,
893 2268 972 2308 alii
1002 2268 1230 2319 pauciora
1261 2268 1510 2308 ostendunt
1540 2268 1743 2314 nomina,

111 2351 204 2379 oes.
236 2339 528 2379 alacritatem
560 2349 782 2389 magnam
803 2345 847 2378 et
869 2345 1032 2379 sctam.
1065 2338 1292 2378 laetitiam
1318 2350 1433 2389 prae
1453 2350 1504 2378 se
1528 2338 1744 2378 ferentes.

111 2410 219 2451 Fuit
252 2410 409 2462 itaque
438 2421 659 2450 numerus
693 2410 1140 2449 communicantium
1172 2421 1226 2449 eo
1253 2409 1326 2449 die
1362 2409 1550 2449 circiter
1578 2410 1745 2460 septin-

110 2481 241 2533 genti
274 2481 514 2532 octoginta
555 2487 599 2520 et
636 2491 690 2520 eo
726 2480 948 2531 amplius,
983 2480 1095 2531 quin
1122 2480 1160 2519 si
1196 2480 1299 2519 illos
1337 2480 1478 2519 etiam
1512 2491 1747 2519 enumere—

113 2563 237 2602 mus,
273 2552 351 2603 qui
384 2551 507 2591 intra
540 2550 883 2590 hebdomadam
922 2549 1120 2591 Sacram
1159 2550 1504 2590 Eucharistiam
1542 2562 1745 2601 sumpse⁴

107 2628 240 2673 -runt,
265 2622 560 2662 millesimum
580 2632 824 2661 numerum
845 2621 1098 2671 excedent,
1131 2621 1290 2672 idque,
1324 2621 1534 2672 exceptis
1565 2620 1746 2672 quibus-

114 2693 221 2733 dam
247 2693 370 2742 aliis,
409 2703 607 2743 quorum
642 2691 961 2731 confessiones
997 2692 1149 2732 coacti
1183 2692 1406 2742 temporis
1441 2691 1673 2742 angustiis
1702 2692 1745 2730 in

115 2765 231 2804 alias
261 2769 457 2803 octavas
487 2763 623 2803 huius
658 2761 762 2802 festi
792 2762 1077 2814 reliquimus.
1110 2762 1294 2802 Etenim
1323 2768 1453 2802 tanta
1481 2762 1667 2814 pietatis
1694 2773 1748 2801 ac

116 2835 303 2875 divinae
337 2833 583 2873 charitatis
604 2833 812 2873 accessio
841 2833 888 2872 in
916 2833 1005 2873 hac
1035 2833 1145 2873 urbe
1166 2839 1235 2873 est
1264 2832 1352 2873 Dei
1378 2833 1586 2873 bonitate
1606 2832 1746 2878 facta,

116 2913 165 2946 ut
187 2906 385 2957 ipsamet
406 2916 540 2944 suam
562 2903 868 2944 mutationem
896 2903 1163 2943 mirandum
1191 2904 1237 2943 in
1267 2903 1456 2944 modum
1486 2905 1747 2956 obstupeat,

118 2988 237 3028 quae
270 2986 510 3027 nunquam
544 2973 807 3015 crediderat
842 2974 902 3014 ad
937 2986 1055 3024 eum,
1094 2975 1141 3014 in
1176 2986 1266 3026 quo
1292 2986 1415 3015 nunc
1450 2981 1540 3026 est,
1578 2980 1749 3015 statum

118 3058 256 3098 posse
278 3045 538 3098 pervenire.
563 3044 659 3085 Nec
679 3044 724 3084 id
746 3056 859 3084 sane
879 3044 1065 3095 quidem
1086 3045 1255 3084 mirum
1286 3045 1434 3085 videri
1463 3045 1619 3097 debet,
1643 3057 1751 3086 nam
