2168 3437
902 223 984 261 AN.
1017 224 1108 261 1553
1771 228 1840 263 413

277 318 397 358 Hinc
420 319 572 358 visum
593 325 662 359 est
681 319 741 360 ad
768 320 998 371 primitias
1025 321 1276 362 confratris
1304 323 1474 373 nostri,
1509 322 1558 362 P.
1589 322 1714 363 Petri
1742 322 1838 375 Spi-

196 400 304 440 gae,
337 374 600 430 sermonem
630 390 838 441 flectere,
871 392 918 431 in
946 392 1109 443 quibus
1136 392 1258 433 idem
1287 393 1512 444 Magister
1541 399 1718 442 noster,
1748 393 1835 434 Ro-

194 471 333 499 mano
371 460 614 510 idiomate,
651 467 782 501 tanta
818 463 973 513 gratia
1001 475 1056 502 ac
1087 463 1276 514 spiritus
1307 463 1496 504 fervore
1529 465 1837 505 concionatus

194 536 263 569 est
286 530 341 570 de
362 531 460 570 vita
481 537 525 571 et
546 538 670 571 statu
692 533 1141 583 ecclesiasticorum,
1166 534 1232 573 uti
1254 534 1451 574 similem
1471 535 1530 574 ab
1563 547 1617 575 eo
1650 535 1698 574 in
1729 546 1833 575 con-

191 601 424 641 cionando
446 613 684 652 nunquam
704 602 932 653 prodiisse
953 603 1156 653 gratiam
1177 604 1345 655 ferunt3
1367 605 1441 644 cui
1459 606 1673 646 concioni
1695 606 1832 646 simul

193 677 236 711 et
257 672 569 723 primitiarum
590 673 821 713 sacrificio
842 675 999 724 plures
1021 674 1273 714 interfuere
1297 683 1560 726 magnates,
1585 676 1832 727 Doctores,

192 748 330 794 atque
378 743 663 782 studentium
711 755 988 783 numerosus
1033 751 1195 784 coetus
1216 777 1223 795 ,
1277 745 1425 785 adfuit
1465 753 1510 785 et
1550 747 1648 798 ipse
1687 746 1832 787 Rdus.

191 811 249 852 D.
277 813 598 853 Cancellarius
624 813 648 861 ¹,
673 814 942 854 muneribus
964 814 1087 864 (licet
1108 826 1204 854 non
1225 815 1461 865 admissis)
1483 828 1617 857 suam
1636 818 1835 858 benevo—

189 884 381 923 lentiam
402 883 715 924 ostendentes.

268 954 364 994 Nec
395 955 578 994 silentio
607 955 807 995 arbitror
838 956 1230 1007 praetereundum
1265 957 1337 997 his
1368 964 1567 1009 quatuor
1598 959 1834 999 mensibus

187 1025 403 1065 undecim
425 1026 548 1077 apud
568 1038 653 1066 nos
675 1026 957 1078 spiritualia,
980 1039 1076 1067 non
1096 1028 1196 1067 sine
1224 1027 1380 1068 fructu
1410 1034 1455 1068 et
1484 1028 1630 1068 animi
1657 1040 1832 1080 magna

186 1096 531 1147 consolatione,
556 1097 815 1138 absolvisse
837 1098 1086 1149 exercitia,
1110 1098 1270 1138 decem
1293 1099 1564 1139 sacerdotes
1586 1106 1630 1139 et
1662 1100 1833 1141 studio-

184 1178 290 1207 sum
328 1167 576 1218 quemdam
612 1169 769 1208 multis
807 1180 834 1208 a
869 1168 1072 1209 Domino
1108 1169 1384 1209 decoratum
1423 1169 1572 1210 donis
1614 1170 1709 1211 Nec
1749 1171 1834 1212 fuit

188 1249 327 1289 ur1US,
353 1239 430 1290 qui
451 1251 544 1278 non
566 1239 717 1279 obviis
740 1239 877 1290 (quod
908 1240 999 1280 dici
1027 1240 1158 1290 solet)
1189 1240 1309 1280 ulnis
1338 1246 1553 1280 nostram
1586 1242 1833 1292 amplecte-

184 1316 313 1349 retur
335 1308 637 1360 Societatem3
661 1310 792 1361 sequi
812 1322 926 1350 vero
951 1310 1166 1350 omnibus
1187 1317 1406 1362 suscepta
1428 1317 1579 1351 status
1601 1323 1696 1351 non
1727 1324 1829 1364 per-

184 1380 326 1419 mittit
343 1380 563 1420 conditio.
584 1380 704 1420 Nam
720 1364 1046 1433 praeter‘illos,
1066 1393 1180 1433 quos
1202 1382 1523 1433 superioribus
1541 1382 1703 1422 diebus
1721 1394 1829 1423 cum

183 1449 409 1491 fratribus
432 1451 491 1491 ad
511 1451 570 1491 V.
594 1451 647 1491 R.
673 1451 721 1492 P.
746 1453 978 1503 misimus,
1002 1452 1087 1492 fuit
1119 1453 1310 1504 quidam
1340 1453 1624 1493 venerabilis
1655 1465 1710 1494 ac
1739 1454 1828 1494 sin-

184 1522 338 1572 gulari
366 1522 539 1573 pietate
572 1523 771 1574 insignis
799 1523 959 1563 Abbas
986 1523 1213 1564 Liciensis
1240 1522 1275 1574 ²,
1306 1522 1437 1574 cujus
1468 1525 1714 1575 praeclara
1746 1537 1827 1576 per

185 1592 457 1633 universam
487 1593 759 1634 Flandriam
790 1593 916 1634 fama
947 1595 1154 1634 omnium
1181 1595 1437 1646 praeconio
1469 1595 1668 1636 celebris
1694 1595 1831 1636 habe-

184 1668 274 1714 tur,
297 1663 508 1715 Reginae
530 1664 577 1704 in
598 1665 917 1715 spiritualibus
939 1665 1352 1706 constitutionibus
1381 1665 1494 1717 (sic)
1522 1667 1774 1717 praecipue
1805 1680 1832 1707 a

184 1735 400 1784 secretis,
435 1735 513 1786 qui
549 1747 654 1775 cum
689 1736 891 1787 quinque
927 1737 1112 1776 selectis
1144 1737 1215 1776 sui
1249 1737 1462 1777 coenobii
1498 1737 1752 1788 religiosis,
1782 1744 1831 1778 ut

184 1812 316 1856 puta,
342 1805 525 1856 Priore,
551 1806 890 1858 Procuratore,
913 1807 1145 1858 Magistro
1169 1808 1476 1856 studentium,
1507 1814 1619 1859 etc.,
1649 1809 1744 1848 bini
1775 1821 1830 1849 ac

184 1875 293 1926 bini,
318 1877 585 1917 successive
608 1877 667 1918 ad
687 1889 772 1918 nos
793 1878 1056 1928 venientes,
1082 1878 1309 1918 exercitia
1329 1878 1562 1929 fecerunt,
1586 1879 1632 1918 in
1664 1879 1830 1930 quibus

183 1947 351 1987 miram
372 1948 562 1999 spiritus
583 1949 841 1988 hauserunt
863 1949 1182 1999 cognitionem
1203 1982 1210 1999 ,
1236 1955 1299 1999 et,
1324 1949 1414 1989 nisi
1434 1949 1542 2000 (sic)
1564 1961 1647 2001 per
1668 1955 1828 1989 votum

183 2019 420 2069 integrum
452 2020 518 2059 eis
552 2018 697 2070 foret,
736 2020 835 2071 ipse
876 2020 1039 2060 Abbas
1081 2032 1188 2060 cum
1228 2021 1443 2061 omnibus
1482 2021 1578 2060 suis
1616 2026 1827 2060 nostram

182 2089 304 2129 nude
325 2096 519 2141 paratus
540 2097 664 2130 esset
687 2091 822 2141 sequi
845 2090 1143 2131 Societatem.
1168 2091 1364 2140 Verum,
1389 2091 1436 2131 in
1457 2103 1507 2131 se
1528 2091 1650 2143 quod
1671 2091 1827 2131 facere

181 2160 362 2211 nequit,
386 2161 433 2200 in
455 2161 557 2200 aliis
577 2161 623 2201 id
645 2173 694 2201 se
716 2161 953 2202 facturum
975 2162 1175 2213 cogitat,
1202 2163 1280 2214 qui
1300 2174 1394 2202 non
1424 2163 1671 2213 religiosos
1699 2162 1825 2202 dum-

178 2235 313 2271 taxat
342 2231 424 2272 sed
457 2238 502 2272 et
531 2232 673 2272 totius
700 2233 881 2283 patriae
908 2233 1179 2273 sacerdotes
1209 2234 1477 2273 saeculares
1505 2233 1564 2273 ad
1596 2233 1824 2273 exercitia

178 2301 363 2342 mittere
382 2303 584 2343 molitur.
608 2303 764 2344 Unum
785 2303 798 2321 ⁵
816 2303 913 2355 jam
933 2304 1078 2355 misit,
1103 2304 1201 2355 qui,
1224 2304 1421 2344 feliciter
1443 2305 1669 2345 absolutis
1695 2316 1823 2345 exer-

178 2372 315 2421 citiis,
340 2384 442 2413 sese
463 2379 611 2413 totum
633 2374 692 2414 V.
716 2374 766 2414 Ρ.
792 2374 1086 2415 obedientiae
1107 2375 1385 2430 resignavit.

258 2442 520 2484 Nonnullae
555 2456 758 2496 quoque,
796 2451 894 2485 tum
925 2446 1124 2496 nobiles,
1159 2451 1257 2486 turn
1287 2446 1559 2497 religiosae,
1589 2445 1821 2486 foeminae

176 2515 374 2554 multum
390 2521 614 2567 cuperent
635 2527 684 2555 se
705 2515 835 2556 hisce
856 2528 1077 2557 exercere
1096 2517 1347 2567 exercitiis,
1368 2517 1407 2556 si
1424 2528 1507 2568 per
1523 2516 1671 2557 otium
1688 2517 1824 2557 nobis

176 2585 351 2625 liceret.
384 2584 542 2637 Nuper
570 2597 743 2637 magno
774 2587 1004 2627 desiderio
1037 2594 1081 2628 et
1107 2588 1253 2628 literis
1283 2588 1592 2639 precibusque
1621 2594 1821 2628 vocatus

177 2654 316 2696 Pater
337 2656 394 2696 ab
415 2656 559 2697 Illma.
584 2656 787 2697 Domina
807 2657 845 2697 F
848 2658 990 2698 oresti
1010 2658 1286 2709 Abbatissa,
1311 2664 1494 2698 tantum
1514 2669 1598 2709 per
1632 2659 1816 2698 concio-

175 2738 282 2767 nem
301 2727 399 2767 fere
419 2728 639 2779 omnium,
663 2734 761 2768 tam
777 2729 1090 2780 sacerdotum,
1111 2741 1251 2781 quam
1271 2729 1568 2770 dominarum
1586 2760 1595 2780 ,
1615 2740 1818 2770 commo-

239 2934 249 2954 1
290 2933 448 2962 Ruardus
464 2935 610 2970 Tapper.
865 2955 868 2961 .

230 2982 244 3001 2
279 2981 473 3010 Ludovicus
488 2983 631 3016 Blosius‚
648 2983 687 3010 de
703 2991 767 3017 quo
782 2984 860 3011 vide
875 2984 1043 3015 POLANCI,
1061 2982 1193 3016 Chron„
1208 2987 1230 3010 t.
1242 2989 1290 3016 111,
1307 2989 1385 3017 pag.
1401 2982 1464 3017 278,
1481 2987 1549 3010 not.
1566 2984 1595 3010 2.

231 3026 245 3047 ⁵
284 3030 368 3057 Vide
385 3029 552 3063 POLANco,
569 3030 772 3064 Chronicon,
789 3035 810 3058 t.
826 3038 875 3065 111,
892 3039 969 3066 pag.
983 3031 1045 3058 278.
