2168 3437
445 269 516 305 658
963 269 1188 306 LITTERAE
1216 281 1574 312 QUADRIMESTRES

446 371 515 404 ter
537 366 855 405 confessiones
878 365 1090 414 audiant;
1115 372 1159 406 et
1181 378 1286 406 cum
1307 368 1518 407 odiosum
1539 369 1676 409 valde
1703 376 1748 409 et
1767 381 1916 420 grave
1942 379 2079 412 antea

444 435 608 476 fuisset
643 437 702 476 ad
737 437 1080 477 confessionem
1116 438 1312 478 alicuius
1351 439 1633 480 audiendam
1669 441 1917 491 accedere,
1956 454 2078 483 nunc

445 507 563 556 (laus
583 506 700 557 Deo)
722 515 971 559 postquam
993 520 1175 548 summa
1206 510 1372 549 merita
1404 516 1449 549 et
1481 510 1668 550 divinae
1697 511 1922 553 bonitatis
1948 525 2077 564 prae-

442 578 535 618 mia
555 579 668 630 ipsis
690 579 814 630 apud
835 578 987 619 Deum
1003 580 1244 630 proposita
1266 579 1340 619 Pr.
1362 581 1592 632 exposuit,
1612 581 1652 622 si
1668 582 1714 621 in
1731 594 1784 622 ea
1801 594 1852 622 re
1869 583 1957 624 aio.
1978 583 2078 624 Deo

442 650 587 690 charo
613 657 843 701 gratoque
871 651 1216 701 elaborassent,
1250 652 1470 691 continuo
1501 663 1549 691 se
1578 652 1685 692 huic
1717 653 1868 694 labori
1895 654 2075 695 dedide-

441 727 572 771 runt3
596 727 640 761 et
662 721 701 760 si
721 720 908 772 quidem
931 721 1018 761 hoc
1040 722 1256 773 proximo
1271 721 1389 762 festo
1408 721 1609 774 Spiritus
1625 722 1785 763 Sancti
1802 725 1861 764 ad
1880 726 2078 777 quodvis

441 793 774 844 cuiuscumque
795 793 1044 844 paroeciae
1065 795 1289 844 templum
1311 794 1424 842 ires,
1447 794 1550 845 3³2³,
1574 795 1671 845 4.0f,
1696 801 1775 835 aut
1796 796 1937 836 etiam
1961 798 1987 836 5
2008 809 2074 837 as-

440 863 598 904 siduos
633 864 948 904 confessarios
979 865 1309 916 comperisses,
1346 866 1469 917 quod
1509 877 1730 918 magnam
1769 867 1980 918 profecto
2019 869 2077 908 ad

439 934 590 975 Deum
625 935 910 975 laudandum
945 936 1203 987 praebebat
1237 937 1556 987 occasionem;
1595 944 1735 990 utque
1762 938 1808 978 id
1838 938 2079 979 honestius

438 1006 589 1057 fieret,
624 1006 698 1046 Pr.
723 1007 820 1046 suis
841 1007 1058 1058 precibus
1080 1007 1298 1047 exoravit
1325 1012 1375 1047 ut
1406 1007 1776 1049 confessionaria
1805 1009 1852 1049 in
1881 1010 2078 1061 singulis

437 1077 669 1128 paroeciis
690 1077 1018 1127 conderentur,
1049 1084 1093 1118 et
1120 1078 1182 1118 ita
1213 1077 1277 1117 fit.
1310 1077 1660 1120 Misericordiae
1692 1079 1924 1131 Societas,
1958 1093 2077 1133 quae

436 1155 602 1201 quater
635 1149 757 1189 intra
794 1161 967 1189 annum
1002 1149 1213 1189 confiteri
1248 1158 1576 1201 proposuerat,
1612 1152 1704 1192 iam
1730 1163 1853 1192 nunc
1881 1152 1928 1192 in
1958 1152 2076 1193 festo

436 1220 636 1272 Spiritus
669 1220 781 1261 Scti.
819 1221 865 1260 id
901 1231 1075 1271 magno
1113 1221 1357 1261 charitatis
1393 1222 1560 1262 ardore
1602 1223 1754 1274 coepit
1789 1224 1976 1275 exequi,
2014 1231 2072 1274 et,

435 1304 720 1343 quamquam
754 1292 1008 1343 primatum
1041 1292 1254 1332 nonnulli
1288 1292 1335 1332 in
1371 1292 1495 1332 villis
1529 1299 1640 1333 tunc
1667 1294 1891 1345 temporis
1921 1305 2074 1334 mane-

434 1370 562 1415 rent,
596 1363 750 1404 Patris
780 1370 937 1404 tamen
963 1363 1111 1403 literis
1138 1363 1195 1403 de
1225 1363 1343 1404 festo
1374 1369 1419 1404 et
1445 1364 1716 1405 celebritate
1746 1365 1992 1415 admoniti,
2025 1372 2074 1405 ut

434 1435 512 1475 filii
533 1435 899 1475 obedientissimi
920 1441 965 1474 et
987 1446 1099 1475 vere
1127 1435 1326 1485 nobiles,
1361 1435 1420 1475 ad
1446 1436 1609 1476 urbem
1639 1442 1868 1476 venerunt
1900 1442 1944 1476 et
1973 1447 2072 1488 pec-

434 1512 540 1546 cata
579 1506 781 1546 confessi
816 1506 1161 1558 divinissimum
1204 1506 1532 1546 Eucharistiae
1571 1505 1929 1547 Sacramentum
1968 1519 2074 1547 cum

432 1589 603 1629 magna
642 1578 805 1628 spuali.
844 1577 1002 1628 populi
1031 1577 1344 1617 commotione
1374 1577 1493 1617 inter
1523 1589 1776 1629 pauperes,
1813 1589 1997 1628 servos,
2030 1585 2074 1618 et

433 1649 584 1689 omnis
618 1649 806 1699 generis
843 1649 959 1688 alios
995 1648 1251 1688 humillime
1286 1654 1587 1700 exceperunt.
1626 1648 1957 1689 Confessiones
1987 1648 2073 1689 fre-

433 1726 717 1772 quentantur
752 1732 857 1759 cum
887 1730 1061 1770 magno
1091 1719 1259 1759 ardore
1287 1731 1342 1759 ac
1371 1719 1559 1771 pietatis
1593 1720 1898 1770 incremento,
1936 1720 2073 1771 idque

431 1792 652 1843 quotidie.
688 1790 808 1831 Nam
844 1797 1090 1842 postquam
1127 1790 1187 1830 ad
1221 1790 1344 1830 hanc
1378 1791 1540 1831 urbem
1570 1791 1807 1841 venimus,
1837 1803 1895 1831 ne
1931 1803 2073 1831 unum

431 1863 619 1914 quidem
644 1862 803 1902 labore
830 1873 1036 1901 vacuum
1071 1861 1293 1901 recordor
1328 1862 1549 1901 habuisse
1578 1861 1721 1912 diem,
1760 1862 1970 1913 exceptis
1997 1863 2070 1902 tri-

430 1934 517 1974 bus
539 1940 619 1973 aut
639 1933 722 1973 4.οΓ
743 1933 926 1982 diebus,
957 1932 1124 1984 quibus
1153 1933 1200 1972 in
1231 1933 1456 1973 coenobio
1488 1933 1584 1973 divi
1613 1933 1856 1973 Francisci
1882 1933 2068 1983 fuimus;

429 2016 517 2045 nec
538 2011 637 2045 tum
658 2004 844 2056 quidem
864 2015 951 2043 nos
972 2004 1110 2043 huius
1138 2004 1299 2055 populi
1323 2004 1512 2055 negotia
1540 2004 1769 2044 sinebant.
1801 2003 1985 2044 Etenim
2020 2016 2069 2044 se

431 2076 656 2117 oblivioni
690 2076 813 2116 tradi
848 2075 1195 2115 existimabant.
1232 2075 1352 2115 Tota
1388 2075 1460 2115 die
1497 2075 1889 2125 confessionario,
1926 2076 2069 2115 veluti

430 2149 558 2199 ligno
579 2147 766 2199 ligatus,
791 2146 1040 2186 adhaereo.
1075 2145 1124 2186 Si
1153 2152 1260 2186 sunt
1286 2146 1477 2195 infirmi,
1501 2147 1660 2186 statim
1686 2152 1792 2198 post
1818 2145 2067 2197 prandium

430 2231 511 2259 eos
532 2219 685 2258 inviso
707 2227 752 2258 et
773 2218 991 2258 solatium
1012 2217 1126 2257 mihi
1152 2224 1197 2257 et
1218 2217 1332 2269 ipsis
1359 2218 1483 2269 quod
1511 2229 1703 2269 possum
1725 2216 1907 2265 adfer03
1939 2228 2063 2267 nam,

429 2296 678 2342 postquam
712 2289 759 2329 in
793 2289 965 2340 templo
1003 2288 1188 2338 adsum,
1225 2289 1351 2328 nulla
1386 2288 1523 2328 datur
1559 2289 1712 2340 quies,
1744 2300 1831 2328 nec
1865 2289 2065 2328 exeundi

428 2362 584 2412 locus,
606 2372 682 2401 res
702 2365 772 2400 est
799 2359 1026 2412 profecto,
1057 2371 1176 2410 quae
1203 2359 1371 2399 mirum
1396 2360 1441 2399 in
1469 2359 1660 2399 modum
1688 2359 1891 2399 humana
1921 2359 2063 2399 corda

428 2432 488 2473 ad
508 2432 693 2472 divinas
714 2431 876 2471 laudes
896 2430 1044 2482 possit
1066 2441 1386 2480 commovere,
1410 2437 1591 2470 tantam
1620 2430 1756 2470 huius
1787 2430 1946 2481 populi
1972 2430 2062 2482 pie-

426 2509 571 2544 tatem
591 2510 636 2543 et
657 2503 705 2542 in
725 2501 1097 2542 confessionibus
1124 2502 1543 2552 communioneque
1567 2500 1921 2552 frequentandis
1948 2501 2059 2541 divi-

426 2586 537 2616 num
569 2573 785 2614 ardorem
815 2572 1147 2624 consyderare.
1171 2572 1347 2612 Divina
1376 2572 1559 2612 bonitas
1591 2572 1650 2613 ad
1671 2572 1898 2612 maiorem
1927 2583 2060 2612 suam

425 2646 648 2697 gloriam,
677 2651 887 2684 nostram
918 2643 1261 2692 confusionem,
1292 2649 1336 2683 et
1363 2644 1511 2695 pigris
1539 2656 1594 2684 ac
1621 2643 1870 2684 desidiosis
1899 2644 2057 2684 incita-

425 2724 653 2767 mentum,
677 2715 901 2767 Spiritum
921 2714 1146 2755 Sanctum
1168 2715 1214 2754 in
1235 2714 1323 2754 hoc
1346 2715 1490 2766 ipsius
1513 2715 1817 2754 celeberrimo
1851 2714 1985 2765 festo,
2009 2722 2057 2755 ut
2121 2764 2124 2769 .

424 2789 534 2829 olim
555 2788 601 2828 in
622 2787 890 2839 Aplorum.,
914 2786 979 2826 ita
999 2797 1124 2826 nunc
1145 2786 1192 2825 in
1215 2786 1380 2826 horum
1402 2797 1593 2826 suorum
1623 2786 1882 2826 amicorum
1913 2786 2057 2826 corda

423 2859 634 2910 immisit,
658 2870 685 2897 a
706 2869 796 2909 quo
818 2858 882 2897 ita
904 2862 1010 2897 sunt
1032 2857 1197 2896 mutati
1224 2862 1268 2896 et
1289 2857 1334 2896 in
1363 2863 1543 2896 tantam
1563 2855 1897 2908 perfectionem
1919 2857 2056 2896 subli-

421 2931 553 2981 mati,
585 2936 634 2970 ut
661 2929 738 2981 qui
759 2936 896 2968 antea
919 2928 1104 2968 mulctis
1130 2934 1176 2968 et
1196 2928 1758 2968 excommunicationibus
1781 2927 1839 2968 ad
1856 2927 2050 2979 quadra-

420 3001 671 3052 gesimales
691 2999 1011 3040 confessiones
1031 2999 1113 3038 vix
1134 3004 1348 3049 poterant
1370 2998 1606 3050 compelli,
1629 3010 1754 3038 nunc
1775 2998 1839 3038 ita
1860 3004 1967 3037 sunt
1994 2997 2053 3036 ad

421 3070 728 3114 obediendum
749 3069 924 3121 parati,
943 3069 1006 3108 ita
1028 3068 1187 3108 divino
1210 3079 1370 3108 amore
1393 3068 1590 3119 incensi,
1616 3075 1665 3108 ut
1694 3080 1720 3108 a
1751 3067 2052 3108 confessariis
