2168 3437
356 249 427 287 650
875 248 1104 285 LITTERAE
1132 259 1492 291 QUADRIMESTRES

354 357 457 385 rum
478 344 818 384 institutionem
841 356 896 384 ac
919 345 1066 385 divini
1088 345 1262 385 amoris
1284 345 1516 385 ardorem.
1542 344 1762 397 Sequenti
1791 358 1905 387 vero
1930 348 2004 388 die

352 417 518 456 Dnico.
542 415 750 455 breviter
770 416 900 467 prius
921 415 977 455 de
1006 415 1078 455 his
1107 416 1227 456 ratio
1250 416 1307 456 ab
1337 416 1513 456 eisdem
1541 417 1770 468 exigitur;
1805 417 1912 458 dein
1944 420 2003 460 ad

354 487 494 527 aliam
529 487 811 538 particulam
845 499 899 527 eo
935 487 1075 527 modo
1110 487 1438 538 exponendam
1473 488 1699 539 pergitur.
1743 488 1845 528 Hoc
1881 489 2003 530 idern

355 558 400 598 fit
421 558 468 598 in
488 558 553 598 25³⁴
572 564 616 598 et
636 558 701 598 ΒΘ
722 559 887 598 classe.
918 556 1111 598 Summa
1142 558 1348 598 cernitur
1381 558 1427 598 in
1459 558 1701 610 discipulis
1734 561 2002 600 reverentia

353 640 468 680 erga
496 635 850 681 praeceptores,
881 641 1066 669 necnon
1095 640 1209 680 erga
1232 630 1350 669 alios
1379 629 1661 670 domesticos
1691 642 1868 671 omnes.
1901 631 2003 671 Hoc

351 701 469 741 festo
506 701 733 752 paschae,
774 707 1028 752 antequam
1061 701 1108 740 in
1140 700 1343 752 patriam
1370 701 1794 752 proficiscerentur,
1827 702 1887 742 ad
1919 714 2004 742 nos

353 779 654 812 accesserunt
684 772 894 812 nonnulli
922 778 971 812 ut
997 777 1194 823 peccata
1222 783 1307 812 sua
1328 771 1601 821 faterentur,
1626 772 2002 813 sciscitarentur-

353 855 442 895 que
474 855 565 895 quo
593 849 732 895 pacto
761 844 808 883 in
835 843 990 894 patria
1017 854 1067 882 se
1094 848 1316 894 gererent
1341 843 1470 883 hisce
1502 842 1557 882 iis
1588 843 1765 883 diebus.
1802 843 2005 894 Quidam

353 915 431 955 alii
458 915 820 966 Praeceptorem
852 927 1140 965 convenere,
1173 915 1295 954 illius
1318 915 1597 954 sententiam
1624 916 1918 966 postulantes
1949 916 2005 956 de

353 998 437 1027 sua
460 987 507 1026 in
528 987 731 1038 patriam
753 986 1066 1038 profectione,
1092 986 1190 1026 eius
1211 998 1260 1026 se
1283 986 1457 1026 iudicio
1479 986 1826 1038 permittentes,
1850 987 2005 1038 parati

353 1069 447 1098 non
481 1057 569 1107 ire,
608 1058 647 1097 si
686 1059 749 1098 ita
778 1058 944 1098 melius
971 1057 1059 1109 ipsi
1089 1057 1343 1097 videretur.
1377 1057 1523 1097 Porro
1555 1069 1717 1098 eorum
1743 1070 1837 1098 non
1866 1059 2005 1110 pauci

352 1136 709 1169 sacrosanctam
750 1129 913 1169 coiem.
956 1128 1256 1180 frequentare
1295 1128 1524 1180 incipiunt
1570 1128 1616 1168 in
1655 1140 1757 1168 nro.
1808 1130 2002 1180 sacello,

354 1212 549 1252 eamque
582 1200 809 1241 hodierno
839 1201 911 1240 die
938 1200 991 1240 30
1012 1212 1071 1240 ex
1092 1201 1181 1240 illis
1203 1207 1283 1240 aut
1304 1213 1358 1241 eo
1381 1201 1485 1252 plus
1509 1207 1805 1251 receperunt.
1839 1199 2004 1252 Spera-

354 1284 480 1323 mus,
505 1271 610 1313 Deo
635 1272 796 1323 dante,
822 1273 1020 1312 istorum
1046 1284 1313 1323 numerum,
1348 1273 1567 1312 ardorem
1596 1272 1737 1312 animi
1766 1273 2005 1324 pietatem-

354 1356 443 1395 que
465 1344 511 1384 in
535 1344 634 1384 dies
655 1344 908 1384 adauctum
939 1344 1010 1384 iri.
1037 1344 1167 1384 Haec
1191 1343 1247 1384 de
1270 1344 1340 1394 iis,
1366 1344 1444 1395 qui
1473 1344 1828 1383 humanioribus
1858 1344 2006 1384 literis

353 1415 467 1455 dant
509 1427 717 1466 operam.
760 1414 1042 1455 Sacerdotes
1079 1415 1222 1455 etiam
1262 1427 1319 1455 ex
1358 1415 1578 1466 lectione,
1620 1427 1761 1466 quam
1801 1416 2007 1467 quotidie

353 1486 550 1526 audiunt
572 1487 628 1526 de
651 1486 840 1526 casibus
868 1487 1103 1526 consciae.
1138 1487 1329 1526 uberem
1357 1486 1562 1526 fructum
1592 1493 1904 1537 perceperunt
1937 1487 2007 1527 his

352 1557 436 1598 4,οῑ
458 1558 711 1598 mensibus.
736 1557 812 1598 Ad
833 1557 950 1597 haec
972 1559 1168 1597 multum
1191 1557 1370 1597 confert
1392 1557 1557 1597 modus
1579 1557 1639 1607 is,
1664 1558 1742 1609 qui
1771 1557 1814 1597 in
1840 1558 2006 1598 docen-

354 1628 427 1669 dis
458 1629 573 1681 ipsis
604 1629 849 1669 observari
877 1630 1020 1679 solet3
1055 1641 1164 1669 nam
1203 1635 1390 1680 praeter
1420 1629 1607 1679 horam,
1646 1640 1787 1680 quam
1818 1629 2008 1669 lectioni

358 1701 669 1740 constitutam
705 1700 898 1750 habent,
938 1701 1079 1740 aliam
1114 1707 1361 1752 praeterea
1397 1699 1690 1740 dimidiatam
1725 1700 1868 1740 horae
1905 1712 2007 1751 par-

351 1777 446 1811 tem
481 1771 843 1823 repetitionibus
878 1772 1173 1823 impendunt,
1211 1772 1427 1812 lectionis
1460 1772 1744 1823 praeteritae
1776 1772 2007 1812 rationem

352 1842 607 1893 reddendo,
633 1843 697 1882 ita
720 1849 768 1883 ut
792 1855 818 1882 a
839 1850 1146 1894 praeceptore
1168 1843 1396 1894 exigitur3
1425 1844 1578 1883 nullus
1609 1843 1839 1894 siquidem
1873 1849 2002 1883 certo

350 1914 437 1954 scit
459 1914 644 1965 quando
666 1914 725 1954 sit
746 1914 1049 1965 repetiturus,
1070 1914 1151 1954 sed
1174 1926 1335 1954 omnes
1357 1914 1564 1965 ambigui
1585 1915 1928 1965 relinquuntur,
1955 1921 2005 1954 ut
2053 1965 2055 1967 ι

352 1997 446 2025 oes.
471 1985 626 2036 parati
647 1985 963 2025 inveniantur.
994 1985 1124 2025 Iubet
1155 1985 1250 2035 ille,
1287 1997 1425 2037 quem
1447 1987 1567 2035 vult,
1601 1991 1833 2036 repetere,
1866 1985 2002 2026 modo

351 2057 586 2107 integram
617 2057 887 2107 lectionem,
917 2057 1056 2096 modo
1086 2063 1292 2108 partem3
1324 2063 1650 2097 verumtamen
1672 2056 1784 2096 illud
1815 2056 2006 2106 diligen—

351 2134 420 2168 ter
449 2139 645 2179 curans,
671 2134 719 2168 ut
740 2140 864 2168 nunc
886 2140 1026 2176 unus,
1062 2139 1185 2167 nunc
1218 2122 1356 2178 alius,
1390 2134 1435 2168 et
1466 2125 1654 2168 tandem
1687 2139 1849 2167 omnes
1878 2139 2006 2180 repe-

355 2204 471 2239 tant.
513 2198 662 2239 Porro
702 2199 774 2239 die
803 2198 994 2239 Saturni
1022 2205 1119 2239 toto
1148 2199 1245 2239 fere
1273 2198 1461 2239 definito
1489 2205 1700 2250 tempore
1734 2199 1848 2239 nihil
1882 2199 2008 2239 aliud

354 2270 403 2310 fit
440 2282 583 2322 quam
607 2270 746 2310 dubia
767 2270 989 2322 proferri,
1014 2281 1133 2321 quae
1156 2270 1235 2310 alii
1255 2270 1360 2310 aliis
1379 2277 1646 2322 proponunt
1669 2269 1845 2321 ordine,
1870 2281 2006 2321 quae-

355 2353 558 2394 cumque
598 2342 646 2382 in
682 2342 960 2382 lectionibus
994 2342 1137 2382 totius
1175 2342 1498 2382 hebdomadae
1533 2342 1825 2391 dubitarunt,
1867 2348 2006 2393 atque

356 2413 435 2453 alii
463 2414 569 2453 aliis
600 2413 910 2464 respondent;
940 2413 1063 2464 quod
1085 2413 1195 2453 dum
1222 2413 1286 2452 illi
1308 2419 1618 2464 exequuntur,
1642 2424 1669 2452 a
1699 2419 2005 2464 praeceptore

355 2484 640 2535 diriguntur,
668 2484 868 2536 ipsomet
889 2484 1124 2524 interdum
1145 2484 1482 2536 respondente,
1513 2495 1619 2524 cum
1652 2495 1727 2524 res
1756 2484 1819 2524 ita
1846 2489 2002 2535 postu-

355 2556 436 2595 lat.
471 2555 554 2595 Est
583 2555 740 2607 itaque
769 2555 887 2595 haec
921 2556 1040 2595 inter
1064 2566 1144 2595 eos
1175 2555 1558 2603 communicatio,
1589 2566 1702 2595 suus
1729 2561 1885 2595 certus
1910 2556 2003 2606 qui-

355 2626 462 2666 dam
480 2626 849 2678 disputationum
867 2627 1048 2677 modus,
1065 2627 1112 2666 in
1130 2638 1220 2678 qua
1239 2627 1447 2666 maxima
1463 2637 1575 2677 pars
1594 2638 1770 2677 eorum,
1786 2637 1904 2678 quae
1920 2637 2005 2677 per

355 2690 700 2737 hebdomadam
732 2698 948 2749 exposita
976 2704 1105 2747 sunt,
1135 2697 1382 2749 repetitur;
1415 2709 1506 2749 quo
1535 2696 1585 2737 fit
1613 2704 1662 2737 ut
1690 2697 1846 2737 omnia
1876 2703 2003 2737 tena-

355 2769 455 2808 cius
477 2769 734 2809 memoriae
758 2769 1062 2809 adhaereant.

434 2839 629 2880 Fratres
652 2840 864 2891 theologi
886 2851 935 2880 se
958 2840 1208 2890 diligenter
1229 2840 1275 2879 in
1297 2840 1463 2880 studiis
1484 2846 1722 2890 exercent,
1747 2851 1857 2879 nam
1873 2851 2003 2890 prae-

313 2906 321 2911 '
355 2916 424 2950 ter
461 2923 517 2950 ea
551 2911 819 2962 theologica
849 2912 1113 2962 axiomata,
1147 2923 1266 2963 quae
1295 2911 1350 2951 de
1381 2922 1511 2950 more
1534 2910 1713 2950 Dnicis.
1745 2910 1907 2950 diebus
1927 2922 2003 2950 Ve-

357 2981 483 3032 speri
505 2981 832 3033 defenduntur,
857 2982 1158 3022 nihilominus
1181 2983 1271 3022 alia
1296 2988 1344 3022 ut
1365 2982 1616 3037 plurimum
1646 2982 1691 3021 in
1720 2981 1872 3021 medio
1896 2981 2002 3021 heb-

359 3051 589 3092 domadae
629 3053 884 3104 agitantur.
917 3052 1220 3103 Sacerdotes,
1253 3054 1299 3093 in
1327 3053 1415 3093 hoc
1437 3052 1646 3103 Collegio
1675 3052 1745 3102 (ut
1772 3052 1891 3100 dixi)
1920 3051 2003 3091 4.0r
