2168 3437
334 265 406 303 636
847 261 1076 299 LITTERAE
1102 272 1462 305 QUADRIMESTRES

335 361 442 402 inde
473 359 792 399 restitutiones
820 369 1005 409 omnes,
1040 358 1099 398 ad
1128 370 1245 410 quas
1275 360 1535 411 tenebatur,
1565 360 1757 400 faceret.
1791 360 1979 401 Confes-

336 433 467 472 sione
496 435 690 482 peracta
718 435 762 469 et
792 429 1100 469 instructione
1130 435 1320 481 recepta
1349 430 1692 483 faciendorum,
1731 432 1891 472 statim
1921 432 1980 472 ad

335 503 463 553 ipsas
484 501 806 541 restitutiones
832 500 1077 540 faciendas
1107 512 1156 541 se
1187 502 1442 553 convertit,
1471 501 1661 555 jamque
1681 503 1855 543 bonam
1875 514 1978 554 par-

334 579 429 614 tem
449 574 679 613 bonorum
707 583 900 612 suorum
920 571 968 611 in
989 571 1057 612 eis
1078 573 1369 624 consumpsit
1390 585 1445 614 ac
1468 574 1515 614 in
1537 574 1851 626 eleemosynis
1872 586 1982 626 pau-

334 644 525 696 peribus
547 642 815 694 erogandis.
847 642 936 683 Hic
967 648 1099 683 tanta
1122 642 1370 684 affectione
1397 650 1442 685 et
1472 645 1801 685 benevolentia
1822 657 1981 697 prose·

334 716 490 767 quitur
512 727 598 755 nos
620 720 664 755 et
685 714 973 755 Societatem
992 714 1105 767 Jesu
1126 719 1190 765 ut,
1215 715 1254 755 si
1274 715 1391 755 liber
1412 721 1535 756 esset
1557 716 1615 756 ab
1638 728 1785 757 uxore
1807 722 1852 756 et
1874 716 1982 757 libe-

335 787 415 838 ris,
435 786 572 827 facile
590 785 870 826 crediderim
891 796 999 825 eum
1020 785 1172 837 ipsam
1193 785 1531 837 ingressurum.
1551 787 1634 827 Est
1651 793 1776 827 certe
1798 787 1984 828 mirabi-

334 858 391 898 lis
412 858 609 898 mutatio
633 855 756 908 ejus,
780 863 830 897 ut
852 857 990 908 plane
1011 856 1230 897 Videatur
1251 858 1449 898 mutatio
1468 857 1648 898 dexteri
1663 858 1865 907 Excelsi;
1887 857 1983 910 jam

333 929 459 970 enim
480 941 575 969 non
594 928 749 980 pergit
771 928 830 968 ad
851 928 1101 979 nundinas,
1125 934 1175 968 ut
1197 928 1392 980 solebat,
1416 929 1499 969 sed
1520 930 1578 970 ab
1595 930 1810 970 omnibus
1831 928 1983 981 hujus-

335 1001 462 1041 modi
485 999 871 1052 occupationibus
894 1011 943 1039 se
965 999 1211 1040 subtrahit.

417 1072 749 1113 Confessiones
775 1071 1023 1122 generales
1055 1071 1198 1111 etiam
1231 1071 1498 1112 audivimus
1524 1084 1619 1112 non
1644 1084 1842 1124 paucas,
1876 1072 1984 1124 quia

336 1144 419 1185 vix
441 1143 624 1184 accedit
652 1142 713 1183 ad
739 1153 826 1182 nos
854 1142 1117 1194 quisquam,
1149 1142 1260 1194 quin
1291 1142 1345 1193 (si
1370 1143 1468 1195 jam
1489 1143 1605 1184 alias
1627 1155 1720 1184 non
1741 1143 1985 1184 confessus

335 1216 395 1256 sit
415 1214 714 1267 generaliter)
745 1212 953 1254 secunda
982 1218 1062 1253 aut
1097 1214 1236 1254 tertia
1264 1214 1370 1254 vice
1401 1226 1543 1267 quam
1575 1215 1634 1255 ad
1668 1227 1755 1255 nos
1785 1215 1982 1264 accedit,

334 1287 568 1328 rationem
588 1286 755 1327 reddat
776 1286 920 1326 totius
942 1291 1140 1326 exactae
1164 1285 1313 1338 vitae;
1337 1297 1428 1338 qua
1457 1287 1514 1327 de
1540 1299 1591 1327 re
1613 1298 1814 1338 magnus
1834 1288 1984 1339 sequi-

334 1365 411 1399 tur
433 1358 615 1399 fructus
644 1358 691 1398 in
719 1357 967 1397 animabus
996 1369 1161 1398 eorum
1188 1368 1245 1397 ac
1270 1358 1376 1398 laus
1411 1364 1456 1398 et
1490 1358 1641 1399 honor
1670 1357 1886 1399 Domino.
1926 1358 1985 1399 Et

335 1430 534 1482 denique
554 1441 667 1470 usus
688 1434 1094 1469 sacramentorum
1124 1435 1169 1469 et
1197 1428 1483 1481 frequentia,
1508 1430 1738 1481 largiente
1760 1428 1979 1479 Domino,

333 1513 520 1554 semper
547 1507 793 1552 augentur,
818 1501 883 1540 ita
914 1506 963 1540 ut
994 1501 1136 1541 etiam
1167 1512 1227 1540 ex
1255 1501 1425 1541 vicinis
1452 1501 1656 1553 oppidis,
1692 1502 1872 1542 duobus
1904 1508 1984 1542 aut

334 1574 485 1614 tribus
520 1573 666 1613 leucis
699 1572 999 1623 distantibus,
1038 1571 1097 1612 ad
1131 1584 1217 1612 nos
1254 1573 1514 1613 acccedant
1547 1572 1685 1625 hujus
1719 1574 1787 1613 rei
1820 1585 1980 1625 causa,

336 1646 479 1686 etiam
501 1644 645 1697 aliqui
665 1644 877 1696 ipsorum
898 1644 1080 1684 decimo
1104 1644 1266 1696 quinto
1289 1655 1472 1696 quoque
1495 1645 1582 1685 die.

419 1716 619 1757 Caetera
659 1715 885 1756 exercitia
920 1721 965 1755 et
1001 1716 1340 1767 occupationes
1374 1716 1540 1756 solitae
1574 1715 1847 1767 Societatis,
1885 1721 1983 1756 tam

338 1788 463 1828 intra
484 1787 672 1827 domum
695 1798 836 1839 quam
857 1792 1014 1837 extra,
1038 1791 1088 1826 ut
1108 1786 1418 1827 reconciliare
1449 1799 1553 1838 eos,
1589 1788 1667 1839 qui
1696 1787 1801 1828 odio
1828 1799 1984 1839 prose-

339 1864 568 1910 quuntur,
602 1858 799 1898 visitare
832 1857 1042 1898 infirmos
1075 1863 1120 1898 et
1149 1858 1196 1897 in
1227 1858 1497 1899 carceribus
1529 1858 1763 1909 detentos,
1803 1864 1848 1899 et
1876 1859 1982 1910 alia,

339 1930 569 1981 largiente
596 1928 822 1981 Domino,
853 1941 948 1969 non
975 1929 1369 1980 intermittuntur,
1402 1935 1540 1981 prout
1566 1936 1750 1982 tempus
1779 1931 1986 1982 suppetit

338 2007 385 2041 et
405 2001 539 2041 nobis
560 2001 667 2041 licet
698 2012 781 2052 per
814 2000 931 2040 alias
949 1999 1173 2052 justiores
1202 2000 1551 2052 occupationes.
1581 2001 1797 2042 Laudent
1828 2001 1986 2041 Domi-

339 2084 452 2113 num
486 2073 642 2123 angeli
676 2070 774 2123 ejus
808 2083 894 2123 pro
930 2071 1003 2111 his
1038 2071 1253 2112 omnibus
1292 2071 1352 2120 (si
1385 2083 1506 2124 quae
1541 2072 1669 2123 sunt)
1693 2078 1736 2112 et
1770 2072 1906 2112 nobis
1928 2072 1986 2112 ab

339 2144 442 2195 ipso
477 2143 727 2195 impetrent
762 2149 812 2183 ut
849 2155 903 2183 ea
938 2153 1311 2194 cognoscamUS,
1354 2154 1475 2194 quae
1513 2148 1677 2183 nostra
1716 2143 1853 2194 culpa
1888 2143 1987 2184 fieri

342 2215 518 2255 omissa
540 2221 661 2255 sunt.
685 2215 756 2255 Tu
782 2214 994 2265 interim,
1025 2213 1126 2254 Rde
1156 2213 1231 2266 P.,
1264 2214 1434 2254 horum
1454 2214 1755 2266 indignorum
1784 2214 1983 2255 filiorum

342 2292 529 2327 tuorum
549 2298 607 2327 ne
629 2286 940 2337 obliviscaris,
965 2286 1043 2337 qui
1064 2286 1111 2326 in
1132 2273 1229 2326 tuis
1246 2286 1466 2337 precibus
1484 2292 1528 2326 et
1546 2286 1790 2326 sacrificiis
1811 2291 1856 2326 et
1876 2286 1985 2326 alio-

342 2369 443 2399 rum
478 2363 667 2409 patrum
702 2364 747 2398 et
781 2357 983 2398 fratrum
1013 2357 1399 2398 charissimorum
1434 2357 1788 2398 commendatos
1822 2357 1986 2398 haberi

341 2429 580 2469 humiliter
601 2434 779 2481 petunt.

394 2500 466 2540 Ex
487 2500 658 2552 oppido
686 2499 970 2551 Vallisoleti‚
1004 2499 1156 2551 primo
1177 2499 1311 2551 Maii,
1343 2511 1467 2540 anno
1494 2499 1766 2541 Nativitatis
1794 2500 1986 2541 Domini

351 2571 464 2612 1554.

422 2642 475 2683 Τ.
501 2642 553 2683 R.
579 2642 628 2683 P.

421 2713 646 2765 Indignus
667 2713 809 2762 filius,

1191 2928 1219 2975 †
1248 2927 1716 2967 VALDERRAPHANUS.
1746 2927 1775 2975 †
