2168 3437
839 266 923 303 ΑΝ.
955 265 1046 303 1553
1695 262 1765 300 273

123 367 316 415 dictum,
339 375 425 404 nec
447 363 644 404 verbum
670 368 805 415 turpe
825 363 1106 415 proferatur,
1130 374 1224 402 non
1245 362 1399 402 minus
1419 373 1474 401 ac
1497 362 1538 401 si
1559 361 1631 401 his
1650 372 1762 401 nun-

124 448 268 488 quam
288 435 423 476 abusi
443 434 656 474 fuissent.
679 434 752 474 Ex
772 433 844 473 his
870 433 1149 484 grandiores
1176 439 1289 473 natu
1317 437 1513 484 peccata
1541 431 1764 472 confiten-

128 514 217 558 tur,
241 513 286 547 et
308 506 367 547 ad
388 506 603 546 Dnicam.
637 505 868 544 accedunt
895 516 1120 544 mensam.
1153 503 1529 555 Quadragesima
1550 503 1766 555 proxima

129 580 175 619 in
196 578 295 618 eius
317 577 475 617 statim
497 576 743 628 principio,
767 587 873 615 cum
900 581 1035 626 pater
1061 574 1070 593 ¹
1094 575 1426 615 adhortaretur
1448 575 1506 615 ad
1528 574 1764 623 ieiunium,

130 662 188 690 ex
208 648 430 698 studiosis
448 647 651 699 quidam,
676 646 891 698 quamvis
913 651 1066 685 aetate
1085 646 1143 685 ad
1160 646 1248 686 hoc
1270 646 1458 686 minime
1480 651 1765 692 tenerentur,

131 724 397 760 statuerunt
415 723 563 758 totum
585 717 697 757 illud
717 722 934 756 sanctum
955 722 1139 767 tempus
1156 716 1338 756 ieiuniis
1360 716 1624 766 traducere,
1645 717 1769 768 quod

130 796 256 831 certe
277 795 550 830 constanter
570 787 925 840 praestiterunt;
951 787 1029 826 alii
1051 793 1147 826 tres
1169 787 1268 826 dies
1292 787 1338 827 in
1360 787 1666 837 hebdomade,
1692 787 1770 827 alii

132 862 254 902 diem
273 860 461 900 Veneris
483 858 668 899 ieiuniis
684 858 925 898 dederunt.
946 857 1151 908 Parvuli,
1172 858 1250 909 qui
1267 864 1374 898 sunt
1397 859 1531 909 quasi
1552 859 1768 898 innocen-

134 938 218 982 tes,
252 942 546 982 summopere
578 930 811 969 ducuntur
843 928 1151 979 confessione,
1177 940 1324 980 eaque
1348 928 1464 968 adeo
1487 929 1768 979 afficiuntur,

132 1010 196 1053 ut,
220 1003 258 1043 si
279 1008 437 1054 patres
464 1013 558 1041 non
585 1000 886 1052 gravioribus
914 1000 1247 1040 distinerentur
1277 1000 1494 1051 negotiis,
1519 1000 1769 1040 confessio-

133 1085 240 1114 nem
269 1073 619 1125 frequentarent
643 1071 703 1111 ad
729 1082 892 1111 eorum
913 1071 1174 1111 arbitrium.
1206 1070 1282 1111 Ad
1305 1071 1422 1111 haec
1447 1070 1632 1122 quidem
1660 1071 1772 1111 illud

137 1157 226 1185 nos
243 1156 349 1185 cum
367 1143 679 1184 admiratione
701 1142 919 1193 delectat,
945 1143 1068 1194 quod
1086 1149 1183 1182 tam
1204 1142 1338 1182 brevi
1364 1148 1574 1194 tempore
1601 1153 1774 1193 magna

138 1216 449 1256 extrahantur
472 1215 607 1264 vitia,
641 1220 802 1265 turpes
822 1214 1056 1265 pellantur
1072 1225 1252 1264 mores,
1277 1214 1444 1265 quibus
1466 1225 1644 1253 summe
1664 1213 1774 1254 infe-

138 1287 200 1328 cti
217 1292 365 1337 erant,
386 1298 441 1326 ae
464 1290 718 1326 cernantur
735 1284 902 1324 florere
921 1290 966 1324 et
983 1284 1254 1325 adolescere
1270 1291 1460 1325 tenerae
1481 1286 1669 1336 plantae
1686 1285 1776 1324 vir-

140 1365 309 1406 tutum,
341 1357 597 1397 modestiae
625 1368 759 1404 sane,
793 1355 1082 1407 humilitatis,
1116 1356 1340 1396 bonitatis
1369 1368 1424 1396 ac
1447 1356 1774 1396 continentiae.

140 1428 397 1470 Proficiunt
423 1427 632 1467 universi
654 1427 840 1479 quidem
862 1428 908 1467 in
929 1427 1078 1467 literis
1100 1439 1154 1467 ac
1178 1427 1242 1467 illi
1263 1427 1442 1479 primae
1464 1427 1629 1467 classis
1650 1439 1776 1467 exer-

144 1507 310 1540 centur
338 1499 672 1551 componendis
704 1498 994 1538 orationibus
1024 1498 1203 1549 latinis,
1234 1510 1370 1550 quas,
1403 1499 1628 1538 memoria
1657 1509 1778 1538 com-

142 1572 415 1624 prehensaS,
447 1570 611 1611 diebus
636 1570 767 1610 festis
795 1570 841 1610 in
862 1576 1023 1609 nostro
1052 1570 1224 1622 templo
1253 1581 1426 1620 magna
1457 1581 1561 1629 cum
1592 1569 1777 1609 audien-

140 1644 258 1683 tium
280 1644 541 1693 voluptate,
570 1652 656 1681 nec
686 1641 785 1681 sine
817 1641 1129 1681 aemulatione
1152 1641 1339 1693 quidem
1361 1648 1665 1681 externorum
1687 1646 1777 1680 stu—

145 1714 400 1763 diosorum,
424 1712 610 1752 habent.

224 1785 441 1825 Existunt
463 1783 652 1836 quidam
674 1795 780 1823 cum
801 1783 1000 1834 praediti
1022 1795 1194 1835 magno
1218 1784 1421 1834 ingenio,
1441 1791 1539 1824 tum
1560 1794 1781 1834 magnam

145 1857 192 1896 in
213 1856 454 1896 literarum
475 1855 628 1895 studia
650 1866 843 1906 operam
864 1854 1180 1904 conferenteS,
1205 1856 1428 1907 quocirca
1456 1856 1583 1895 haud
1613 1854 1779 1895 medio-

147 1939 251 1967 cres
272 1927 446 1966 habent
467 1926 514 1966 in
534 1925 749 1966 doctrina
771 1937 1068 1977 progressus.

227 1997 360 2049 Quod
381 2003 561 2049 spectat
582 1996 642 2037 ad
662 1996 888 2047 fructum,
912 1997 989 2048 qui
1011 2003 1110 2037 tum
1131 1997 1277 2037 divini
1299 1998 1430 2037 verbi
1452 1998 1780 2046 instrumento,

148 2076 246 2109 tum
266 2069 542 2109 salutarium
563 2074 969 2108 sacramentorum
991 2068 1113 2108 dono
1134 2068 1410 2120 percipitur,
1445 2080 1503 2108 ne
1531 2069 1569 2108 is
1598 2068 1785 2120 quidem

150 2140 288 2181 modo
309 2151 485 2192 parvus
507 2140 750 2179 habendus
772 2148 861 2190 est,
886 2139 1055 2191 quippe
1077 2151 1184 2179 cum
1205 2140 1391 2191 plurimi
1413 2141 1574 2180 statim
1595 2141 1642 2180 in
1663 2139 1782 2192 prin-

152 2212 293 2263 cipio,
315 2218 366 2251 ut
393 2211 490 2251 fere
511 2211 581 2261 fit,
611 2211 747 2251 nobis
773 2211 929 2251 infesti
957 2211 1233 2262 existerent,
1265 2223 1322 2251 ac
1350 2212 1484 2251 nobis
1514 2223 1596 2263 per
1624 2211 1786 2251 urbem

152 2283 366 2323 euntibus
389 2288 690 2322 occurrerent
712 2287 790 2321 aut
811 2282 1206 2333 subsequerentur
1239 2282 1455 2322 irrisores
1482 2283 1631 2322 nostri
1660 2282 1786 2322 insti-

151 2354 252 2404 tuti,
277 2365 333 2393 ac
353 2353 488 2393 nobis
509 2353 798 2404 hypocrisim
819 2359 864 2393 et
884 2353 1084 2404 plurima
1105 2354 1221 2393 vitia
1243 2353 1553 2403 obiectarent,
1579 2353 1657 2393 alii
1676 2359 1786 2392 tem-

154 2436 267 2477 pore
297 2424 507 2475 hyberno
541 2423 699 2463 nivem
729 2424 1034 2474 proiicerent:
1073 2424 1334 2475 enimvero,
1365 2436 1470 2465 cum
1499 2424 1662 2476 perdiu
1693 2424 1786 2463 ani-

152 2495 504 2536 madverterent
525 2506 552 2534 a
572 2494 706 2534 nobis
736 2505 820 2534 sua
848 2495 1097 2535 maledicta
1125 2500 1170 2535 et
1198 2496 1506 2535 contumelias
1533 2495 1785 2544 contemni,

156 2566 365 2607 deterriti
386 2572 493 2605 sunt
515 2564 572 2604 ab
604 2565 805 2612 iniuriis,
836 2577 892 2605 ac
920 2571 1121 2617 restant,
1151 2565 1240 2606 Dei
1267 2566 1454 2617 quidem
1485 2565 1786 2616 benignitate,

157 2637 295 2677 valde
316 2649 416 2676 nro.
448 2635 602 2675 affecti
623 2636 850 2675 instituto.
874 2636 1035 2688 Itaque
1056 2636 1196 2677 modo
1218 2637 1350 2677 nobis
1372 2637 1527 2676 acrius
1548 2635 1789 2687 negotium

161 2720 322 2749 eorum
344 2708 583 2759 obsequia,
609 2718 747 2758 quam
769 2707 995 2758 proximis
1017 2707 1178 2748 diebus
1201 2714 1494 2760 contemptus
1516 2714 1595 2747 aut
1614 2707 1791 2759 vitupe-

159 2781 392 2829 rationes,
416 2778 669 2818 facessunt.

241 2850 394 2901 Atque
416 2849 505 2889 hac
526 2848 742 2900 proxima
764 2849 1126 2900 quadragesima
1157 2850 1353 2891 Praetor
1374 2850 1510 2890 huius
1535 2850 1664 2890 urbis
1684 2850 1794 2889 visit

160 2933 262 2972 nos,
283 2932 337 2961 ac
358 2932 464 2960 cum
484 2921 553 2960 rei
573 2920 761 2960 divinae
781 2920 1040 2972 interesset,
1060 2922 1209 2962 voluit
1230 2921 1463 2962 introduci
1484 2922 1530 2961 in
1546 2922 1796 2973 gymnasia

219 3081 229 3101 ¹
269 3080 374 3107 Pater
389 3079 518 3107 Caesar
533 3080 743 3107 Aversanus.
759 3079 846 3106 Vide
862 3079 1030 3113 POLANco‚
1054 3081 1258 3114 Clzt'om'con,
1278 3086 1300 3109 t.
1316 3089 1364 3115 111,
1378 3090 1455 3117 pag.
1473 3083 1532 3117 146,
1548 3091 1578 3110 n.
1594 3083 1656 3111 ⁴294.

360 3139 410 3176 T.
440 3151 482 3175 η.
1548 3145 1586 3176 18
