2168 3437
854 297 937 334 AN.
968 296 1059 334 1554
1702 290 1772 328 567

141 371 465 447 quotquot‘hic
487 400 614 444 sunt,
636 394 790 434 minor
811 398 880 433 est
900 397 1013 432 natu
1036 391 1062 441 ¹,
1092 390 1237 430 latino
1268 400 1482 429 sermone
1511 387 1773 427 orationem

140 466 321 517 habuit,
342 478 433 517 qua
454 465 620 506 summi
641 463 852 504 beneficii
873 462 1152 503 admonebat
1174 471 1335 501 omnes
1356 466 1544 510 gratum
1565 458 1772 498 animum

141 548 256 588 erga
287 537 535 589 parvulum
564 540 776 575 recenter
802 539 963 573 natum
988 532 1197 572 vicissim
1224 536 1460 582 gererent3
1497 528 1772 570 Dominicae

142 608 282 648 etiarn
300 606 669 648 circumcisionis
688 604 965 644 beneficium
986 604 1198 643 recolens
1219 608 1328 642 tunc
1352 612 1536 653 quoque
1558 599 1770 640 carmini-

141 679 228 719 bus
252 679 523 730 complexus
545 682 629 716 est.
654 675 740 716 Cui
760 674 988 715 Dominus
1009 673 1266 713 infantilem
1288 672 1431 712 animi
1457 671 1695 720 affectum,
1726 670 1772 709 id

140 755 224 799 est,
244 754 468 797 tenerum,
488 749 628 787 immo
650 745 864 798 spiritum
886 744 949 783 ita
969 743 1178 795 permisit
1200 749 1249 782 ut
1269 743 1453 782 virilem
1474 742 1615 781 etiam
1632 746 1770 792 atque

141 830 254 870 erga
276 831 436 859 omnes
457 818 693 858 efficacem
714 815 1005 857 concederet.
1035 814 1166 854 Unus
1196 819 1373 863 tamen,
1407 813 1538 864 cujus
1565 812 1772 852 animum

139 890 332 942 Josephi
367 889 578 929 carmina
612 894 657 928 et
692 887 842 927 oratio
871 897 926 925 ac
952 885 1107 936 potius
1136 884 1323 924 divinus
1353 884 1494 923 ardor
1523 883 1772 934 pulsabant

140 960 408 1012 impensius,
429 959 699 1011 lachrymis,
721 957 844 1009 quod
865 956 976 996 mihi
998 961 1194 1005 constet,
1214 955 1494 1005 temperavit
1514 965 1768 1005 nunquam,

141 1031 240 1082 hic,
279 1036 527 1083 postquam
553 1029 785 1082 Josephus
812 1027 1072 1079 peroravit,
1103 1025 1397 1065 sacerdotem
1427 1025 1618 1064 summis
1648 1025 1771 1064 votis

140 1102 385 1152 efflagitat,
424 1101 499 1141 cui
532 1100 672 1141 totius
701 1099 826 1139 Vitae
856 1109 969 1138 suae
999 1097 1196 1136 crimina
1222 1101 1334 1135 nota
1367 1095 1557 1135 faceret.
1590 1094 1771 1134 Placuit

141 1179 296 1213 autem
316 1173 378 1223 ei,
402 1172 479 1224 qui
500 1172 728 1211 humanas
750 1170 932 1210 animas
953 1167 1129 1208 sanctis
1156 1166 1379 1206 institutis
1408 1177 1648 1217 nunquam
1678 1177 1772 1205 non

141 1244 354 1295 instigat,
378 1249 428 1283 ut
449 1248 620 1293 artem,
646 1253 737 1293 qua
759 1246 856 1280 tum
886 1239 1125 1288 utebatur,
1158 1243 1317 1289 utpote
1347 1238 1468 1276 male
1498 1236 1639 1276 fidam
1666 1248 1771 1276 con-

140 1315 385 1365 scientiae,
415 1314 677 1364 relinquere
693 1311 960 1352 enixissime
982 1314 1186 1361 cuperet.
1217 1307 1394 1348 Eodem
1422 1313 1668 1359 praeterea
1699 1307 1771 1347 die

142 1386 202 1426 ad
229 1385 572 1426 confessionem
605 1390 648 1424 et
684 1388 897 1423 sanctum
928 1380 1212 1421 dominicum
1244 1390 1416 1430 corpus
1449 1379 1606 1430 plures
1636 1378 1771 1418 solito

141 1462 456 1497 accesserunt.
482 1455 622 1506 Quid,
647 1454 771 1506 quod
790 1453 1057 1505 frequentes
1078 1451 1327 1491 conciones
1345 1456 1483 1501 atque
1505 1449 1561 1489 de
1583 1449 1660 1489 via
1681 1449 1771 1489 Do-

140 1529 254 1569 mini
291 1527 522 1579 colloquia
558 1525 836 1575 domestica,
875 1535 993 1575 quae
1029 1523 1226 1574 singulis
1259 1522 1422 1562 diebus
1453 1520 1698 1561 dominicis
1729 1527 1773 1559 et

140 1599 271 1640 festis
305 1610 399 1639 non
434 1598 532 1638 sine
566 1608 739 1648 magno
774 1595 1037 1636 animarum
1070 1593 1262 1634 foenore
1294 1593 1370 1633 hic
1399 1593 1598 1644 populus
1627 1591 1772 1641 audit,

139 1671 274 1721 filios,
296 1681 379 1721 per
399 1669 734 1721 poenitentiam
754 1667 884 1718 prius
905 1665 1120 1706 sordibus
1141 1664 1426 1713 defaecatos,
1450 1670 1674 1714 tanquam
1696 1674 1773 1702 no-

140 1743 288 1782 vellas
329 1741 563 1780 olivarum
601 1739 779 1779 circum
818 1748 1028 1777 mensam
1066 1735 1282 1781 Domini.
1326 1734 1530 1786 quotidie
1568 1734 1774 1786 pariunt!

140 1813 265 1853 Inter
286 1823 404 1864 quas
434 1811 710 1851 adolescens
732 1809 920 1861 quidam
942 1813 1175 1848 mercator
1198 1806 1418 1856 occurrit,
1442 1805 1519 1856 qui
1539 1816 1646 1845 cum
1668 1816 1776 1856 qua-

142 1884 250 1924 dam
280 1884 352 1923 die
374 1883 562 1934 privato
590 1880 819 1932 colloquio
847 1879 973 1920 domi
1000 1879 1267 1928 interesset,
1299 1878 1531 1928 singultus
1560 1887 1615 1916 ac
1643 1876 1778 1916 fletus

125 1955 224 1995 *vix
242 1953 428 2006 quidem
445 1953 642 2005 patiens,
663 1952 792 1992 abire
812 1951 1015 2001 nolebat,
1035 1949 1190 2001 quoad
1210 1949 1257 1988 in
1273 1948 1532 1999 Collegium
1549 1953 1776 1997 nostrum,

143 2026 326 2066 muneri
347 2025 488 2064 etiam
520 2023 676 2063 infimo
699 2021 957 2072 addictum,
982 2021 1347 2061 admitteremus.
1381 2019 1517 2059 Hanc
1545 2024 1702 2058 autem
1723 2017 1779 2058 de

144 2097 331 2137 homine
365 2107 495 2147 spem
530 2093 852 2145 concepimus,
888 2093 928 2132 si
968 2091 1107 2132 modo
1143 2096 1320 2131 annuat
1356 2090 1505 2140 Deus,
1543 2089 1668 2129 ubibi
1703 2089 1777 2139 sit,

148 2168 334 2208 Christo
352 2166 553 2207 Domino
574 2165 809 2205 victurum
830 2174 1030 2214 semper.
1053 2162 1202 2202 Adest
1223 2162 1347 2201 enim
1367 2161 1585 2212 frequens
1607 2167 1650 2200 et
1672 2172 1779 2200 con—

147 2238 349 2279 victibus
370 2243 414 2278 et
435 2236 636 2277 assiduis
658 2235 1044 2276 confessionibus.

229 2308 364 2360 Quod
389 2314 547 2348 tamen
573 2306 738 2347 attinet
767 2305 826 2346 ad
855 2305 1098 2345 literarum
1128 2303 1307 2353 ludum,
1342 2302 1506 2343 Patres
1535 2313 1696 2342 omnes
1726 2314 1782 2342 ac

146 2380 317 2420 fratres
337 2379 485 2419 literis
505 2377 692 2429 quidem
713 2376 977 2427 invigilant.
1001 2374 1092 2415 Sed
1111 2373 1412 2414 nihilominus
1434 2372 1631 2423 Collegii
1660 2372 1782 2412 aedi-

147 2451 252 2491 ficio
274 2449 484 2490 vicissim
504 2459 671 2500 operas
693 2446 981 2499 impendunt,
1011 2451 1151 2496 atque
1179 2444 1437 2484 domestica
1468 2455 1663 2484 munera
1692 2444 1783 2483 sin-

147 2522 270 2573 gulis
305 2520 555 2561 commissa
590 2519 761 2558 obeunt
798 2516 972 2557 sedulo.
1009 2515 1183 2556 Omnes
1217 2526 1302 2555 nos
1333 2514 1547 2555 Christus
1581 2514 1783 2566 optimus

148 2592 381 2633 maximus
396 2590 682 2630 Paternitate
703 2589 802 2629 Tua
824 2587 994 2639 dignos
1017 2586 1185 2627 efficiat
1206 2585 1324 2625 filios
1346 2592 1497 2636 teque,
1516 2584 1656 2625 Pater
1676 2597 1783 2636 pro-

147 2663 401 2713 batissime,
423 2661 510 2702 sibi
531 2661 609 2701 diu
632 2660 864 2711 sospitare
885 2659 1012 2699 velit.

227 2734 543 2785 Methymnae,
566 2744 632 2771 vn
653 2731 740 2771 cal.
763 2730 1022 2781 Februarii,
1048 2730 1108 2770 M.
1134 2729 1191 2769 D.
1215 2729 1267 2769 L.
1291 2728 1386 2769 IIII.

227 2803 530 2846 Paternitatis
551 2802 679 2842 Tuae
701 2801 923 2852 indignus

228 2876 540 2926 minimusque
561 2873 681 2913 filius

1095 2941 1297 2994 JACOBUS
1328 2941 1514 2980 DURAN.

204 3107 213 3125 ¹
254 3106 379 3134 Frater
393 3106 560 3140 Josephus
575 3106 615 3133 de
632 3106 773 3133 Acosta.
