2168 3437
903 236 944 272 fx
980 264 987 272 .
1019 235 1112 272 1553
1758 236 1824 273 175

931 689 1078 743 CIII

253 923 518 961 Franciscus
537 923 726 964 Bordon.

298 987 368 1025 Ex
387 988 707 1026 commissione
730 988 874 1025 Patris
895 987 1103 1026 Caesaris
1125 987 1366 1034 Aversani,

347 1054 470 1091 Patri
488 1053 657 1101 Ignatio
677 1054 731 1091 de
750 1053 935 1102 Loyola.

394 1119 575 1165 Mutina,
598 1119 638 1155 11
659 1119 892 1156 Februarii
914 1118 1005 1156 1553
1024 1119 1050 1154 ¹.

954 1327 1051 1369 IHS

261 1541 423 1582 Gratia
448 1548 492 1581 et
513 1554 608 1593 pax
631 1527 805 1582 Chri'sti
826 1542 930 1582 Iesu
952 1542 1009 1582 sit
1032 1553 1214 1593 semper
1238 1542 1284 1581 in
1306 1541 1454 1580 nobis.
1481 1539 1647 1580 Amen.

250 1613 495 1664 Quoniam
516 1613 657 1653 missi
674 1625 845 1653 smnus
861 1626 889 1653 a
906 1617 967 1660 te,
978 1618 1212 1664 perquam
1230 1611 1524 1652 observande
1541 1610 1589 1650 in
1618 1611 1662 1650 X
1665 1610 1696 1650 ,Ο
1721 1610 1823 1659 ΡΤ,

173 1684 242 1723 ad
268 1684 450 1724 Christi
466 1684 664 1724 Domini
680 1684 868 1724 vineam
890 1683 1199 1724 excolendam
1221 1696 1285 1722 ex
1305 1694 1449 1733 eaque
1463 1681 1821 1733 percipiendum

179 1755 395 1803 fructum
409 1760 502 1806 pro
524 1755 707 1795 viribus
728 1756 784 1795 ab
804 1756 963 1795 eodem
985 1755 1119 1795 nobis
1138 1754 1267 1794 datis
1277 1764 1296 1803 ,·
1318 1758 1419 1793 tum
1441 1764 1577 1803 vero,
1599 1751 1822 1804 quoniam

180 1826 316 1865 adest
336 1830 540 1878 tempus,
559 1826 609 1866 in
630 1838 719 1877 quo
750 1826 876 1866 soles
903 1826 1137 1866 rationem
1167 1825 1367 1875 exigere
1386 1825 1590 1875 fructus
1611 1822 1828 1875 percepti

180 1900 225 1937 et
244 1897 489 1948 reconditi,
514 1901 566 1937 nt
587 1897 896 1949 exploratum
918 1897 1090 1937 habeas
1120 1908 1208 1948 quo
1231 1900 1374 1948 pacto
1404 1896 1514 1935 sese
1527 1898 1705 1946 gerant
1721 1894 1828 1946 filii

180 1968 256 2008 tui
271 1979 325 2008 ac
345 1980 434 2008 sua
454 1980 504 2008 se
519 1973 770 2020 praestent
790 1969 970 2019 dignos
990 1968 1250 2008 vocatione.
1274 1967 1378 2007 Nos
1405 1977 1604 2018 quoque,
1632 1970 1685 2006 ut
1716 1977 1823 2005 san-

181 2043 280 2079 ctae
300 2040 586 2079 obedientiae
607 2040 988 2090 satisfaciamus,
1010 2039 1088 2078 cm·
1106 2050 1194 2078 nos
1222 2039 1275 2078 ob
1309 2038 1490 2078 Christi
1512 2049 1720 2077 amorem
1751 2037 1823 2076 de-

180 2105 354 2156 dimus,
376 2121 430 2150 ac
451 2122 541 2161 qao
563 2111 725 2161 magis
746 2110 1043 2150 declaremus
1060 2110 1153 2150 Dei
1165 2109 1524 2160 benignitatem,
1542 2108 1626 2160 qui
1631 2107 1824 2160 patitur

181 2181 256 2221 uti
272 2187 416 2233 opera
435 2181 679 2222 inutilium
701 2193 972 2231 ser-voram,
994 2181 1161 2233 quales
1178 2192 1268 2221 rios
1283 2192 1471 2231 sumus,
1487 2180 1695 2220 breviter
1711 2179 1822 2219 seri-

181 2253 304 2303 bam,
329 2264 447 2304 quae
468 2252 597 2293 Deus
618 2254 768 2303 egerit
789 2265 873 2305 per
902 2265 990 2293 nos
1018 2253 1091 2293 his
1119 2252 1266 2293 tribus
1294 2251 1548 2300 mensibus,
1571 2258 1822 2302 postquam

182 2324 229 2364 in
250 2324 373 2364 hane
394 2324 558 2364 urbem
578 2325 882 2375 pervenimus
904 2331 948 2365 et
969 2325 1106 2364 huius
1135 2324 1332 2375 Collegii
1360 2323 1612 2364 Societatis
1632 2328 1822 2363 nostrae

180 2395 376 2435 iecimus
404 2394 722 2441 fundamenta,
754 2399 806 2436 ut
837 2407 999 2435 omnes
1019 2396 1215 2446 fratres
1246 2395 1290 2434 ei
1319 2395 1515 2445 gratias
1550 2397 1705 2445 agant
1728 2398 1821 2444 pro

174 2466 332 2506 tantis
353 2466 583 2517 beneficiis
605 2477 659 2505 ac
678 2467 890 2506 emndem
905 2466 1146 2518 supplices
1155 2472 1249 2518 pro
1268 2466 1452 2506 nostris
1468 2464 1823 2516 offensionibus

176 2537 319 2588 (quae
339 2537 525 2588 quidem
546 2536 723 2577 multae
743 2541 786 2577 et
804 2549 1012 2588 magnae
1033 2537 1170 2588 sunt)
1187 2541 1459 2588 precentur.
1491 2536 1715 2576 Primmn
1736 2535 1822 2575 ita-

181 2618 269 2658 que
288 2608 489 2648 scribam
510 2608 566 2647 de
587 2608 846 2648 Fratribus
867 2609 1067 2659 nostris,
1085 2620 1178 2660 qua
1199 2608 1386 2648 ratione
1412 2611 1456 2647 et
1477 2606 1674 2647 consilio
1687 2639 1698 2657 ,
1720 2610 1822 2646 tmn

174 2689 302 2729 verga
322 2690 372 2718 se
392 2683 492 2719 tum
510 2690 631 2729 erga
648 2679 871 2729 Fratres,
889 2683 990 2719 tum
1007 2691 1128 2730 erga
1141 2679 1400 2730 proximos
1417 2678 1465 2717 in
1482 2678 1822 2717 consuetudine

182 2761 231 2789 se
246 2754 441 2800 gerant:
462 2750 627 2790 deinde
647 2749 799 2789 dicam
818 2751 874 2789 de
894 2750 1006 2790 ludo
1029 2750 1267 2801 literario,
1288 2750 1374 2789 lzoc
1394 2753 1465 2789 est
1486 2753 1698 2800 quantus
1708 2749 1821 2799 frn-

238 2907 247 2927 ¹
287 2908 538 2944 Autographae
563 2911 700 2938 litterae
718 2911 750 2937 in
773 2911 987 2945 quadruplici
1004 2911 1094 2945 solio,
1111 2919 1163 2938 nn.
1177 2911 1221 2944 89,
1237 2910 1272 2937 90
1287 2913 1319 2936 et
1332 2908 1385 2943 91,
1408 2913 1531 2943 quarto
1546 2917 1612 2937 non
1629 2915 1822 2945 numerato,

184 2955 263 2989 quia
278 2956 311 2982 in
325 2955 398 2990 ejus
412 2956 523 2990 prima
538 2959 665 2992 pagina
680 2958 765 2985 nihil
780 2961 832 2985 est
847 2958 1030 2992 scriptum,
1055 2959 1088 2985 in
1104 2959 1216 2985 altera
1232 2964 1315 2984 vero
1330 2960 1464 2983 tantum
1479 2957 1736 2991 superscriptio.
1751 2957 1822 2984 Eas

178 3002 372 3037 castigavit
387 3003 572 3039 Polancus,
587 3005 687 3039 plura
702 3006 819 3032 delens
835 3009 867 3032 et
883 3006 999 3040 aliqua
1016 3005 1205 3032 deletorum
1220 3005 1294 3031 loco
1309 3003 1549 3031 substituenda
1564 3004 1705 3038 propria
1720 3012 1819 3032 manu

182 3050 346 3077 scribens.
362 3050 454 3083 Quae
469 3051 597 3079 delevit
609 3052 676 3085 ille,
692 3060 753 3080 nos
766 3053 820 3080 hic
835 3053 971 3085 italicis,
988 3056 1024 3080 ut
1037 3053 1134 3085 aliaS,
1152 3051 1279 3079 litteris
1295 3050 1536 3078 describemus.
