2168 3437
910 261 992 299 ΑΝ.
1026 261 1115 299 1553
1766 259 1835 297 389

279 358 413 399 Hanc
443 358 630 398 omnino
665 369 795 409 spem
827 364 1038 399 nostram
1065 359 1190 399 haud
1218 359 1384 398 leviter
1414 357 1657 398 confirmat
1693 357 1834 396 etiam

198 441 446 481 procerum
472 428 782 480 quorumdam
812 440 896 478 pro
926 428 1173 469 Societatis
1203 428 1479 480 quibusdam
1508 440 1594 468 nec
1622 427 1832 478 vulgari-

198 501 286 540 bus
313 501 469 540 causis
495 506 762 551 susceptum
783 499 1005 548 studium,
1036 500 1287 551 industria,
1322 500 1453 539 labor
1485 511 1540 539 ac
1573 498 1830 549 diligentia,

200 583 347 623 eaque
368 583 454 611 nec
475 571 708 622 precaria,
734 569 815 610 sed
840 582 1033 622 prorsus
1056 571 1344 621 voluntaria,
1378 571 1487 622 quin
1508 577 1552 609 et
1574 570 1734 609 insciis
1753 581 1832 608 no-

201 643 269 682 bis
298 643 535 693 incoepta,
571 653 657 681 nec
687 641 836 681 desita
866 641 1039 691 adhuc,
1073 642 1293 691 quoniam
1323 653 1440 692 quae
1474 641 1717 681 intendunt
1747 651 1834 691 pro

200 713 348 763 nobis,
373 712 527 752 adhuc
547 712 754 763 perfecta
777 724 869 751 non
892 718 1012 751 sunt.

279 783 350 823 De
371 782 639 823 domesticis
661 782 784 834 quod
805 783 950 822 multa
971 782 1125 822 dicam
1148 783 1261 822 nihil
1292 794 1394 822 esse
1421 783 1534 822 mihi
1561 782 1747 833 quidem
1767 782 1833 820 vi·

199 854 309 894 dere
329 854 507 894 videor.
531 854 686 905 Ipsum
706 853 934 905 siquidem
952 852 1143 904 hujusce
1161 860 1292 892 smum
1308 852 1554 893 Societatis
1572 853 1832 892 institutum

199 937 570 977 unumquemque
605 925 777 965 bonum
804 931 848 965 et
876 925 1058 965 fidelem
1086 924 1275 965 CHRISTI
1300 925 1562 964 ministrum
1584 924 1696 963 satis
1727 934 1831 974 pro-

201 997 313 1036 bare
334 997 531 1036 videtur.
555 995 604 1036 Id
626 1007 826 1047 namque
848 997 923 1036 vel
944 1001 1160 1036 strenuus
1182 995 1372 1035 CHRISTI
1393 996 1585 1046 quisque
1607 995 1736 1034 miles
1759 1006 1832 1033 us-

201 1079 289 1119 que
311 1068 547 1107 mordicus
568 1067 790 1115 retinere,
809 1067 884 1106 vel
901 1067 1103 1118 ignavus
1119 1066 1383 1118 Christique
1401 1065 1679 1116 crucisjugo
1700 1077 1831 1115 suap-

202 1145 246 1178 te
267 1141 403 1190 culpa
423 1138 642 1189 indignus
659 1137 856 1178 deficere
876 1138 1008 1178 brevi
1029 1149 1084 1177 ac
1105 1138 1302 1188 turpiter
1322 1138 1550 1176 hactenus
1572 1136 1682 1176 mihi
1706 1137 1834 1175 visus

202 1217 286 1250 est.
317 1209 566 1250 Caeterum
595 1215 639 1249 et
668 1209 715 1248 in
742 1209 828 1259 eis,
857 1209 935 1260 qui
960 1209 1036 1248 hic
1066 1209 1256 1258 adsunt,
1290 1208 1511 1248 fratribus
1538 1217 1835 1258 nequaquam

203 1281 404 1321 obscura
431 1280 614 1320 futurae
648 1286 926 1331 argumenta
951 1280 1333 1331 perseverantiae
1362 1278 1625 1329 conspicari
1656 1277 1832 1316 videor.

284 1352 417 1403 Quod
438 1358 594 1392 autem
614 1363 757 1391 unum
777 1351 891 1391 mihi
919 1358 1100 1391 restare
1122 1350 1280 1400 video,
1313 1361 1424 1390 vere
1452 1356 1642 1389 sanctus
1675 1360 1729 1388 ac
1756 1360 1833 1398 pa-

207 1430 366 1463 ternus
378 1423 470 1463 R.0¹i
493 1422 619 1463 §.mae
632 1423 875 1463 Trinitatis
892 1422 1130 1463 Antistitis
1146 1421 1153 1440 ¹
1172 1428 1216 1461 et
1229 1421 1516 1462 Mecoenatis
1532 1420 1681 1460 nostri
1698 1426 1837 1470 atquc

206 1495 414 1535 omnium
440 1506 607 1546 prope,
642 1507 736 1534 non
765 1494 966 1534 sutilium
996 1493 1182 1545 quidem
1202 1505 1287 1533 nec
1308 1492 1652 1532 lascivientium
1683 1495 1834 1541 poeta>

204 1577 328 1616 rum,
357 1566 439 1606 sed
468 1566 657 1607 CHRISTI
684 1577 943 1618 pauperum
965 1577 1020 1605 ac
1049 1564 1369 1605 ministrorum
1398 1574 1513 1613 erga
1542 1574 1628 1602 nos
1658 1561 1836 1612 potissi-

205 1648 331 1677 mum
371 1649 504 1677 amor
544 1643 587 1677 et
625 1636 949 1677 benevolentia
984 1635 1256 1687 singularis,
1296 1634 1512 1674 omnibus
1540 1632 1637 1684 jam
1677 1638 1837 1671 nostra

206 1708 670 1759 commemoratione,
696 1715 744 1748 ut
765 1708 877 1747 mihi
899 1707 1180 1759 persuadeo,
1205 1706 1360 1750 notior
1389 1712 1478 1754 est,
1511 1715 1660 1755 neque
1682 1709 1837 1742 tamen

205 1791 454 1831 possumus
471 1779 780 1820 amantissimi
792 1779 945 1819 Patris
957 1779 1154 1830 singulis
1170 1778 1216 1817 in
1232 1776 1407 1817 nostris
1418 1774 1839 1827 quadrimestribus

206 1863 298 1891 non
321 1851 711 1891 commeminisse.

288 1921 419 1961 Haec
440 1928 546 1961 sunt
567 1921 684 1971 fere,
709 1921 901 1961 colende
923 1921 970 1960 in
991 1921 1153 1972 primis
1173 1932 1227 1960 ac
1245 1917 1670 1959 observandissime
1688 1915 1839 1964 Pater,

209 2005 329 2044 quae
361 2005 387 2033 a
417 1993 671 2043 praeterito
709 1993 767 2033 ad
797 1998 1093 2044 praesentem
1121 2003 1268 2042 usque
1297 1990 1617 2041 Septembrem
1646 1988 1659 2005 ²¹
1691 1987 1766 2027 hic
1796 1987 1843 2025 in

209 2075 390 2104 summa
421 2064 675 2114 contigisse
702 2070 746 2103 et
777 2063 923 2114 facta,
956 2063 1044 2103 Dei
1078 2062 1388 2113 benignitate,
1425 2060 1483 2100 ad
1515 2058 1613 2110 ejus
1642 2058 1844 2109 gloriam

208 2135 534 2186 comperimus.
571 2134 641 2184 Id,
681 2136 1156 2187 quantulumcumque
1184 2139 1274 2183 est,
1304 2139 1410 2172 tuae
1436 2129 1713 2172 paternitati
1740 2140 1842 2168 cen-

207 2206 403 2246 sendum
424 2212 562 2258 atque
584 2205 927 2246 aestimandum
947 2205 1222 2255 deferimus,
1246 2211 1316 2253 ut,
1348 2203 1509 2254 agnito
1532 2209 1575 2241 et
1599 2205 1844 2252 perspecto

208 2287 347 2327 quam
366 2277 504 2327 plane
526 2277 584 2316 sit
604 2277 826 2328 exiguum
852 2288 966 2328 prae
993 2275 1252 2316 incredibili
1282 2281 1440 2315 tantae
1471 2273 1597 2313 urbis
1626 2271 1843 2311 Venetia-

207 2358 311 2387 rum
331 2348 633 2398 necessitate,
656 2348 757 2388 Tua
778 2347 1043 2388 Paternitas
1069 2346 1325 2397 Patresque
1348 2357 1402 2385 ac
1424 2344 1614 2392 fratres,
1640 2342 1717 2393 qui
1738 2340 1845 2380 istic

211 2424 341 2467 sunt,
374 2418 702 2470 implorantes,
738 2418 1012 2470 Cristusque
1039 2419 1378 2458 incrementum
1406 2422 1449 2455 et
1477 2414 1681 2465 gratiam
1713 2423 1846 2463 prae·

208 2495 361 2539 stans,
386 2489 433 2529 in
455 2489 554 2529 dies
578 2490 778 2540 amplius
798 2490 1089 2540 exaugeatiS.

287 2559 525 2611 VenetiiS,
550 2567 717 2611 quarto
739 2572 889 2600 nonas
910 2559 1224 2612 Septembreis
1250 2559 1364 2598 1553.

289 2630 361 2670 Ex
381 2637 634 2681 praecepto
657 2630 710 2670 R.
734 2630 782 2670 P.
806 2631 956 2671 nostri
977 2631 1034 2671 D.
1059 2630 1193 2671 Caes.
1217 2629 1384 2670 Helmi.

291 2701 344 2741 T.
367 2700 421 2741 R.
446 2700 495 2741 P.
520 2701 741 2752 indignus
762 2701 903 2751 filius,

1144 2844 1213 2897 Jo.
1249 2842 1525 2883 GAMBARUS.

265 2978 276 2998 ¹
316 2978 386 3005 R.di
401 2978 585 3005 Antz‘stz‘tz's
601 2978 689 3005 dicti
704 2977 798 3005 sanae
812 2978 993 3006 Trinitatis
1019 2977 1352 3006 Polancus.-Sermo
1369 2982 1420 3003 est
1432 2976 1471 3003 de
1489 2975 1625 3003 Andr-ea
1639 2975 1845 3010 Lipomano.

266 3026 280 3045 Ξ
318 3025 469 3053 Vocibus
485 3028 714 3060 apraeterzto
730 3026 776 3053 ad
789 3029 1018 3060 praesentem
1043 3033 1151 3060 usqne
1174 3025 1417 3060 Septembrem
1444 3024 1565 3051 deletis
1586 3023 1763 3051 substituit
1785 3022 1853 3050 Po-

213 3074 341 3100 laneus:
355 3073 450 3101 hisce
468 3074 659 3101 mensibus.
