2168 3437
880 266 964 302 AN.
995 265 1086 302 1553
1726 265 1792 301 411

166 367 323 401 tamen
358 361 526 401 fructu.
563 360 684 401 Nam
711 367 755 402 et
785 361 897 402 felix
924 362 1184 402 institutum
1209 362 1502 403 numerosior
1533 361 1796 402 auditorum

164 432 301 472 turba
323 432 628 482 demonstrat,
652 431 839 473 Christo
862 433 994 473 duce.

244 502 402 552 Pergit
419 509 463 542 et
479 502 532 542 R.
552 501 601 542 P.
619 503 824 555 Joannes
843 502 913 543 ¹in
930 503 1170 543 doctrinae
1188 503 1473 544 christianae
1489 504 1794 556 expositione,

165 585 258 613 non
280 573 379 613 sine
397 575 540 613 multo
562 574 898 625 discipulorum
917 574 1085 614 fructu.
1110 573 1220 624 Ejus
1242 574 1393 615 Patris
1414 582 1606 615 sanctus
1628 575 1796 615 mirum

164 644 213 684 in
233 643 423 684 modum
443 644 604 684 fervor
624 644 873 696 probatur,
897 645 1007 685 dum
1028 645 1200 696 carpit,
1225 652 1381 696 urget,
1405 652 1450 686 et
1477 646 1532 686 de
1558 646 1659 686 vita
1680 646 1797 685 bene

164 714 450 755 instituenda
474 716 704 755 hortatur.

244 786 316 825 Ex
337 786 522 836 scholis,
547 791 732 837 praeter
755 791 941 825 caetera
962 785 1052 826 Dei
1078 786 1321 836 beneficia,
1357 787 1445 827 hoc
1473 799 1656 838 quoque
1687 787 1796 827 civi-

163 862 237 896 tas
266 857 469 907 accepit:
499 862 548 896 ut
575 856 842 907 praesentia
869 862 1033 896 nostra
1067 857 1144 896 alii
1170 864 1501 908 praeceptores
1529 858 1798 898 solertiores

163 933 209 967 et
230 927 549 978 diligentiores
570 927 661 967 sint
682 926 851 967 effecti.
876 927 1165 979 Expectatur
1193 928 1301 979 quid
1331 927 1529 968 fratrum
1557 928 1798 979 diligentia

164 998 211 1037 in
226 997 383 1048 pueris
399 997 694 1038 instituendis
710 998 899 1038 tandem
914 998 1083 1049 pariat,
1103 998 1284 1037 animos
1300 1009 1414 1038 sane
1431 1000 1795 1050 expectantium,

165 1074 215 1108 ut
242 1080 400 1120 spero,
431 1080 671 1120 nunquam
699 1069 968 1120 deceptura.
999 1068 1145 1109 Nemo
1166 1075 1236 1109 est
1263 1069 1341 1121 qui
1375 1081 1510 1121 opem
1542 1076 1708 1110 renuat
1736 1076 1796 1120 et,

165 1139 332 1191 quibus
353 1140 522 1191 possit,
546 1139 699 1180 modis
721 1139 933 1191 surgenti
956 1140 1085 1192 operi
1106 1140 1219 1180 nolit
1241 1140 1353 1180 dare
1374 1152 1557 1180 manus.

245 1209 462 1250 Accessit
489 1216 748 1262 opportune
774 1211 850 1250 hic
876 1211 1001 1251 votis
1034 1210 1153 1251 Rmi.
1192 1216 1237 1251 et
1262 1211 1394 1251 Illmi.
1427 1210 1691 1251 Cardinalis
1718 1211 1796 1251 Pe-

167 1281 314 1321 rusini
347 1280 361 1299 ²
384 1281 640 1332 adventus,
671 1282 750 1333 qui
775 1287 1002 1333 quantum
1033 1293 1118 1322 sua
1144 1282 1412 1334 praesentia
1444 1288 1652 1334 praestet
1682 1283 1796 1333 opis,

166 1351 377 1392 struendi
404 1351 603 1392 aedificii
630 1353 910 1393 acceleratio
936 1353 1109 1393 indicio
1139 1359 1223 1393 est.
1253 1352 1506 1405 Speramus
1527 1365 1626 1393 rem
1656 1353 1799 1393 omni-

166 1423 254 1462 bus
274 1422 441 1474 maJ'ori
462 1435 603 1464 curae
623 1423 746 1475 fore,
771 1436 876 1464 cum
896 1430 993 1464 tam
1020 1424 1263 1475 egregium
1290 1424 1362 1465 sui
1389 1424 1625 1476 specimen
1651 1423 1801 1465 Socie—

167 1500 239 1534 tas
273 1494 517 1545 praebeat,
553 1500 603 1534 ut
636 1506 731 1534 non
756 1495 906 1545 possit
933 1495 1102 1535 civitas
1129 1507 1183 1535 eo
1210 1507 1305 1535 non
1331 1495 1469 1535 Valde
1500 1495 1800 1536 commoveri.

166 1565 320 1605 Minus
342 1571 497 1605 autem
519 1566 696 1616 negotii
715 1565 855 1606 fuerit
876 1566 923 1606 in
944 1565 1271 1606 dissuadendis
1299 1566 1541 1607 daemonis
1574 1577 1802 1607 commen-

167 1636 244 1687 tis,
270 1648 410 1688 quam
430 1637 608 1677 veritas
629 1637 731 1689 ipsa
752 1649 897 1689 prope
914 1635 1012 1688 jam
1034 1637 1261 1678 discussa.

247 1707 386 1747 Faxit
406 1706 464 1748 D.
488 1708 618 1748 Deus
638 1714 688 1748 ut
708 1708 818 1760 quid
845 1709 1031 1749 interim
1057 1720 1142 1749 nos
1172 1708 1285 1749 velit
1311 1708 1468 1749 facere
1497 1709 1733 1749 discamus
1761 1714 1806 1749 et

167 1777 368 1829 idipsum
399 1790 701 1830 exequamur.
735 1778 832 1819 Nos
863 1779 1049 1820 interim
1074 1779 1127 1820 T.
1156 1779 1206 1819 P.
1236 1780 1454 1831 precibus
1485 1780 1655 1820 obnixe
1685 1792 1804 1820 com-

169 1850 415 1890 mendatos
437 1850 663 1902 cupimus,
687 1849 889 1902 idipsum
911 1862 937 1890 a
958 1850 1156 1901 singulis
1176 1850 1393 1891 Patribus
1410 1857 1455 1891 et
1471 1851 1709 1901 fratribus
1731 1851 1810 1902 qui

170 1919 346 1961 Romae
363 1921 560 1972 degunt,
584 1921 842 1972 exigentes.

248 1991 381 2032 Vale.
406 1991 641 2043 Perusiae,
671 1991 719 2032 10
740 1991 1025 2044 Septembris
1050 1993 1164 2033 1553.

250 2062 302 2103 Τ.
325 2062 380 2103 R.
404 2062 452 2103 Ρ.

250 2133 322 2174 De
342 2134 565 2174 mandato
588 2134 642 2174 R.
666 2134 716 2174 P.
740 2135 970 2176 Everardi
991 2135 1289 2176 Mercuriani.

250 2204 474 2256 Indignus
496 2205 635 2256 filius,

1085 2349 1309 2389 EMONDUs
1335 2348 1591 2390 AUGERIUS.

253 2559 315 2598 In
336 2562 510 2610 quarta
526 2560 743 2610 pagina:
762 2559 859 2600 R.ta
880 2560 1166 2612 (Rz'sposta).

259 2629 373 2670 1553.
399 2630 548 2681 Quad.
572 2630 780 2671 Perusia.

231 2815 242 2835 ¹
283 2815 319 2842 P.
335 2814 482 2848 Joannes
497 2815 612 2849 Niger.

228 2863 241 2881 ³
278 2862 420 2890 Fulvius
435 2863 474 2889 de
490 2864 523 2890 la
539 2862 650 2890 Corna
665 2862 840 2896 (Corneus)
855 2863 1046 2891 Cardinalis
1062 2868 1095 2891 et
1110 2864 1299 2898 Episcopus
1314 2862 1506 2890 Perusinus.
