2168 3437
0 0 49 21 555⁹}
104 0 106 3 ’
167 0 170 2 ’

0 32 14 42 Χ.

913 258 997 296 ΑΝ.
1028 258 1120 296 1553
1759 256 1829 294 485

193 357 390 398 rectoris
408 355 550 408 jussis
572 367 739 407 parere
759 357 921 406 vellet,
944 361 989 396 et
1008 355 1076 406 id,
1107 361 1156 396 ut
1183 361 1317 395 extra
1344 354 1627 395 Societatem
1649 353 1832 405 ejicere-

193 434 288 478 tur,
314 426 510 478 faceret,
534 426 724 467 tandem
745 438 772 467 a
792 426 1028 467 Societate
1049 432 1327 478 segregatus
1349 432 1438 477 est,
1462 437 1554 466 non
1577 431 1733 465 tamen
1754 437 1831 465 vo—

192 505 345 539 torum
367 498 652 549 obligatione
685 498 924 538 liberatus.
960 497 1039 538 Ille
1070 509 1177 538 cum
1207 509 1256 537 se
1286 503 1506 537 votorum
1536 502 1832 537 sacramento

192 581 286 609 non
307 570 510 609 solutum
531 569 831 620 intelligeret,
864 570 1127 621 multosque
1149 568 1342 608 subinde
1373 567 1537 608 doctos
1566 568 1696 608 viros
1727 579 1833 607 con-

192 641 384 690 suleret,
409 641 603 680 extorsit
623 640 813 680 tandem
834 652 861 680 a
882 652 931 680 se
948 640 1049 691 ipso
1067 645 1111 680 et
1132 652 1158 679 a
1180 640 1339 679 nescio
1357 650 1446 690 quo
1465 639 1556 679 alio
1574 638 1712 678 docto
1730 639 1833 678 viro

192 716 242 750 ut
262 711 474 750 crederet
496 723 544 750 se
562 709 659 761 jam
685 717 905 751 votorum
933 710 1217 761 obligatione
1249 710 1374 749 nulla
1403 710 1567 749 teneri.
1600 708 1697 749 Nec
1744 709 1833 749 hoc

191 781 256 820 illi
276 781 391 821 satis
411 780 516 830 fuit;
542 781 644 831 sed,
670 781 728 821 ad
748 787 995 832 peccatum
1016 781 1210 831 gravius
1231 780 1543 830 reddendum,
1567 791 1686 831 cum,
1723 780 1833 820 dum

193 852 241 891 in
279 850 513 891 Societate
548 858 692 902 esset,
728 863 953 903 magnum
984 851 1059 891 hic
1094 863 1265 891 nomen
1300 857 1615 902 consequutus
1650 851 1828 901 fuisset,

194 922 402 962 decrevit
423 923 605 973 publice
626 929 724 963 tum
747 923 1065 963 confitentium
1095 922 1256 962 audire
1286 929 1506 973 peccata,
1529 929 1628 962 turn
1648 922 1829 974 spirita-

193 993 255 1032 lia
276 993 501 1032 exercitia
523 994 729 1044 tradere,
753 1000 852 1034 tum
879 994 1021 1034 etiam
1050 993 1205 1032 multis
1226 993 1273 1032 in
1294 993 1373 1032 via
1394 993 1591 1044 spiritali
1611 1005 1833 1044 praeesse

194 1063 452 1115 ducemque
474 1075 523 1104 se
551 1065 857 1115 constituere;
883 1063 1073 1115 jamque
1103 1063 1295 1103 miserat
1326 1064 1403 1114 qui
1434 1064 1475 1103 ei
1506 1064 1566 1104 ad
1586 1064 1707 1104 hanc
1734 1075 1834 1104 rem

192 1134 463 1175 facultatem
486 1147 513 1174 a
533 1135 706 1175 Nuntio
724 1136 1010 1187 impetraret.
1029 1134 1120 1176 Sed
1135 1146 1229 1174 non
1245 1134 1322 1174 diu
1339 1135 1526 1186 impune
1543 1136 1660 1185 tulit;
1680 1135 1831 1175 subito

192 1217 415 1257 namque,
441 1217 546 1246 cum
568 1207 656 1246 hoc
679 1207 1018 1257 constituisset,
1048 1206 1239 1246 morbus
1260 1205 1449 1256 quidam
1478 1217 1582 1245 eum
1607 1207 1829 1257 gravissi-

192 1288 294 1317 mus
316 1276 457 1327 (nulla
479 1278 554 1317 vel
574 1277 693 1318 febri
714 1279 789 1318 vel
816 1278 908 1318 alia
936 1289 1079 1318 causa
1107 1276 1432 1327 praecedente)
1461 1277 1655 1328 invasit3
1686 1283 1833 1318 tanto-

192 1359 280 1399 que
301 1347 460 1388 dolore
483 1347 787 1399 afficiebatur,
810 1356 859 1389 ut
880 1349 1120 1389 videretur
1149 1347 1237 1387 sibi
1266 1348 1365 1399 ipse
1395 1347 1610 1398 turgidus
1642 1360 1743 1388 esse
1774 1361 1829 1389 ac

191 1425 374 1458 tumens
408 1425 546 1460 totus.
586 1419 755 1460 Medici
790 1420 976 1472 quidem
1008 1420 1183 1459 nullam
1213 1419 1354 1459 aliam
1385 1419 1693 1469 aegritudinis
1724 1431 1829 1460 cau-

190 1501 311 1540 sam,
336 1502 476 1541 quam
499 1491 815 1531 conscientiae
837 1491 1095 1541 stimulum,
1119 1490 1197 1542 qui
1219 1501 1324 1529 eum
1345 1489 1443 1529 dies
1464 1497 1719 1542 noctesque
1738 1491 1833 1542 agi-

192 1560 342 1612 tabat,
373 1562 683 1612 reperiebant.
714 1561 873 1613 Neque
904 1562 993 1602 hoc
1021 1568 1152 1602 tanto
1184 1561 1347 1601 morbo
1379 1562 1610 1601 emollitus
1638 1562 1714 1601 ille
1745 1568 1829 1602 est.

191 1631 309 1672 Cum
329 1633 454 1673 enim
477 1633 522 1673 in
545 1634 681 1674 domo
704 1634 908 1686 quadam
935 1633 1097 1673 humili
1127 1638 1350 1684 aegrotus
1375 1632 1575 1684 jaceret,
1600 1644 1685 1672 nec
1708 1633 1831 1684 quic-

191 1715 332 1754 quam
367 1705 560 1756 propius
596 1711 720 1745 esset
758 1717 899 1757 quam
933 1711 983 1745 ut
1017 1705 1064 1744 in
1097 1703 1443 1744 Xenodochium
1477 1704 1756 1755 deferretur,
1787 1710 1831 1745 et

191 1787 297 1815 eum
317 1782 477 1816 noster
496 1775 669 1817 Rector
686 1776 986 1817 convenisset
1003 1782 1312 1827 rogassetque
1329 1782 1379 1815 ut
1397 1775 1585 1815 domum
1602 1783 1827 1826 nostram,

190 1846 341 1887 morbi
375 1848 666 1888 curationem
699 1854 997 1899 recepturus,
1033 1847 1237 1898 veniret,
1280 1847 1416 1887 elusit
1449 1847 1523 1887 ille
1553 1846 1706 1887 Patris
1737 1859 1829 1888 ser-

190 1929 396 1967 monem,
430 1919 608 1970 sibique
636 1919 800 1959 melius
827 1931 877 1959 se
906 1919 1059 1971 ipsum
1087 1930 1228 1970 quam
1263 1919 1383 1958 alios
1413 1920 1658 1959 consulere
1691 1920 1846 1959 nosse

189 1990 449 2041 respondit:
482 2002 600 2042 quae
621 1991 767 2031 verba
794 1990 926 2042 pedis
952 1991 1130 2030 sinistri
1161 1997 1316 2030 tumor
1345 1990 1657 2041 subsequutus
1679 1996 1762 2030 est.
1787 1991 1828 2030 A

191 2072 281 2112 quo
302 2059 476 2101 Rector
496 2068 676 2112 noster,
701 2063 780 2114 qui
800 2062 863 2102 ibi
884 2062 1069 2109 aderat,
1102 2063 1229 2102 velut
1257 2061 1416 2101 divino
1439 2061 1625 2102 afflatus
1647 2062 1826 2113 spiritu,

189 2131 357 2182 ingens
377 2133 566 2184 aliquod
587 2133 809 2173 damnum
830 2134 871 2173 ei
892 2140 1232 2185 proventurum
1253 2133 1499 2184 praedixit.
1524 2133 1603 2173 Ille
1626 2145 1756 2184 vero,
1779 2140 1829 2173 ut

191 2202 296 2253 alia,
320 2203 451 2243 nihili
471 2204 595 2244 fecit.
619 2204 738 2244 Tum
759 2204 807 2245 Ρ.
831 2204 1032 2255 Natalis,
1064 2204 1386 2244 misericordia
1414 2210 1585 2254 motUS‚
1611 2210 1829 2244 Votorum

190 2285 315 2314 nexu
345 2274 410 2314 ita
439 2286 545 2315 eum
574 2276 818 2327 liberavit,
849 2282 919 2327 ut,
956 2276 996 2316 si
1029 2281 1311 2325 moreretur,
1345 2276 1523 2315 solutus
1556 2275 1723 2326 abiret;
1757 2276 1828 2315 sin

190 2345 364 2396 minus,
402 2345 588 2398 eodem,
628 2359 718 2398 quo
754 2353 914 2397 antea,
955 2347 1146 2387 vinculo
1180 2352 1432 2386 teneretur.
1470 2346 1725 2386 Deridebat
1753 2346 1828 2386 ille

190 2422 401 2456 nostram
422 2417 733 2468 diligentiam,
758 2418 836 2469 qui
857 2430 962 2458 eum
983 2417 1192 2467 vinculo,
1217 2429 1308 2468 quo
1330 2429 1380 2457 se
1396 2429 1489 2457 non
1508 2417 1655 2457 teneri
1673 2417 1827 2457 existi-

190 2487 368 2538 mabat‚
398 2488 598 2528 liberare
628 2500 926 2529 curaremus:
956 2489 1038 2529 sed
1069 2501 1151 2540 pes
1181 2488 1334 2539 magis
1364 2488 1608 2539 magisque
1635 2488 1827 2528 intume-

190 2569 322 2598 scere
345 2559 517 2610 coepit3
540 2559 759 2600 humores
781 2560 905 2600 enim
932 2560 1016 2611 illi,
1047 2571 1163 2614 quos
1191 2561 1335 2610 vulgo
1362 2559 1721 2599 melancholiam
1747 2571 1825 2599 vo-

191 2641 372 2680 camus,
396 2630 455 2669 ad
477 2642 582 2670 eum
602 2631 769 2681 pedem
789 2643 950 2671 omnes
971 2631 1310 2671 confluxerant.
1340 2630 1459 2670 Tum
1482 2630 1679 2681 denique
1705 2630 1826 2670 dela-

189 2707 264 2741 tus
296 2701 343 2741 in
371 2701 718 2742 Xenodochium
747 2707 838 2753 est,
867 2703 1114 2754 pollexque
1146 2702 1319 2753 digitus
1346 2701 1410 2741 ita
1439 2701 1744 2752 computruit,
1777 2707 1827 2742 ut

189 2771 279 2811 nisi
305 2772 681 2822 abscinderetur,
713 2773 855 2812 totius
884 2773 1014 2824 pedis
1041 2773 1452 2813 labefactationem
1481 2777 1609 2812 certo
1637 2773 1825 2823 promit-

189 2848 332 2893 teret;
357 2844 661 2895 quamobrem
687 2849 874 2884 secatus
902 2851 984 2885 est.
1017 2844 1152 2895 Quod
1182 2855 1288 2884 cum
1314 2855 1420 2883 eum
1445 2843 1558 2882 nihil
1585 2844 1823 2895 movisset,

191 2914 400 2954 decrevit
433 2914 865 2966 indulgentissimus
891 2921 1024 2966 pater
1059 2916 1105 2955 id
1131 2916 1301 2955 Vulnus
1331 2914 1566 2965 infligere,
1600 2915 1723 2966 quod
1751 2915 1827 2954 ille

191 2996 303 3026 vere
324 2986 529 3026 sentiens
551 2998 608 3026 ex
629 2987 727 3026 vita
749 2986 931 3037 perdita
952 2986 1011 3027 ad
1031 2986 1215 3037 frugem
1236 2997 1338 3026 sese
1355 2985 1604 3037 reciperet3
1629 2997 1826 3037 cumque

193 3057 271 3097 alii
292 3058 381 3098 duo
405 3057 610 3109 ejusdem
630 3058 762 3110 pedis
789 3058 922 3109 digiti
947 3050 1196 3110 putrefacti
1226 3058 1367 3098 etiam
1396 3063 1571 3108 essent,
1597 3058 1825 3110 amputati
