2168 3437
331 269 403 308 522
846 268 1076 306 LITTERAE
1102 278 1462 311 QUADRIMESTRES

333 364 612 407 necessariis
633 365 760 404 vitae
782 365 830 404 in
854 364 1149 405 xenodochio
1176 364 1541 405 subministratis
1570 370 1804 416 cotentus,
1834 378 1969 417 pecu-

332 437 430 486 nia,
471 447 668 475 munera
703 441 746 475 et
775 441 1052 476 ornamenta
1082 441 1352 476 constanter
1381 436 1620 476 recusauit
1650 448 1847 488 semper,
1879 438 1972 477 etia

331 511 426 559 quu
452 506 599 557 ipsius
628 506 821 546 arbitrio
851 506 1207 558 relinqueretur,
1233 512 1298 556 ut,
1328 506 1367 547 si
1398 506 1484 547 sibi
1515 507 1784 559 impendere
1812 508 1970 559 nollet,

332 582 553 628 erogaret
572 577 872 628 pauperibus:
899 577 1234 629 responditque
1255 583 1306 618 ut
1336 578 1425 629 ipsi
1453 578 1549 618 suis
1575 578 1789 618 manibus
1821 578 1970 619 distri-

329 649 524 689 buerent
552 649 728 699 egenis,
761 649 800 688 si
829 649 940 700 quid
967 649 1253 701 pauperibus
1279 649 1444 700 largiri
1474 649 1808 690 decreuissent.
1844 649 1973 701 Quae

331 730 410 760 res
430 720 547 759 mire
567 717 707 759 R.d¹'SS·
730 719 852 760 Dno.
873 719 1221 760 Clarmontensi
1241 720 1431 772 placuit,
1452 720 1517 760 ita
1537 726 1587 760 ut
1607 721 1785 772 palam,
1809 732 1972 761 coram

327 791 432 831 aliis
453 796 564 831 tunc
585 791 926 842 praesentibus,
949 791 1039 832 hoc
1061 793 1327 844 exemplum
1349 792 1406 832 ab
1425 793 1552 832 omni
1570 793 1799 833 auaritiae
1817 793 1973 844 specie

329 862 484 903 alienu
505 863 872 903 comendauerit.
903 862 1119 904 Secundo
1151 863 1302 903 dnico.
1336 863 1409 903 die
1439 863 1685 904 Aduentus
1713 864 1971 915 praeteriti,

327 944 465 974 sacro
488 940 531 974 et
560 934 753 974 cocione
780 935 984 986 peractis
1015 935 1061 975 in
1091 934 1409 985 xenodochio,
1443 935 1715 975 missionem
1744 934 1976 986 flagitauit

267 1042 269 1044 ,
328 1004 386 1044 ab
421 1005 617 1045 infirmis
652 1012 696 1045 et
732 1006 1052 1056 auditoribus,
1091 1006 1385 1046 obedientiae
1421 1006 1755 1046 authoritatem
1795 1006 1974 1046 reditus

326 1087 522 1116 causam
542 1083 837 1128 praetexens.
870 1076 1087 1128 Dumque
1116 1077 1183 1117 eis
1210 1076 1519 1126 valediceret,
1550 1078 1809 1129 plurimoru
1841 1076 1973 1117 lacri-

328 1158 451 1197 mae,
477 1148 680 1199 suspiria
708 1154 753 1188 et
784 1148 1130 1199 deploratoriae
1158 1148 1527 1188 exclamationes
1554 1148 1691 1188 liuius
1721 1149 1810 1188 viri
1838 1155 1966 1189 coce-

324 1222 455 1269 ptam
476 1218 773 1259 dilectionem
795 1219 1069 1271 prodebant.
1096 1218 1159 1259 At
1181 1219 1255 1259 ille
1277 1230 1358 1270 spe
1384 1219 1563 1260 reditus
1593 1220 1686 1270 sui,
1719 1220 1973 1260 accedente

327 1288 512 1329 Maioru
534 1290 777 1342 suffragio,
802 1290 1001 1331 afflictos
1023 1290 1281 1330 solabatur.
1313 1289 1351 1330 O
1379 1290 1506 1342 pium
1536 1297 1718 1342 patrem
1746 1292 1972 1342 pauperu!

406 1361 526 1401 Tum
546 1361 735 1402 Nobiles
756 1368 1000 1402 matronae
1023 1373 1157 1401 suam
1179 1373 1315 1412 opem
1342 1360 1471 1401 Patri
1500 1368 1716 1414 prompto
1746 1362 1975 1403 studioso-

323 1443 413 1483 que
434 1431 605 1473 affectu
625 1433 874 1485 obtulerut,
899 1433 1018 1473 aliae
1039 1433 1252 1484 pecunia,
1274 1432 1393 1473 aliae
1410 1433 1537 1473 vitae
1551 1434 1820 1474 necessaria
1842 1434 1972 1474 obtu-

324 1504 463 1553 lerut;
488 1516 607 1556 quae
628 1505 848 1545 uniuersa
870 1504 945 1544 ille
966 1504 1203 1545 recusauit
1231 1510 1290 1544 cu
1323 1504 1416 1545 oiu.
1443 1505 1752 1545 admiratione
1774 1517 1970 1545 summa.

412 1575 530 1616 R.d1²⁵
543 1575 691 1616 Dnus.
717 1576 1041 1617 Cancellarius
1065 1576 1159 1627 (qui
1175 1577 1429 1628 postremis
1447 1576 1678 1617 sacrificio
1696 1582 1740 1617 et
1757 1576 1973 1617 concioni

323 1647 477 1688 Patris
499 1647 641 1687 etiam
662 1647 886 1697 interfuit)
909 1647 1075 1688 eodem
1097 1647 1169 1688 die
1191 1649 1372 1688 celebre
1395 1648 1616 1688 instruxit
1634 1648 1885 1698 couiuium,
1908 1647 1967 1688 ad

324 1718 450 1770 quod
470 1718 689 1758 inuitauit
712 1725 807 1758 tres
827 1718 1275 1759 Ludimoderatores
1305 1727 1350 1759 et
1380 1720 1497 1759 alios
1524 1719 1724 1770 nobiles,
1753 1730 1843 1770 quo
1872 1730 1965 1759 ma-

326 1789 494 1840 gnifice
515 1790 759 1840 instructo,
783 1789 935 1830 Prem.
959 1789 1195 1830 honorare
1212 1791 1373 1840 voluit3
1394 1802 1485 1842 quo
1502 1796 1711 1841 peracto,
1736 1789 1888 1830 Prem.
1909 1789 1969 1829 ad

326 1860 502 1901 Arcem
523 1860 663 1900 RdiSS·
688 1861 926 1913 Episcopi,
945 1861 1180 1902 Lutetiam
1201 1861 1464 1902 adornandi
1485 1860 1661 1902 reditus
1682 1867 1791 1912 gra,
1816 1873 1843 1901 a
1861 1861 1964 1901 Pre.

323 1939 487 1972 nostro
508 1931 632 1972 Dno.
658 1932 915 1972 Paschasio
941 1939 1183 1983 reuocata,
1213 1939 1348 1973 extra
1376 1933 1617 1974 ciuitatem
1646 1932 1878 1973 deducere
1908 1932 1970 1972 di-

323 2010 498 2055 gnatus
521 2010 604 2044 est.
629 2003 868 2044 Conuiuae
891 2005 1081 2055 caeteri,
1106 2006 1228 2045 clam
1250 2005 1418 2056 quibus
1439 2011 1635 2056 uterque
1657 2016 1706 2044 se
1737 2004 1968 2044 subduxe-

323 2081 410 2126 rat,
434 2087 493 2115 ne
514 2075 723 2116 discessu
745 2082 1112 2127 remorarentur,
1138 2077 1197 2117 ad
1218 2077 1442 2117 suburbia
1464 2082 1788 2126 cocurrenteS‚
1811 2075 1965 2116 Prem.

322 2146 541 2187 comitari
558 2147 866 2199 aliquousque
882 2149 1116 2188 voluerut.
1135 2148 1180 2188 A
1196 2148 1405 2200 pluribus
1422 2147 1550 2188 Patri
1564 2147 1801 2188 recusanti
1818 2158 1967 2198 equus

324 2218 508 2258 oblatus
529 2224 614 2269 est,
637 2230 748 2258 nam
769 2219 973 2270 quinque
994 2224 1129 2260 tantu
1151 2219 1429 2259 milliaribus
1458 2218 1600 2259 distat
1629 2218 1809 2258 Ciuitas
1839 2218 1966 2259 Clar-

329 2289 589 2329 montensis
604 2289 661 2329 ab
676 2289 801 2330 Arce
814 2289 923 2330 Dni.
943 2290 1165 2342 Episcopi
1181 2290 1464 2341 BelligardO.
1485 2290 1668 2330 Interea
1681 2288 1803 2330 R.<¹11S
1815 2289 1964 2329 Dnus.

325 2359 517 2411 Cantor,
543 2360 772 2411 dignitate
793 2360 893 2412 Epo
915 2362 1174 2412 proximus,
1204 2366 1436 2412 cognatus
1463 2371 1719 2411 germanus
1743 2359 1964 2408 eiusdem,

323 2430 371 2471 in
392 2431 626 2471 suburbiis
650 2431 779 2471 Patri
801 2431 1118 2483 proficiscenti
1140 2432 1346 2473 occurrit
1375 2432 1469 2484 (qui
1498 2437 1636 2472 antea
1668 2443 1781 2471 suae
1808 2430 1967 2471 biblio-

322 2502 489 2542 thecae
511 2503 646 2554 copia
669 2503 732 2542 illi
761 2503 1016 2553 obtulerat)
1038 2503 1239 2555 benigne
1262 2503 1304 2543 ei
1324 2503 1550 2543 valedixit
1582 2509 1638 2543 cu
1667 2502 1968 2554 impositione

323 2580 498 2614 manuu
510 2574 864 2614 benedictionis.
879 2573 1091 2614 Tandem
1108 2574 1256 2615 Dnus.
1278 2573 1600 2614 Cancellarius
1618 2585 1776 2614 comes
1793 2573 1967 2613 disces-

322 2655 417 2695 sus,
442 2645 588 2696 ipsius
610 2645 841 2696 ablegatis
862 2651 905 2685 et
933 2645 1176 2686 discedere
1205 2645 1387 2697 rogatis
1414 2645 1576 2694 sociis,
1608 2645 1806 2696 genibus
1834 2644 1968 2685 flexis

323 2714 473 2756 Prem.
500 2717 789 2768 complexus,
814 2723 873 2758 cu
897 2717 1054 2757 multis
1076 2717 1301 2769 lacrymis
1326 2716 1547 2756 valedixit
1570 2716 1625 2765 ei,
1650 2716 1867 2767 precibus
1887 2716 1967 2756 hu-

322 2785 525 2827 millimis
547 2787 698 2827 Prem.
724 2789 959 2840 copellens
982 2794 1031 2828 ut
1052 2795 1171 2829 auru
1195 2789 1355 2832 oblatu
1377 2787 1620 2839 reciperet.
1643 2787 1788 2827 Rfliss·
1813 2787 1963 2827 Dnus.

324 2857 466 2908 Epus.
490 2859 676 2910 utrique
698 2866 741 2899 et
764 2858 893 2900 Patri
914 2860 1206 2912 Hieronymo
1229 2866 1272 2900 et
1292 2859 1366 2900 fri.
1391 2864 1553 2899 nostro
1574 2858 1750 2911 Jacobo
1780 2858 1966 2899 benedi-

323 2928 477 2968 ctione
512 2929 734 2980 spiritali,
773 2936 817 2970 et
851 2931 1006 2971 itineri
1036 2931 1317 2971 necessariis
1348 2930 1534 2971 donatis
1554 2962 1561 2980 ,
1595 2929 1813 2970 affectum
1850 2940 1966 2980 erga

323 2998 475 3040 Prem.
499 3000 792 3052 Hieronymi]
813 3001 1069 3053 professus,
1089 3008 1337 3053 utrumque
1355 3000 1530 3041 dimisit
1548 3012 1654 3041 cum
1670 3000 1792 3041 bona
1809 3000 1965 3052 gratia

325 3075 371 3110 et
393 3082 525 3122 pace.
