2168 3437
886 247 970 284 AN.
1003 247 1093 285 1554
1738 248 1806 286 681

171 342 252 382 sed
281 348 470 393 propter
506 343 596 382 alia
633 342 967 394 impedimenta
989 350 1033 383 et
1067 343 1338 394 quotidiana
1372 344 1565 395 negotia
1600 344 1808 384 nondum

169 412 406 464 profectus
428 424 531 453 sum
552 413 611 453 ad
633 413 887 454 videndum
908 414 986 453 illa
1007 415 1110 454 loca
1132 414 1265 454 nobis
1286 415 1457 454 oblata.
1491 415 1646 466 Quare
1666 416 1803 467 pluri-

170 494 295 523 mum
316 494 537 534 rogarem
557 483 682 523 P.tem
702 484 824 524 νέω
844 490 894 525 ut
915 485 1056 525 etiam
1077 484 1265 525 Patrem
1287 486 1488 536 aliquem
1510 486 1568 526 ad
1589 498 1676 526 nos
1706 487 1806 526 mit-

169 559 288 594 teret
309 554 423 594 mihi
444 555 491 594 in
512 555 705 605 socium,
735 555 813 607 qui
846 567 1007 596 curam
1035 555 1215 606 domus,
1245 556 1562 597 studiosorum
1592 563 1637 597 et
1668 557 1804 597 confi·

170 625 367 665 tentium
397 625 608 675 haberet,
632 632 680 666 ut
709 637 797 677 ego
825 626 1029 676 liberius,
1061 627 1249 678 quando
1277 627 1324 667 in
1350 626 1553 667 Domino
1584 628 1804 680 expedire

170 695 424 747 videretur,
448 697 637 747 saepius
666 697 724 736 ad
754 697 846 737 alia
874 698 979 737 loca
1008 698 1144 738 huius
1173 697 1403 738 dioecesis
1431 705 1476 738 et
1503 699 1563 739 ad
1593 699 1682 739 ista
1711 699 1806 739 iam

169 766 304 806 nobis
326 767 483 807 oblata
509 767 746 819 proficisci
766 780 969 820 possem,
999 774 1048 808 ut
1076 769 1143 809 sic
1174 770 1428 810 multorum
1454 769 1685 810 desiderio
1712 781 1803 810 ma-

170 838 243 888 gis
269 837 545 878 satisfacere
566 850 754 889 possem
776 839 836 879 ad
856 840 1044 879 laudem
1071 839 1144 880 X.i
1174 846 1219 880 et
1239 841 1563 891 proximorum
1589 842 1801 881 salutem.

249 907 408 949 Bonus
430 908 546 949 odor
566 908 817 950 Societatis
838 910 913 950 hic
935 910 981 950 in
1004 910 1103 950 dies
1120 911 1361 962 spargitur
1376 912 1543 962 magis,
1562 912 1627 952 ita
1647 919 1696 952 ut
1712 924 1805 952 non

170 980 361 1020 audiam
381 992 440 1020 ne
461 992 603 1020 unum
626 981 834 1032 quidem,
870 981 948 1033 qui
969 993 1062 1022 non
1090 982 1212 1022 bona
1234 982 1290 1022 de
1311 981 1545 1023 Societate
1571 984 1802 1034 loquatur.

170 1051 451 1091 Benedictus
473 1051 622 1092 Dnus.
647 1053 704 1092 de
723 1064 807 1092 sua
829 1064 943 1104 erga
964 1064 1051 1092 nos
1073 1053 1334 1093 clementia.

251 1122 329 1163 Ad
348 1123 451 1162 ΞΛΜ
473 1123 567 1163 iam
582 1124 845 1163 veniamus.
865 1123 1099 1164 Maximus
1114 1124 1204 1164 hac
1222 1125 1584 1177 quadragesima
1601 1126 1687 1167 fuit
1699 1139 1804 1167 con-

171 1193 401 1234 fitentium
422 1206 663 1245 numerus,
687 1195 766 1245 qui
787 1206 951 1235 omnes
972 1195 1119 1235 vitam
1147 1195 1194 1235 in
1215 1196 1379 1236 melius
1407 1203 1589 1237 mutare
1621 1198 1805 1238 studue-

172 1272 301 1313 runt,
339 1265 428 1305 Dei
463 1266 639 1316 gratia,
678 1266 797 1305 inter
831 1277 948 1317 quos
982 1266 1169 1306 fuerunt
1204 1267 1283 1318 qui
1317 1278 1421 1307 cum
1462 1268 1689 1309 daemone
1722 1280 1805 1320 per

172 1348 322 1377 annos
346 1337 523 1389 aliquot
544 1337 815 1377 conversati
835 1343 956 1387 sunt,
980 1337 1193 1378 homines
1207 1337 1591 1390 desperatissimi,
1614 1340 1692 1391 qui
1712 1340 1805 1380 iam

169 1408 323 1448 vitam
344 1409 391 1448 in
412 1409 579 1448 melius
600 1408 860 1459 corrigunt.
884 1408 990 1448 Duo
1020 1408 1176 1459 etiam,
1201 1409 1279 1460 qui
1312 1416 1420 1450 ante
1451 1422 1600 1450 annos
1628 1411 1805 1463 aliquot

170 1479 496 1531 anabaptistae
527 1478 730 1529 fuerunt,
762 1479 821 1519 ad
857 1479 1120 1520 Ecclesiam
1154 1479 1229 1520 X.i
1257 1480 1495 1521 redierunt
1529 1488 1574 1521 et
1608 1482 1806 1533 singulis

169 1550 540 1590 hebdomadibus
574 1550 854 1591 confitentur
889 1557 933 1590 et
969 1552 1330 1591 communicant.
1369 1552 1561 1593 Plurimi
1594 1559 1805 1594 nostram

171 1633 363 1672 operam
380 1621 668 1671 desiderant3
697 1622 779 1661 sed
801 1622 949 1661 oibus.
980 1622 1254 1662 satisfacere
1284 1635 1377 1663 non
1404 1636 1674 1675 possumus:
1698 1624 1803 1676 Qui·

172 1692 368 1732 busdam
390 1693 530 1732 etiam
550 1699 713 1732 nostra
735 1693 961 1733 exercitia
981 1693 1206 1743 dedimus,
1227 1694 1347 1734 inter
1369 1706 1486 1746 quos
1508 1695 1693 1736 fuerunt
1712 1697 1803 1736 duo

172 1763 401 1814 canonici,
427 1764 631 1814 promoti
653 1769 760 1803 ante
784 1764 960 1815 aliquot
982 1775 1131 1804 annos
1159 1764 1375 1816 Lovanii,
1398 1766 1476 1817 qui
1503 1778 1552 1806 se
1582 1765 1806 1807 Societati

167 1834 408 1874 dederunt.
433 1833 737 1874 Naturalibus
765 1840 874 1875 sunt
895 1835 1014 1875 bene
1037 1835 1207 1885 dotati,
1239 1848 1438 1888 quorum
1466 1849 1586 1877 unus
1614 1844 1683 1878 est
1713 1837 1804 1878 fra-

166 1912 235 1945 ter
274 1905 533 1945 secundum
579 1917 770 1945 carnem
809 1905 930 1946 Redi
969 1905 1123 1946 Patris
1162 1906 1357 1957 Canisii,
1400 1908 1476 1948 cui
1522 1920 1691 1949 nomen
1737 1915 1806 1949 est

165 1976 226 2016 M.
259 1976 580 2017 Theodoricus
601 1977 838 2028 Canisius,
862 1978 957 2029 qui,
982 1978 1211 2018 absolutis
1239 1979 1476 2019 exercitiis
1503 1991 1677 2031 magno
1699 1992 1806 2020 cum

161 2048 345 2099 spiritu,
371 2048 431 2088 ad
452 2048 655 2099 patriam
677 2048 1010 2100 proficiscitur,
1035 2049 1128 2100 qui,
1153 2049 1410 2090 satisfactis
1430 2051 1594 2091 amicis
1616 2057 1660 2091 et
1682 2052 1804 2091 vale·

163 2119 313 2169 dictis,
339 2119 398 2159 ad
418 2131 504 2160 nos
524 2120 778 2160 revertitur
806 2126 855 2160 ut
877 2132 983 2160 cum
1004 2126 1173 2172 nepote
1194 2132 1293 2172 suO,
1323 2121 1441 2161 bene
1475 2122 1613 2162 docto
1645 2122 1801 2163 adole-

165 2197 339 2241 scente,
364 2196 409 2230 et
437 2190 528 2231 alio
559 2202 664 2230 cum
697 2191 825 2231 socio
849 2191 1085 2231 Viennam
1112 2191 1439 2243 proficiscatur
1462 2192 1520 2232 ad
1552 2192 1691 2233 Reum
1722 2193 1804 2233 Pa-

168 2267 288 2301 trem
308 2261 548 2302 Canisium
574 2261 599 2302 ¹.
623 2261 757 2302 Alter
778 2263 1036 2303 canonicus
1058 2263 1291 2314 colloquio
1313 2263 1456 2304 huius.
1471 2263 1532 2304 M.
1552 2264 1804 2305 Theodori—

170 2333 234 2382 ci,
259 2344 364 2372 cum
385 2331 671 2383 Noviomagi
701 2339 839 2380 esset,
863 2333 910 2373 in
930 2339 1112 2374 tantum
1133 2334 1366 2374 excitatus
1395 2333 1480 2374 fuit
1507 2334 1565 2374 ad
1593 2335 1802 2385 meliora,

217 2495 227 2515 ¹
267 2494 317 2522 De
331 2494 421 2529 Mag.
437 2494 649 2522 ‘theodorico
667 2494 802 2522 Canisio
818 2494 996 2522 POLANcus
1011 2495 1044 2523 in
1061 2494 1244 2527 Chronico,
1267 2499 1290 2522 t.
1304 2503 1357 2529 111,
1381 2503 1463 2530 pag.
1481 2496 1552 2530 277,
1569 2504 1600 2523 n.
1621 2497 1691 2531 622,
1717 2497 1803 2524 haec

163 2542 311 2577 scripsit:
328 2543 410 2577 “quo
426 2543 531 2570 etiam
545 2550 633 2570 anno
647 2543 748 2575 (anno
769 2543 901 2570 scilicet
922 2551 987 2578 quo
1009 2544 1240 2572 Theodoricus
1266 2544 1413 2572 Gerardi
1433 2545 1576 2572 Romam
1597 2545 1719 2573 missus
1743 2550 1805 2577 est,

164 2591 253 2617 alter
267 2590 509 2623 Theodoricus,
532 2590 647 2618 Patris
669 2590 797 2618 Canisii
820 2591 941 2625 frater,
968 2592 1110 2619 Romam
1134 2593 1239 2620 etiam
1262 2593 1388 2626 venit.„
1413 2592 1540 2626 Quibus
1563 2593 1678 2620 verbis
1702 2594 1803 2621 facile

162 2638 236 2672 quis
250 2638 282 2665 in
297 2645 449 2666 errorem
463 2638 642 2665 inducetur
656 2642 692 2665 ut
708 2638 881 2666 existimet
903 2639 939 2666 P.
962 2639 1210 2667 Theodoricum
1231 2640 1421 2674 Canisium,
1447 2641 1478 2667 in
1503 2640 1713 2669 Societatem
1732 2642 1804 2676 jam

163 2686 365 2719 admissum,
381 2685 524 2712 Romam
538 2686 673 2713 venisse
689 2693 777 2712 anno
793 2686 879 2720 1553,
897 2694 961 2721 quo
975 2694 1063 2715 anno
1079 2691 1173 2715 certe
1188 2688 1283 2715 venit
1304 2687 1534 2715 Theodericus
1555 2687 1714 2716 Gerardi.
1739 2688 1805 2715 Sed

162 2733 235 2767 ipse
250 2733 426 2760 PoLANcus
440 2733 526 2760 haec
541 2736 575 2760 et
590 2733 659 2760 alia
680 2741 722 2760 ex
743 2733 887 2761 Kesselii
909 2735 1036 2762 litteris
1061 2742 1263 2769 excerpens,
1286 2735 1335 2762 sic
1357 2735 1390 2763 in
1417 2735 1601 2768 Chronico,
1625 2739 1648 2763 t.
1669 2743 1724 2768 1v,
1748 2737 1803 2770 qui

162 2787 288 2807 annum
301 2781 542 2814 complectitur
558 2780 639 2809 1552.
655 2780 695 2807 de
711 2779 921 2808 Theodorico
937 2781 1073 2809 Canisio
1089 2783 1254 2816 loquitur:
1272 2782 1441 2816 “Quartus
1454 2783 1600 2810 accessit
1619 2783 1805 2814 (admissus

162 2826 322 2854 Coloniae
338 2827 371 2854 in
387 2826 604 2862 Societatem)
618 2826 704 2861 Mgr.
719 2827 951 2856 Theodoricus
967 2828 1122 2856 Canisius
1133 2851 1139 2863 ,
1156 2830 1210 2863 qui
1228 2830 1409 2857 canonicus
1424 2834 1499 2857 erat
1517 2829 1722 2865 Noviomagi
1737 2838 1744 2864 ;
1770 2835 1804 2858 et

163 2881 239 2900 cum
253 2874 406 2900 venisset
423 2873 598 2901 Coloniam
612 2878 649 2901 ut
666 2874 828 2902 diaconus
844 2876 1075 2909 ordinaretur,
1091 2881 1125 2903 et
1141 2884 1217 2904 cum
1232 2877 1396 2904 exercitia
1421 2877 1615 2911 spiritualia
1637 2877 1806 2911 postulas-

163 2925 215 2948 set
229 2925 262 2948 et
277 2928 353 2948 cum
367 2921 479 2948 fructu
493 2922 708 2956 suscepisset.
721 2922 809 2956 quod
824 2923 879 2950 diu
894 2927 974 2950 ante
990 2923 1219 2958 cogitaverat,
1234 2924 1387 2952 decrevit
1400 2923 1566 2951 Societati
1581 2932 1616 2951 se
1634 2928 1744 2952 totum
1759 2925 1803 2952 ad

164 2968 227 2995 Dei
241 2968 423 2995 servitium
435 2968 532 3002 dare;
548 2969 667 2995 eodem
679 2969 748 3002 die,
765 2977 829 3004 quo
845 2970 888 2996 ad
904 2971 1123 2998 diaconatum
1138 2972 1389 3005 promovendus
1404 2976 1480 2998 erat
1491 2993 1497 3005 ,
1520 2975 1602 2999 voto
1623 2972 1806 2999 scholasti-

164 3022 281 3042 corum
297 3014 479 3042 societatis
494 3016 707 3050 propositum
721 3016 803 3043 illud
819 3016 1048 3051 confirmavit,
1065 3018 1153 3052 quod
1165 3018 1295 3051 jamdiu
1310 3025 1330 3045 a
1346 3018 1607 3052 consanguineis
1628 3022 1662 3046 et
1684 3019 1804 3047 amicis

163 3062 344 3096 impeditus
361 3066 552 3096 exequutus
566 3070 632 3090 non
648 3063 791 3096 fuerat„
806 3063 882 3091 Etc.
