2168 3437
902 257 985 294 AN.
1017 256 1108 294 1552
1778 259 1818 295 11

184 359 232 399 in
253 358 626 410 praesentiarum
647 368 789 409 quam
807 356 1075 396 felicissime
1091 354 1364 407 procedunt.
1384 354 1617 395 Numerus
1634 355 1820 406 quidem

185 429 434 482 gymnasia
468 434 629 468 nostra
663 427 1080 479 frequentantium,
1111 437 1251 477 quam
1280 426 1412 466 initio
1441 416 1547 475 fuit,
1582 426 1821 478 aliquanto

186 501 337 541 rarior
370 511 518 549 nunc;
546 511 712 539 verum
739 498 877 550 hujus
909 498 977 538 rei
1004 497 1236 537 rationem
1261 497 1337 537 hic
1364 490 1691 537 adscribi'non
1719 498 1822 537 atti-

185 578 284 622 net,
316 583 421 611 cum
448 571 561 611 nulli
599 570 788 610 dubium
824 569 883 610 sit
916 573 1117 617 aestum,
1154 568 1295 608 totius
1325 567 1460 620 hujus
1490 568 1624 618 regni
1658 569 1820 608 tumul-

186 650 285 683 tum
314 642 340 693 ¹,
368 642 551 694 regium
580 642 778 693 denique
812 639 867 679 de
899 638 1162 691 peregrinis
1197 638 1399 678 edictum
1428 638 1457 689 ⁶³,
1493 638 1630 679 facile
1661 640 1822 691 copias

184 719 372 754 nostras
406 714 452 753 in
487 713 664 753 arctius
692 711 970 752 contrahere
1000 709 1227 761 potuisse;
1259 722 1443 758 verum,
1477 710 1601 762 quod
1626 721 1824 750 numero

183 785 398 832 decessit,
434 783 666 836 profectui
693 781 950 822 accessisse
980 779 1227 820 manifesto
1263 780 1498 828 videmus,
1537 780 1820 832 quandoqui-

186 857 290 897 dem
310 868 404 896 non
421 855 517 907 jam
538 855 586 895 in
606 853 815 904 singulos
836 862 1020 892 menses
1051 850 1351 900 confitentur,
1383 852 1465 891 scd
1493 853 1822 903 quamplurimi

187 928 328 968 etiam
358 927 406 966 in
431 923 747 966 hebdomadas
767 928 811 962 et
835 922 1116 963 celebriores
1137 922 1455 962 solemnitates
1484 929 1736 974 utcumque
1764 923 1823 963 ad

188 998 506 1038 confessiones
533 1002 577 1036 et
604 999 937 1034 sacrosanctae
964 993 1289 1033 Eucharistiae
1318 1000 1666 1034 sacramentum
1693 1006 1823 1035 acce—

188 1070 316 1110 dunt.
340 1068 575 1118 Quantum
596 1077 709 1105 vero
731 1065 820 1104 hac
840 1064 919 1104 via
939 1071 1271 1116 promoveant,
1296 1064 1467 1104 indicio
1492 1072 1598 1104 sunt
1615 1066 1693 1116 qui
1713 1077 1825 1116 pau-

188 1141 254 1181 cis
275 1139 442 1179 abhinc
463 1137 625 1177 diebus
646 1136 832 1177 Christo
852 1142 898 1176 et
918 1136 1134 1187 religioni
1154 1147 1257 1176 sese
1285 1136 1600 1186 devoverunt,
1625 1143 1669 1176 et
1690 1137 1825 1187 pleri-

186 1222 273 1262 que
295 1209 372 1249 alii
393 1209 471 1260 qui
497 1208 568 1248 vel
596 1209 642 1248 in
678 1213 841 1247 nostra
868 1206 1102 1247 Societate
1130 1206 1253 1247 idem
1282 1206 1499 1247 factitare
1530 1219 1829 1258 summopere

186 1280 453 1321 desiderant
480 1279 509 1317 ⁵.
538 1279 611 1320 Ex
642 1278 810 1319 litteris
843 1283 999 1318 autem
1034 1289 1171 1330 quem
1200 1277 1405 1318 fructum
1440 1278 1683 1318 retulerint
1710 1285 1754 1318 et
1781 1279 1826 1319 in

185 1352 283 1392 dies
304 1352 533 1401 referant,
557 1350 928 1402 experimentum
949 1349 1062 1389 dant
1082 1349 1174 1400 qui,
1204 1349 1371 1389 leviter
1399 1349 1537 1389 modo
1564 1349 1826 1389 litterarum

185 1423 292 1463 fuco
314 1423 435 1471 illiti,
458 1427 623 1462 nostra
652 1421 1003 1472 frequentantes
1032 1431 1156 1460 nunc
1187 1419 1458 1460 earumdem
1486 1418 1826 1471 professionem

186 1494 379 1534 faciunt.
403 1493 537 1533 Multi
564 1492 703 1532 etiam
734 1491 812 1532 alii
841 1491 919 1543 qui
945 1490 1139 1531 vixdum
1170 1491 1470 1531 balbutiendo
1500 1492 1695 1531 latinum
1725 1503 1827 1531 ver-

186 1565 296 1605 bum
319 1565 572 1613 sonabant,
598 1575 722 1604 nunc
750 1562 1113 1603 declamatoriae
1143 1562 1369 1602 functioni
1397 1563 1512 1602 satis
1540 1562 1696 1603 idonei
1724 1575 1827 1603 cen-

189 1642 364 1676 sentur.

269 1706 360 1748 Sed
381 1707 601 1758 quoniam
621 1706 884 1746 litterarum
910 1711 1131 1756 tyronum
1158 1711 1428 1745 nostrorum
1455 1705 1762 1745 confessionis
1783 1711 1829 1744 et

190 1778 531 1818 communionis
557 1789 723 1817 sacrae
750 1787 892 1827 supra
921 1776 1205 1816 mentionem
1234 1775 1454 1826 facimus,
1485 1776 1610 1816 lubet
1638 1776 1713 1816 hic
1750 1776 1827 1815 ali—

189 1849 299 1900 quid
320 1849 376 1889 de
398 1854 666 1889 exterorum
686 1847 912 1898 religione
933 1858 1136 1887 monere.
1162 1846 1278 1887 Cum
1294 1847 1437 1898 igitur
1454 1847 1649 1898 singulis
1667 1847 1832 1887 diebus

187 1920 369 1960 festivis
391 1920 609 1971 copiosus
630 1918 744 1959 satis
775 1918 853 1970 qui
880 1929 1019 1958 sacra
1040 1917 1158 1957 haec
1185 1924 1348 1969 petunt
1376 1917 1434 1957 sit
1460 1929 1706 1968 numerus,
1730 1923 1828 1958 tum

189 2002 302 2031 sane
324 1990 674 2042 copiosissimus
695 1989 779 2029 fuit
800 1989 847 2029 in
864 1988 1067 2040 jubilaeo
1083 1989 1351 2040 nuperrime
1372 1988 1448 2028 hic
1470 1989 1719 2035 celebrato,
1742 2001 1830 2029 nec

190 2062 333 2101 multo
356 2061 505 2101 minor
526 2061 573 2100 in
595 2060 698 2100 aliis
721 2059 1056 2100 celebrioribus
1077 2059 1209 2100 festis
1230 2071 1332 2099 esse
1353 2060 1483 2100 solet.
1508 2058 1671 2099 Patres
1688 2060 1829 2100 etiam

190 2131 501 2182 quorumdam
526 2131 796 2181 generalem
824 2130 1167 2170 confessionem
1194 2130 1488 2170 audiverunt.
1513 2129 1585 2170 P.¹‘
1605 2131 1715 2171 item
1735 2130 1830 2171 An-

191 2202 328 2242 dreas
348 2201 364 2220 ⁴
384 2203 631 2253 plerosque
659 2201 868 2241 infirmos
896 2212 1001 2240 cum
1033 2200 1178 2241 multo
1204 2200 1390 2240 illorum
1416 2200 1572 2241 fructu
1601 2207 1645 2241 et
1671 2201 1829 2241 visita-

191 2273 258 2312 vit
291 2278 335 2313 et
370 2284 532 2312 eorum
563 2271 906 2311 confessionem
935 2271 1127 2311 audivit.
1158 2270 1298 2311 Domi
1332 2279 1376 2311 et
1403 2271 1518 2312 foris
1552 2271 1599 2311 in
1629 2271 1832 2312 diversis

190 2343 307 2383 locis
328 2355 421 2395 non
442 2343 541 2383 sine
561 2353 735 2393 magno
760 2342 1046 2382 audientium
1067 2341 1223 2382 fructu
1245 2343 1478 2393 spirituali
1499 2343 1829 2382 concionatum

247 2503 257 2522 ¹
296 2502 431 2529 Turbae
446 2502 582 2536 aliquae
598 2502 769 2529 excitatae
785 2502 848 2529 hoc
863 2510 950 2530 anno
971 2502 1113 2537 Neapoli
1134 2502 1228 2529 fuere
1252 2502 1429 2529 occasione
1450 2503 1648 2530 secessionis
1664 2503 1833 2538 Principis

190 2548 412 2582 Salernitani,
429 2549 484 2582 qui
502 2550 544 2576 ab
566 2548 777 2583 Imperatore
791 2549 835 2576 ad
853 2549 985 2577 Galliae
1001 2549 1130 2584 Regem
1145 2550 1341 2583 transfugit,
1358 2554 1392 2576 et
1408 2550 1584 2577 occisionis
1600 2551 1738 2578 Antonii
1754 2551 1829 2578 Gri-

191 2596 292 2628 sonis,
311 2596 366 2630 qui
387 2595 478 2623 illius
499 2596 664 2630 Principis
678 2600 796 2630 partes
817 2598 955 2631 agebat.
977 2597 1064 2624 Vide
1088 2596 1227 2631 M1ec10,
1257 2596 1336 2624 Vita
1351 2598 1389 2624 di
1402 2597 1479 2624 Don
1494 2597 1613 2625 Pietro
1633 2598 1676 2625 de
1697 2599 1833 2630 Toledo,

191 2651 265 2678 cap.
280 2643 315 2670 AO
329 2647 363 2670 et
377 2644 422 2670 41.

244 2691 258 2710 2
295 2690 366 2717 Mos
381 2690 448 2718 illis
469 2691 679 2725 temporibus
702 2692 860 2726 frequens
881 2695 957 2719 erat
979 2696 1025 2726 ut,
1051 2700 1127 2719 cum
1146 2693 1271 2719 bellum
1292 2693 1386 2720 natio
1409 2693 1523 2727 aliqua
1545 2693 1712 2720 adversus
1726 2693 1830 2720 aliam

190 2738 362 2765 nationem
378 2738 561 2772 indicebat,
578 2739 717 2766 exulare
734 2739 871 2773 juberet
894 2747 1020 2774 omnes,
1042 2740 1098 2774 qui
1120 2741 1210 2774 apud
1231 2748 1265 2767 se
1287 2741 1468 2774 degebant,
1492 2741 1660 2768 adversae
1684 2741 1831 2768 nationis

190 2785 380 2819 indigenas.
396 2785 441 2812 Et
456 2785 484 2812 si
499 2785 691 2813 immineret
705 2785 845 2813 urbibus
859 2786 1000 2820 obsidiO,
1016 2788 1182 2814 excedere
1206 2788 1273 2814 illis
1288 2789 1500 2822 cogebantur
1521 2788 1695 2822 peregrini
1716 2796 1832 2815 omnes

192 2834 226 2858 et
248 2832 403 2860 advenae
427 2832 550 2867 quique
571 2833 614 2860 ad
634 2833 771 2860 illarum
794 2834 1022 2861 defensionem
1042 2836 1271 2862 censebantur
1295 2835 1441 2862 inutiles.
1465 2835 1579 2862 Simile
1596 2835 1675 2870 quid
1688 2835 1831 2869 Neapoli

192 2878 254 2905 hoc
269 2887 357 2907 anno
373 2880 569 2914 contigisse,
584 2881 679 2915 cujus
699 2884 813 2908 tamen
834 2889 900 2908 non
920 2882 1102 2909 meminere
1123 2882 1404 2917 historiographi,
1427 2891 1469 2910 ex
1491 2883 1543 2910 his
1567 2882 1701 2910 Peltani
1716 2883 1833 2909 verbis

192 2926 277 2953 satis
288 2927 404 2960 liquet.

245 2973 259 2993 5
296 2973 383 3001 Vide
399 2974 566 3009 SCH1N081‚
583 2974 714 3002 Istoria
729 2976 824 3004 della
841 2977 1056 3011 compagnia
1071 2978 1110 3004 dz·
1126 2978 1232 3005 Giesz'c
1248 2980 1508 3013 appartenente
1523 2978 1558 3005 al
1573 2977 1694 3011 Regno
1709 2977 1747 3004 dz‘
1761 2976 1831 3004 Na-

189 3020 284 3054 polz',
297 3024 396 3055 parte
412 3029 438 3054 1¹
454 3023 476 3050 l.
494 3023 505 3048 1
519 3043 524 3053 ‚
538 3029 611 3056 cap.
626 3022 652 3050 8.

245 3065 261 3086 ‘⁴
298 3067 334 3095 P.
349 3068 506 3096 Andreas
521 3069 561 3096 de
578 3068 717 3104 Oviedo‚
735 3069 878 3104 Collegii
893 3070 1110 3106 Neapolitani
1125 3072 1262 3100 Rector.
