2168 3437
881 241 963 278 AN.
993 240 1086 278 1553
1731 240 1801 277 347

171 338 379 390 ptionem
400 337 623 377 liberatus
645 343 735 387 est;
759 337 852 377 iam
873 337 1096 377 mundum
1118 336 1323 387 reliquit,
1348 341 1393 376 et
1413 347 1462 375 se
1490 341 1639 375 totum
1672 335 1798 376 Chri-

172 409 231 449 sti
251 409 442 449 servitio
465 408 768 460 mancipavit.

250 479 405 520 Unum
426 480 473 519 in
494 479 729 519 exercitiis
751 478 1018 528 habuimus,
1053 478 1130 530 qui
1151 489 1233 529 per
1255 477 1352 518 dies
1374 478 1550 529 aliquot
1573 483 1618 517 et
1639 482 1802 517 noctes

170 562 221 590 se
252 562 278 590 a
312 550 551 590 lachrimis
585 551 825 589 continere
860 561 953 589 non
985 549 1136 600 potuit
1169 560 1282 599 prae
1316 549 1460 588 nimia
1493 548 1802 588 admiratione

172 621 394 661 bonitatis
423 621 532 671 Dei,
562 620 799 660 Creatoris
832 620 923 669 sui,
958 631 1072 670 erga
1099 631 1224 669 eum,
1258 619 1336 670 qui
1363 631 1411 659 se
1440 619 1552 659 dare
1580 619 1803 660 Societati

172 691 375 731 maxime
393 691 534 743 cupit,
554 691 636 730 sed
652 690 858 730 nondum
881 690 1176 730 admisimus:
1200 690 1383 729 iuvenis
1405 696 1473 729 est
1494 690 1540 730 19
1557 702 1800 740 annorum,

174 762 465 802 naturalibus
481 762 597 802 bene
618 761 805 801 dotatus
826 766 870 800 et
892 760 1037 810 dives,
1062 766 1150 800 etc.

252 833 410 873 Vicini
429 832 578 872 nostri
598 832 824 884 incipiunt
845 832 1133 883 frequentius
1162 831 1373 872 confiteri
1394 838 1437 872 et
1460 832 1804 872 communicare

172 915 315 955 quam
336 904 567 954 solebant,
592 903 639 943 in
659 908 821 943 nostra
842 902 1000 942 Missa.

252 974 402 1015 Pestis
434 974 482 1014 in
516 974 614 1014 dies
647 974 798 1024 magis
832 980 1080 1024 grassatur
1111 973 1350 1013 Coloniae.
1381 972 1485 1012 Non
1512 973 1667 1013 dubito
1696 974 1807 1025 quin

176 1046 392 1086 dominus
418 1045 557 1085 valde
587 1046 646 1085 sit
671 1045 805 1084 nobis
834 1044 1050 1085 offensus.
1087 1043 1241 1095 Quum
1272 1045 1475 1096 primum
1503 1043 1714 1084 homines
1743 1045 1806 1084 in-

175 1116 352 1157 firmari
386 1117 632 1167 incipiunt,
670 1115 871 1167 perdunt
898 1116 1152 1167 loque1am,
1182 1121 1226 1155 et
1254 1121 1358 1167 post
1386 1115 1508 1155 diem
1535 1127 1700 1164 unum,
1730 1121 1809 1155 aut

175 1187 333 1238 citius,
357 1188 529 1227 mortui
550 1192 671 1227 sunt.
696 1186 943 1237 Consules,
968 1191 1013 1226 et
1034 1187 1200 1236 clerus,
1225 1192 1269 1226 et
1289 1186 1467 1226 nobiles
1490 1197 1650 1225 omnes
1672 1185 1809 1226 valde

178 1258 438 1310 perturbati
471 1265 600 1308 sunt,
639 1258 686 1297 in
729 1257 824 1297 suis
865 1257 990 1296 Villis
1029 1263 1234 1297 manent.
1275 1257 1479 1308 Populus
1514 1257 1607 1296 iam
1649 1256 1811 1308 incipit

178 1330 341 1370 timere
363 1335 407 1369 et
429 1329 643 1369 devotior
663 1328 785 1378 fieri,
805 1328 869 1368 ita
890 1334 939 1368 ut
955 1328 1047 1368 iam
1070 1328 1204 1368 nobis
1224 1340 1330 1379 spes
1353 1328 1412 1368 sit
1435 1328 1675 1379 amplioris
1696 1339 1811 1367 mes-

179 1401 265 1451 sis,
289 1412 430 1452 quam
449 1401 649 1440 antehac
667 1411 888 1451 unquam.

259 1471 360 1512 Rae
380 1471 429 1512 Ρ.
459 1471 565 1512 Vssst

260 1542 434 1583 Servus
456 1541 691 1593 indignus,

1067 1686 1350 1726 LEONARDUS
1371 1685 1600 1726 KEssELL.
