<?xml version="1.0" encoding="UTF-8"?>
<!DOCTYPE html PUBLIC "-//W3C//DTD XHTML 1.0 Transitional//EN"
    "http://www.w3.org/TR/xhtml1/DTD/xhtml1-transitional.dtd">
<html xmlns="http://www.w3.org/1999/xhtml" xml:lang="en" lang="en">
 <head>
  <title>
</title>
<meta http-equiv="Content-Type" content="text/html;charset=utf-8" />
  <meta name='ocr-system' content='tesseract 3.04.00' />
  <meta name='ocr-capabilities' content='ocr_page ocr_carea ocr_par ocr_line ocrx_word'/>
</head>
<body>
  <div class='ocr_page' id='page_1' title='image "./litteraequadrime1402lain_0408.png"; bbox 0 0 2168 3437; ppageno 0'>
   <div class='ocr_carea' id='block_1_1' title="bbox 344 295 1468 339">
    <p class='ocr_par' dir='ltr' id='par_1_1' title="bbox 344 295 1468 339">
     <span class='ocr_line' id='line_1_1' title="bbox 344 295 1468 339; baseline 0 -5"><span class='ocrx_word' id='word_1_1' title='bbox 344 298 415 334; x_wconf 71' lang='lat'>404</span> <span class='ocrx_word' id='word_1_2' title='bbox 858 295 1085 333; x_wconf 78' lang='lat' dir='ltr'>LlrrERAE</span> <span class='ocrx_word' id='word_1_3' title='bbox 1111 307 1468 339; x_wconf 79' lang='lat' dir='ltr'><strong>QUADRIMESTRES</strong></span> 
     </span>
    </p>
   </div>
   <div class='ocr_carea' id='block_1_2' title="bbox 324 391 1980 3079">
    <p class='ocr_par' dir='ltr' id='par_1_2' title="bbox 327 391 1980 2155">
     <span class='ocr_line' id='line_1_2' title="bbox 346 391 1979 444; baseline -0.001 -10"><span class='ocrx_word' id='word_1_4' title='bbox 346 406 452 434; x_wconf 86' lang='lat' dir='ltr'>cum</span> <span class='ocrx_word' id='word_1_5' title='bbox 473 405 633 433; x_wconf 88' lang='lat' dir='ltr'>omnes</span> <span class='ocrx_word' id='word_1_6' title='bbox 660 393 784 432; x_wconf 92' lang='lat' dir='ltr'>intus</span> <span class='ocrx_word' id='word_1_7' title='bbox 812 392 859 432; x_wconf 88' lang='lat' dir='ltr'>in</span> <span class='ocrx_word' id='word_1_8' title='bbox 888 392 1058 443; x_wconf 85' lang='lat' dir='ltr'>animo,</span> <span class='ocrx_word' id='word_1_9' title='bbox 1091 393 1169 443; x_wconf 91' lang='lat' dir='ltr'>qui</span> <span class='ocrx_word' id='word_1_10' title='bbox 1200 391 1375 433; x_wconf 91' lang='lat' dir='ltr'>doloris</span> <span class='ocrx_word' id='word_1_11' title='bbox 1402 392 1723 444; x_wconf 79' lang='lat' dir='ltr'>magnitudine</span> <span class='ocrx_word' id='word_1_12' title='bbox 1752 404 1870 443; x_wconf 91' lang='lat' dir='ltr'>pene</span> <span class='ocrx_word' id='word_1_13' title='bbox 1892 393 1979 433; x_wconf 91' lang='lat' dir='ltr'>dis-</span> 
     </span>
     <span class='ocr_line' id='line_1_3' title="bbox 344 463 1980 516; baseline -0.001 -11"><span class='ocrx_word' id='word_1_14' title='bbox 344 465 591 516; x_wconf 82' lang='lat' dir='ltr'>rumpitur,</span> <span class='ocrx_word' id='word_1_15' title='bbox 614 463 748 515; x_wconf 91' lang='lat' dir='ltr'>quasi</span> <span class='ocrx_word' id='word_1_16' title='bbox 774 463 989 503; x_wconf 90' lang='lat' dir='ltr'>transfixi</span> <span class='ocrx_word' id='word_1_17' title='bbox 1009 463 1300 504; x_wconf 79' lang='lat' dir='ltr'>inhaereant.</span> <span class='ocrx_word' id='word_1_18' title='bbox 1323 464 1419 504; x_wconf 88' lang='lat' dir='ltr'>Nec</span> <span class='ocrx_word' id='word_1_19' title='bbox 1441 465 1584 504; x_wconf 90' lang='lat' dir='ltr'>multo</span> <span class='ocrx_word' id='word_1_20' title='bbox 1618 469 1745 515; x_wconf 88' lang='lat' dir='ltr'>post,</span> <span class='ocrx_word' id='word_1_21' title='bbox 1780 474 1861 503; x_wconf 91' lang='lat' dir='ltr'>eos</span> <span class='ocrx_word' id='word_1_22' title='bbox 1883 463 1980 515; x_wconf 87' lang='lat' dir='ltr'>jam</span> 
     </span>
     <span class='ocr_line' id='line_1_4' title="bbox 346 533 1978 586; baseline -0.001 -10"><span class='ocrx_word' id='word_1_23' title='bbox 346 542 588 576; x_wconf 84' lang='lat' dir='ltr'>turcarum</span> <span class='ocrx_word' id='word_1_24' title='bbox 608 535 757 574; x_wconf 92' lang='lat' dir='ltr'>sacris</span> <span class='ocrx_word' id='word_1_25' title='bbox 778 534 1009 584; x_wconf 88' lang='lat' dir='ltr'>initiatos,</span> <span class='ocrx_word' id='word_1_26' title='bbox 1045 533 1197 574; x_wconf 91' lang='lat' dir='ltr'>Deum</span> <span class='ocrx_word' id='word_1_27' title='bbox 1224 535 1272 574; x_wconf 91' lang='lat' dir='ltr'>in</span> <span class='ocrx_word' id='word_1_28' title='bbox 1294 533 1475 586; x_wconf 87' lang='lat' dir='ltr'>justitia</span> <span class='ocrx_word' id='word_1_29' title='bbox 1503 540 1693 574; x_wconf 90' lang='lat' dir='ltr'>orantes</span> <span class='ocrx_word' id='word_1_30' title='bbox 1725 535 1978 586; x_wconf 83' lang='lat' dir='ltr'>conspicio,</span> 
     </span>
     <span class='ocr_line' id='line_1_5' title="bbox 343 606 1979 658; baseline -0.001 -11"><span class='ocrx_word' id='word_1_31' title='bbox 343 608 410 647; x_wconf 89' lang='lat' dir='ltr'>uti</span> <span class='ocrx_word' id='word_1_32' title='bbox 441 608 498 647; x_wconf 90' lang='lat' dir='ltr'>ab</span> <span class='ocrx_word' id='word_1_33' title='bbox 525 607 604 657; x_wconf 89' lang='lat' dir='ltr'>iis,</span> <span class='ocrx_word' id='word_1_34' title='bbox 635 606 714 658; x_wconf 89' lang='lat' dir='ltr'>qui</span> <span class='ocrx_word' id='word_1_35' title='bbox 740 618 789 646; x_wconf 93' lang='lat' dir='ltr'>se</span> <span class='ocrx_word' id='word_1_36' title='bbox 818 606 865 646; x_wconf 90' lang='lat' dir='ltr'>in</span> <span class='ocrx_word' id='word_1_37' title='bbox 898 618 1003 646; x_wconf 92' lang='lat' dir='ltr'>eum</span> <span class='ocrx_word' id='word_1_38' title='bbox 1030 607 1183 646; x_wconf 92' lang='lat' dir='ltr'>locum</span> <span class='ocrx_word' id='word_1_39' title='bbox 1213 607 1461 658; x_wconf 86' lang='lat' dir='ltr'>pervenire</span> <span class='ocrx_word' id='word_1_40' title='bbox 1488 606 1669 656; x_wconf 89' lang='lat' dir='ltr'>sinunt,</span> <span class='ocrx_word' id='word_1_41' title='bbox 1701 606 1868 657; x_wconf 89' lang='lat' dir='ltr'>dignas</span> <span class='ocrx_word' id='word_1_42' title='bbox 1894 618 1979 657; x_wconf 90' lang='lat' dir='ltr'>pro</span> 
     </span>
     <span class='ocr_line' id='line_1_6' title="bbox 342 677 1980 729; baseline -0.001 -11"><span class='ocrx_word' id='word_1_43' title='bbox 342 678 519 718; x_wconf 89' lang='lat' dir='ltr'>meritis</span> <span class='ocrx_word' id='word_1_44' title='bbox 542 689 719 729; x_wconf 87' lang='lat' dir='ltr'>poenas</span> <span class='ocrx_word' id='word_1_45' title='bbox 745 683 955 728; x_wconf 79' lang='lat' dir='ltr'>expetat3</span> <span class='ocrx_word' id='word_1_46' title='bbox 990 678 1112 729; x_wconf 91' lang='lat' dir='ltr'>quod</span> <span class='ocrx_word' id='word_1_47' title='bbox 1138 678 1276 729; x_wconf 89' lang='lat' dir='ltr'>plane</span> <span class='ocrx_word' id='word_1_48' title='bbox 1301 677 1414 717; x_wconf 85' lang='lat' dir='ltr'>facit</span> <span class='ocrx_word' id='word_1_49' title='bbox 1441 683 1491 717; x_wconf 90' lang='lat' dir='ltr'>ut</span> <span class='ocrx_word' id='word_1_50' title='bbox 1519 677 1722 717; x_wconf 82' lang='lat' dir='ltr'>maxime</span> <span class='ocrx_word' id='word_1_51' title='bbox 1751 677 1863 717; x_wconf 86' lang='lat' dir='ltr'>illud</span> <span class='ocrx_word' id='word_1_52' title='bbox 1892 677 1980 717; x_wconf 92' lang='lat' dir='ltr'>Dei</span> 
     </span>
     <span class='ocr_line' id='line_1_7' title="bbox 338 747 1978 800; baseline -0.001 -12"><span class='ocrx_word' id='word_1_53' title='bbox 338 748 582 800; x_wconf 88' lang='lat' dir='ltr'>judicium,</span> <span class='ocrx_word' id='word_1_54' title='bbox 607 748 884 800; x_wconf 91' lang='lat' dir='ltr'>praesertim</span> <span class='ocrx_word' id='word_1_55' title='bbox 906 748 1030 800; x_wconf 92' lang='lat' dir='ltr'>quod</span> <span class='ocrx_word' id='word_1_56' title='bbox 1051 748 1107 788; x_wconf 92' lang='lat' dir='ltr'>de</span> <span class='ocrx_word' id='word_1_57' title='bbox 1129 747 1350 788; x_wconf 87' lang='lat' dir='ltr'>divitibus</span> <span class='ocrx_word' id='word_1_58' title='bbox 1378 748 1701 798; x_wconf 89' lang='lat' dir='ltr'>constituetur,</span> <span class='ocrx_word' id='word_1_59' title='bbox 1733 748 1978 788; x_wconf 85' lang='lat' dir='ltr'>vehemen-</span> 
     </span>
     <span class='ocr_line' id='line_1_8' title="bbox 342 818 1977 870; baseline -0.001 -10"><span class='ocrx_word' id='word_1_60' title='bbox 342 827 413 860; x_wconf 89' lang='lat' dir='ltr'>ter</span> <span class='ocrx_word' id='word_1_61' title='bbox 447 820 637 860; x_wconf 89' lang='lat' dir='ltr'>timeam</span> <span class='ocrx_word' id='word_1_62' title='bbox 665 825 708 859; x_wconf 89' lang='lat' dir='ltr'>et</span> <span class='ocrx_word' id='word_1_63' title='bbox 738 819 1088 868; x_wconf 90' lang='lat' dir='ltr'>exhorrescam.</span> <span class='ocrx_word' id='word_1_64' title='bbox 1126 818 1241 859; x_wconf 93' lang='lat' dir='ltr'>Illud</span> <span class='ocrx_word' id='word_1_65' title='bbox 1275 819 1465 870; x_wconf 79' lang='lat' dir='ltr'>insuper</span> <span class='ocrx_word' id='word_1_66' title='bbox 1491 818 1766 859; x_wconf 88' lang='lat' dir='ltr'>beneficium</span> <span class='ocrx_word' id='word_1_67' title='bbox 1801 818 1977 858; x_wconf 91' lang='lat' dir='ltr'>inaudi-</span> 
     </span>
     <span class='ocr_line' id='line_1_9' title="bbox 340 890 1976 942; baseline -0.001 -11"><span class='ocrx_word' id='word_1_68' title='bbox 340 897 457 942; x_wconf 91' lang='lat' dir='ltr'>tum,</span> <span class='ocrx_word' id='word_1_69' title='bbox 496 891 620 942; x_wconf 90' lang='lat' dir='ltr'>quod</span> <span class='ocrx_word' id='word_1_70' title='bbox 647 891 694 930; x_wconf 92' lang='lat' dir='ltr'>in</span> <span class='ocrx_word' id='word_1_71' title='bbox 721 903 792 930; x_wconf 94' lang='lat' dir='ltr'>me</span> <span class='ocrx_word' id='word_1_72' title='bbox 823 891 898 930; x_wconf 91' lang='lat' dir='ltr'>ille</span> <span class='ocrx_word' id='word_1_73' title='bbox 928 891 1064 941; x_wconf 87' lang='lat' dir='ltr'>larga</span> <span class='ocrx_word' id='word_1_74' title='bbox 1101 901 1241 930; x_wconf 88' lang='lat' dir='ltr'>manu</span> <span class='ocrx_word' id='word_1_75' title='bbox 1277 890 1491 939; x_wconf 91' lang='lat' dir='ltr'>contulit,</span> <span class='ocrx_word' id='word_1_76' title='bbox 1529 894 1689 941; x_wconf 88' lang='lat' dir='ltr'>aperte</span> <span class='ocrx_word' id='word_1_77' title='bbox 1724 901 1976 940; x_wconf 81' lang='lat' dir='ltr'>cognOSCO,</span> 
     </span>
     <span class='ocr_line' id='line_1_10' title="bbox 338 960 1978 1014; baseline -0.002 -12"><span class='ocrx_word' id='word_1_78' title='bbox 338 962 462 1014; x_wconf 89' lang='lat' dir='ltr'>quod</span> <span class='ocrx_word' id='word_1_79' title='bbox 496 968 540 1002; x_wconf 92' lang='lat' dir='ltr'>et</span> <span class='ocrx_word' id='word_1_80' title='bbox 567 962 791 1002; x_wconf 88' lang='lat' dir='ltr'>mundum</span> <span class='ocrx_word' id='word_1_81' title='bbox 817 967 861 1002; x_wconf 89' lang='lat' dir='ltr'>et</span> <span class='ocrx_word' id='word_1_82' title='bbox 889 961 987 1013; x_wconf 89' lang='lat' dir='ltr'>ejus</span> <span class='ocrx_word' id='word_1_83' title='bbox 1013 962 1136 1001; x_wconf 91' lang='lat' dir='ltr'>bona</span> <span class='ocrx_word' id='word_1_84' title='bbox 1164 961 1320 1001; x_wconf 89' lang='lat' dir='ltr'>omnia</span> <span class='ocrx_word' id='word_1_85' title='bbox 1348 973 1420 1001; x_wconf 92' lang='lat' dir='ltr'>me</span> <span class='ocrx_word' id='word_1_86' title='bbox 1448 966 1493 1000; x_wconf 92' lang='lat' dir='ltr'>et</span> <span class='ocrx_word' id='word_1_87' title='bbox 1520 960 1760 1012; x_wconf 81' lang='lat' dir='ltr'>despicere</span> <span class='ocrx_word' id='word_1_88' title='bbox 1789 961 1978 1000; x_wconf 90' lang='lat' dir='ltr'>omnino</span> 
     </span>
     <span class='ocr_line' id='line_1_11' title="bbox 339 1030 1976 1082; baseline -0.002 -8"><span class='ocrx_word' id='word_1_89' title='bbox 339 1040 384 1075; x_wconf 90' lang='lat' dir='ltr'>et</span> <span class='ocrx_word' id='word_1_90' title='bbox 405 1034 621 1074; x_wconf 89' lang='lat' dir='ltr'>deserere</span> <span class='ocrx_word' id='word_1_91' title='bbox 643 1032 815 1073; x_wconf 91' lang='lat' dir='ltr'>docuit.</span> <span class='ocrx_word' id='word_1_92' title='bbox 840 1033 1056 1073; x_wconf 85' lang='lat' dir='ltr'>Praestat</span> <span class='ocrx_word' id='word_1_93' title='bbox 1078 1033 1201 1072; x_wconf 92' lang='lat' dir='ltr'>enim</span> <span class='ocrx_word' id='word_1_94' title='bbox 1222 1032 1367 1072; x_wconf 90' lang='lat' dir='ltr'>multo</span> <span class='ocrx_word' id='word_1_95' title='bbox 1389 1032 1503 1072; x_wconf 87' lang='lat' dir='ltr'>nihil</span> <span class='ocrx_word' id='word_1_96' title='bbox 1524 1032 1718 1082; x_wconf 90' lang='lat' dir='ltr'>habere,</span> <span class='ocrx_word' id='word_1_97' title='bbox 1749 1030 1880 1082; x_wconf 86' lang='lat' dir='ltr'>cujus</span> <span class='ocrx_word' id='word_1_98' title='bbox 1908 1043 1976 1071; x_wconf 90' lang='lat' dir='ltr'>ra-</span> 
     </span>
     <span class='ocr_line' id='line_1_12' title="bbox 338 1102 1978 1156; baseline -0.002 -11"><span class='ocrx_word' id='word_1_99' title='bbox 338 1107 404 1146; x_wconf 91' lang='lat' dir='ltr'>tio</span> <span class='ocrx_word' id='word_1_100' title='bbox 427 1106 660 1156; x_wconf 81' lang='lat' dir='ltr'>exigatur,</span> <span class='ocrx_word' id='word_1_101' title='bbox 684 1116 824 1156; x_wconf 88' lang='lat' dir='ltr'>quam</span> <span class='ocrx_word' id='word_1_102' title='bbox 846 1115 1030 1154; x_wconf 87' lang='lat' dir='ltr'>eorum,</span> <span class='ocrx_word' id='word_1_103' title='bbox 1063 1115 1181 1155; x_wconf 90' lang='lat' dir='ltr'>quae</span> <span class='ocrx_word' id='word_1_104' title='bbox 1201 1103 1392 1153; x_wconf 88' lang='lat' dir='ltr'>habeas,</span> <span class='ocrx_word' id='word_1_105' title='bbox 1417 1104 1587 1143; x_wconf 89' lang='lat' dir='ltr'>malam</span> <span class='ocrx_word' id='word_1_106' title='bbox 1616 1102 1825 1143; x_wconf 86' lang='lat' dir='ltr'>reddere.</span> <span class='ocrx_word' id='word_1_107' title='bbox 1859 1102 1978 1154; x_wconf 83' lang='lat' dir='ltr'>Quid</span> 
     </span>
     <span class='ocr_line' id='line_1_13' title="bbox 338 1173 1978 1226; baseline -0.002 -9"><span class='ocrx_word' id='word_1_108' title='bbox 338 1188 510 1217; x_wconf 87' lang='lat' dir='ltr'>causae</span> <span class='ocrx_word' id='word_1_109' title='bbox 545 1176 701 1216; x_wconf 90' lang='lat' dir='ltr'>dicent</span> <span class='ocrx_word' id='word_1_110' title='bbox 727 1176 778 1225; x_wconf 89' lang='lat' dir='ltr'>ii,</span> <span class='ocrx_word' id='word_1_111' title='bbox 810 1176 1017 1215; x_wconf 90' lang='lat' dir='ltr'>maximo</span> <span class='ocrx_word' id='word_1_112' title='bbox 1053 1175 1130 1215; x_wconf 90' lang='lat' dir='ltr'>illo</span> <span class='ocrx_word' id='word_1_113' title='bbox 1167 1180 1306 1226; x_wconf 93' lang='lat' dir='ltr'>atque</span> <span class='ocrx_word' id='word_1_114' title='bbox 1341 1174 1552 1214; x_wconf 84' lang='lat' dir='ltr'>horribili</span> <span class='ocrx_word' id='word_1_115' title='bbox 1578 1173 1741 1225; x_wconf 87' lang='lat' dir='ltr'>judicii</span> <span class='ocrx_word' id='word_1_116' title='bbox 1774 1173 1867 1224; x_wconf 90' lang='lat' dir='ltr'>die,</span> <span class='ocrx_word' id='word_1_117' title='bbox 1902 1174 1978 1225; x_wconf 89' lang='lat' dir='ltr'>qui</span> 
     </span>
     <span class='ocr_line' id='line_1_14' title="bbox 338 1244 1976 1299; baseline -0.002 -11"><span class='ocrx_word' id='word_1_118' title='bbox 338 1259 621 1299; x_wconf 86' lang='lat' dir='ltr'>magnarum</span> <span class='ocrx_word' id='word_1_119' title='bbox 642 1258 782 1298; x_wconf 90' lang='lat' dir='ltr'>opum</span> <span class='ocrx_word' id='word_1_120' title='bbox 804 1246 980 1286; x_wconf 88' lang='lat' dir='ltr'>domini</span> <span class='ocrx_word' id='word_1_121' title='bbox 1001 1247 1047 1286; x_wconf 91' lang='lat' dir='ltr'>in</span> <span class='ocrx_word' id='word_1_122' title='bbox 1069 1246 1255 1286; x_wconf 89' lang='lat' dir='ltr'>excelso</span> <span class='ocrx_word' id='word_1_123' title='bbox 1285 1251 1488 1285; x_wconf 89' lang='lat' dir='ltr'>aetatem</span> <span class='ocrx_word' id='word_1_124' title='bbox 1517 1251 1683 1296; x_wconf 87' lang='lat' dir='ltr'>agunt,</span> <span class='ocrx_word' id='word_1_125' title='bbox 1714 1256 1820 1285; x_wconf 91' lang='lat' dir='ltr'>cum</span> <span class='ocrx_word' id='word_1_126' title='bbox 1848 1244 1976 1285; x_wconf 91' lang='lat' dir='ltr'>Chri-</span> 
     </span>
     <span class='ocr_line' id='line_1_15' title="bbox 337 1316 1977 1369; baseline -0.002 -10"><span class='ocrx_word' id='word_1_127' title='bbox 337 1326 437 1359; x_wconf 90' lang='lat' dir='ltr'>stus</span> <span class='ocrx_word' id='word_1_128' title='bbox 468 1318 684 1369; x_wconf 89' lang='lat' dir='ltr'>detectis,</span> <span class='ocrx_word' id='word_1_129' title='bbox 707 1318 1066 1369; x_wconf 86' lang='lat' dir='ltr'>patentibusque</span> <span class='ocrx_word' id='word_1_130' title='bbox 1087 1317 1372 1367; x_wconf 86' lang='lat' dir='ltr'>vulneribus,</span> <span class='ocrx_word' id='word_1_131' title='bbox 1399 1316 1657 1368; x_wconf 86' lang='lat' dir='ltr'>apparebit,</span> <span class='ocrx_word' id='word_1_132' title='bbox 1683 1328 1789 1356; x_wconf 87' lang='lat' dir='ltr'>curn</span> <span class='ocrx_word' id='word_1_133' title='bbox 1810 1316 1977 1367; x_wconf 88' lang='lat' dir='ltr'>quibus</span> 
     </span>
     <span class='ocr_line' id='line_1_16' title="bbox 336 1388 1977 1440; baseline -0.002 -10"><span class='ocrx_word' id='word_1_134' title='bbox 336 1391 383 1430; x_wconf 90' lang='lat' dir='ltr'>in</span> <span class='ocrx_word' id='word_1_135' title='bbox 422 1390 561 1430; x_wconf 90' lang='lat' dir='ltr'>rebus</span> <span class='ocrx_word' id='word_1_136' title='bbox 600 1401 710 1429; x_wconf 88' lang='lat' dir='ltr'>suas</span> <span class='ocrx_word' id='word_1_137' title='bbox 749 1389 944 1440; x_wconf 86' lang='lat' dir='ltr'>quisque</span> <span class='ocrx_word' id='word_1_138' title='bbox 983 1388 1172 1428; x_wconf 86' lang='lat' dir='ltr'>divitias</span> <span class='ocrx_word' id='word_1_139' title='bbox 1213 1388 1555 1439; x_wconf 90' lang='lat' dir='ltr'>consumpserit</span> <span class='ocrx_word' id='word_1_140' title='bbox 1594 1388 1828 1439; x_wconf 83' lang='lat' dir='ltr'>exquiret,</span> <span class='ocrx_word' id='word_1_141' title='bbox 1871 1398 1977 1427; x_wconf 90' lang='lat' dir='ltr'>cum</span> 
     </span>
     <span class='ocr_line' id='line_1_17' title="bbox 340 1459 1975 1512; baseline -0.002 -10"><span class='ocrx_word' id='word_1_142' title='bbox 340 1474 458 1502; x_wconf 85' lang='lat' dir='ltr'>voce</span> <span class='ocrx_word' id='word_1_143' title='bbox 493 1461 687 1501; x_wconf 86' lang='lat' dir='ltr'>terribili</span> <span class='ocrx_word' id='word_1_144' title='bbox 721 1460 1005 1512; x_wconf 85' lang='lat' dir='ltr'>increpabit:</span> <span class='ocrx_word' id='word_1_145' title='bbox 1031 1460 1205 1500; x_wconf 86' lang='lat' dir='ltr'>esurivi</span> <span class='ocrx_word' id='word_1_146' title='bbox 1231 1465 1275 1499; x_wconf 93' lang='lat' dir='ltr'>et</span> <span class='ocrx_word' id='word_1_147' title='bbox 1303 1471 1397 1500; x_wconf 91' lang='lat' dir='ltr'>non</span> <span class='ocrx_word' id='word_1_148' title='bbox 1428 1459 1621 1499; x_wconf 90' lang='lat' dir='ltr'>dedistis</span> <span class='ocrx_word' id='word_1_149' title='bbox 1650 1459 1764 1499; x_wconf 89' lang='lat' dir='ltr'>mihi</span> <span class='ocrx_word' id='word_1_150' title='bbox 1785 1459 1975 1499; x_wconf 89' lang='lat' dir='ltr'>mandu—</span> 
     </span>
     <span class='ocr_line' id='line_1_18' title="bbox 335 1530 1955 1584; baseline -0.002 -11"><span class='ocrx_word' id='word_1_151' title='bbox 335 1544 465 1584; x_wconf 86' lang='lat' dir='ltr'>care,</span> <span class='ocrx_word' id='word_1_152' title='bbox 490 1539 576 1572; x_wconf 87' lang='lat' dir='ltr'>etc.</span> <span class='ocrx_word' id='word_1_153' title='bbox 593 1533 607 1573; x_wconf 86' lang='lat'>?</span> <span class='ocrx_word' id='word_1_154' title='bbox 626 1533 684 1573; x_wconf 87' lang='lat' dir='ltr'>Et</span> <span class='ocrx_word' id='word_1_155' title='bbox 706 1532 817 1584; x_wconf 92' lang='lat' dir='ltr'>quid</span> <span class='ocrx_word' id='word_1_156' title='bbox 836 1532 1050 1583; x_wconf 89' lang='lat' dir='ltr'>responsi</span> <span class='ocrx_word' id='word_1_157' title='bbox 1070 1531 1245 1571; x_wconf 88' lang='lat' dir='ltr'>dabunt</span> <span class='ocrx_word' id='word_1_158' title='bbox 1267 1531 1312 1579; x_wconf 89' lang='lat' dir='ltr'>ii,</span> <span class='ocrx_word' id='word_1_159' title='bbox 1337 1531 1429 1583; x_wconf 91' lang='lat' dir='ltr'>qui,</span> <span class='ocrx_word' id='word_1_160' title='bbox 1454 1531 1564 1571; x_wconf 92' lang='lat' dir='ltr'>dum</span> <span class='ocrx_word' id='word_1_161' title='bbox 1581 1542 1692 1582; x_wconf 92' lang='lat' dir='ltr'>opes</span> <span class='ocrx_word' id='word_1_162' title='bbox 1708 1530 1955 1570; x_wconf 85' lang='lat' dir='ltr'>thesauros</span> 
     </span>
     <span class='ocr_line' id='line_1_19' title="bbox 333 1602 1972 1656; baseline -0.002 -12"><span class='ocrx_word' id='word_1_163' title='bbox 333 1616 422 1656; x_wconf 93' lang='lat' dir='ltr'>que</span> <span class='ocrx_word' id='word_1_164' title='bbox 445 1615 553 1644; x_wconf 91' lang='lat' dir='ltr'>suos</span> <span class='ocrx_word' id='word_1_165' title='bbox 575 1604 621 1643; x_wconf 91' lang='lat' dir='ltr'>in</span> <span class='ocrx_word' id='word_1_166' title='bbox 643 1603 895 1654; x_wconf 88' lang='lat' dir='ltr'>magnifica</span> <span class='ocrx_word' id='word_1_167' title='bbox 918 1609 1056 1655; x_wconf 89' lang='lat' dir='ltr'>atque</span> <span class='ocrx_word' id='word_1_168' title='bbox 1080 1609 1355 1654; x_wconf 88' lang='lat' dir='ltr'>sumptuosa</span> <span class='ocrx_word' id='word_1_169' title='bbox 1377 1602 1605 1653; x_wconf 86' lang='lat' dir='ltr'>aedificia,</span> <span class='ocrx_word' id='word_1_170' title='bbox 1630 1603 1677 1642; x_wconf 89' lang='lat' dir='ltr'>in</span> <span class='ocrx_word' id='word_1_171' title='bbox 1697 1602 1972 1642; x_wconf 86' lang='lat' dir='ltr'>lautissimo-</span> 
     </span>
     <span class='ocr_line' id='line_1_20' title="bbox 332 1672 1972 1726; baseline -0.001 -11"><span class='ocrx_word' id='word_1_172' title='bbox 332 1687 436 1716; x_wconf 89' lang='lat' dir='ltr'>rum</span> <span class='ocrx_word' id='word_1_173' title='bbox 463 1675 792 1715; x_wconf 84' lang='lat' dir='ltr'>conviviorum</span> <span class='ocrx_word' id='word_1_174' title='bbox 823 1674 1175 1726; x_wconf 87' lang='lat' dir='ltr'>apparationes,</span> <span class='ocrx_word' id='word_1_175' title='bbox 1209 1674 1256 1714; x_wconf 92' lang='lat' dir='ltr'>in</span> <span class='ocrx_word' id='word_1_176' title='bbox 1286 1673 1649 1714; x_wconf 91' lang='lat' dir='ltr'>innumerabiles</span> <span class='ocrx_word' id='word_1_177' title='bbox 1680 1673 1893 1723; x_wconf 89' lang='lat' dir='ltr'>clientes,</span> <span class='ocrx_word' id='word_1_178' title='bbox 1926 1672 1972 1712; x_wconf 90' lang='lat' dir='ltr'>in</span> 
     </span>
     <span class='ocr_line' id='line_1_21' title="bbox 331 1744 1971 1797; baseline -0.002 -10"><span class='ocrx_word' id='word_1_179' title='bbox 331 1752 488 1787; x_wconf 85' lang='lat' dir='ltr'>vestes</span> <span class='ocrx_word' id='word_1_180' title='bbox 510 1746 740 1797; x_wconf 78' lang='lat' dir='ltr'>attalicas,</span> <span class='ocrx_word' id='word_1_181' title='bbox 766 1746 812 1785; x_wconf 90' lang='lat' dir='ltr'>in</span> <span class='ocrx_word' id='word_1_182' title='bbox 833 1745 1163 1797; x_wconf 87' lang='lat' dir='ltr'>peristromata</span> <span class='ocrx_word' id='word_1_183' title='bbox 1192 1744 1501 1796; x_wconf 87' lang='lat' dir='ltr'>profundunt:</span> <span class='ocrx_word' id='word_1_184' title='bbox 1526 1744 1729 1795; x_wconf 89' lang='lat' dir='ltr'>animas,</span> <span class='ocrx_word' id='word_1_185' title='bbox 1763 1756 1848 1795; x_wconf 93' lang='lat' dir='ltr'>pro</span> <span class='ocrx_word' id='word_1_186' title='bbox 1878 1744 1971 1796; x_wconf 88' lang='lat' dir='ltr'>qui-</span> 
     </span>
     <span class='ocr_line' id='line_1_22' title="bbox 331 1815 1966 1866; baseline -0.002 -8"><span class='ocrx_word' id='word_1_187' title='bbox 331 1819 416 1858; x_wconf 90' lang='lat' dir='ltr'>bus</span> <span class='ocrx_word' id='word_1_188' title='bbox 451 1825 651 1858; x_wconf 88' lang='lat' dir='ltr'>mortem</span> <span class='ocrx_word' id='word_1_189' title='bbox 685 1817 898 1858; x_wconf 90' lang='lat' dir='ltr'>Christus</span> <span class='ocrx_word' id='word_1_190' title='bbox 933 1816 1163 1856; x_wconf 88' lang='lat' dir='ltr'>Dominus</span> <span class='ocrx_word' id='word_1_191' title='bbox 1197 1821 1357 1857; x_wconf 92' lang='lat' dir='ltr'>noster</span> <span class='ocrx_word' id='word_1_192' title='bbox 1392 1816 1547 1856; x_wconf 88' lang='lat' dir='ltr'>subire</span> <span class='ocrx_word' id='word_1_193' title='bbox 1582 1827 1679 1856; x_wconf 92' lang='lat' dir='ltr'>non</span> <span class='ocrx_word' id='word_1_194' title='bbox 1711 1815 1966 1866; x_wconf 86' lang='lat' dir='ltr'>recusavit,</span> 
     </span>
     <span class='ocr_line' id='line_1_23' title="bbox 330 1886 1969 1940; baseline -0.002 -11"><span class='ocrx_word' id='word_1_195' title='bbox 330 1901 530 1940; x_wconf 90' lang='lat' dir='ltr'>quarum</span> <span class='ocrx_word' id='word_1_196' title='bbox 563 1889 775 1940; x_wconf 82' lang='lat' dir='ltr'>singulae</span> <span class='ocrx_word' id='word_1_197' title='bbox 810 1888 955 1940; x_wconf 91' lang='lat' dir='ltr'>pluris</span> <span class='ocrx_word' id='word_1_198' title='bbox 988 1894 1096 1928; x_wconf 91' lang='lat' dir='ltr'>sunt</span> <span class='ocrx_word' id='word_1_199' title='bbox 1131 1899 1270 1940; x_wconf 89' lang='lat' dir='ltr'>quarn</span> <span class='ocrx_word' id='word_1_200' title='bbox 1306 1888 1463 1928; x_wconf 90' lang='lat' dir='ltr'>omnia</span> <span class='ocrx_word' id='word_1_201' title='bbox 1494 1886 1591 1938; x_wconf 89' lang='lat' dir='ltr'>jam</span> <span class='ocrx_word' id='word_1_202' title='bbox 1617 1887 1724 1926; x_wconf 92' lang='lat' dir='ltr'>inde</span> <span class='ocrx_word' id='word_1_203' title='bbox 1753 1886 1810 1926; x_wconf 90' lang='lat' dir='ltr'>ab</span> <span class='ocrx_word' id='word_1_204' title='bbox 1839 1886 1969 1926; x_wconf 91' lang='lat' dir='ltr'>initio</span> 
     </span>
     <span class='ocr_line' id='line_1_24' title="bbox 327 1957 1966 2011; baseline -0.002 -10"><span class='ocrx_word' id='word_1_205' title='bbox 327 1966 502 2008; x_wconf 89' lang='lat' dir='ltr'>creata,</span> <span class='ocrx_word' id='word_1_206' title='bbox 519 1959 728 2011; x_wconf 89' lang='lat' dir='ltr'>pecuniis</span> <span class='ocrx_word' id='word_1_207' title='bbox 745 1966 974 2009; x_wconf 86' lang='lat' dir='ltr'>carentes,</span> <span class='ocrx_word' id='word_1_208' title='bbox 994 1970 1265 1999; x_wconf 86' lang='lat' dir='ltr'>maurorum</span> <span class='ocrx_word' id='word_1_209' title='bbox 1289 1958 1697 2010; x_wconf 88' lang='lat' dir='ltr'>superstitionibus</span> <span class='ocrx_word' id='word_1_210' title='bbox 1723 1957 1966 2005; x_wconf 83' lang='lat' dir='ltr'>devinciri,</span> 
     </span>
     <span class='ocr_line' id='line_1_25' title="bbox 329 2028 1969 2082; baseline -0.002 -10"><span class='ocrx_word' id='word_1_211' title='bbox 329 2032 543 2072; x_wconf 87' lang='lat' dir='ltr'>Creatori</span> <span class='ocrx_word' id='word_1_212' title='bbox 563 2042 662 2082; x_wconf 89' lang='lat' dir='ltr'>suo,</span> <span class='ocrx_word' id='word_1_213' title='bbox 686 2036 782 2070; x_wconf 90' lang='lat' dir='ltr'>tam</span> <span class='ocrx_word' id='word_1_214' title='bbox 804 2029 1097 2070; x_wconf 86' lang='lat' dir='ltr'>misericordi</span> <span class='ocrx_word' id='word_1_215' title='bbox 1118 2036 1163 2070; x_wconf 86' lang='lat' dir='ltr'>et</span> <span class='ocrx_word' id='word_1_216' title='bbox 1183 2030 1386 2081; x_wconf 90' lang='lat' dir='ltr'>benigno</span> <span class='ocrx_word' id='word_1_217' title='bbox 1409 2029 1602 2070; x_wconf 87' lang='lat' dir='ltr'>infestas</span> <span class='ocrx_word' id='word_1_218' title='bbox 1633 2028 1733 2069; x_wconf 89' lang='lat' dir='ltr'>fieri</span> <span class='ocrx_word' id='word_1_219' title='bbox 1764 2029 1969 2080; x_wconf 77' lang='lat' dir='ltr'>quotidie</span> 
     </span>
     <span class='ocr_line' id='line_1_26' title="bbox 330 2102 875 2155; baseline -0.006 -11"><span class='ocrx_word' id='word_1_220' title='bbox 330 2103 572 2155; x_wconf 88' lang='lat' dir='ltr'>patiuntur</span> <span class='ocrx_word' id='word_1_221' title='bbox 594 2109 638 2142; x_wconf 91' lang='lat' dir='ltr'>et</span> <span class='ocrx_word' id='word_1_222' title='bbox 660 2102 875 2142; x_wconf 82' lang='lat' dir='ltr'>interire?</span> 
     </span>
    </p>

    <p class='ocr_par' dir='ltr' id='par_1_3' title="bbox 324 2171 1969 3079">
     <span class='ocr_line' id='line_1_27' title="bbox 408 2171 1963 2224; baseline -0.002 -10"><span class='ocrx_word' id='word_1_223' title='bbox 408 2174 595 2215; x_wconf 90' lang='lat' dir='ltr'>Nullum</span> <span class='ocrx_word' id='word_1_224' title='bbox 621 2179 718 2213; x_wconf 90' lang='lat' dir='ltr'>tam</span> <span class='ocrx_word' id='word_1_225' title='bbox 743 2173 944 2212; x_wconf 83' lang='lat' dir='ltr'>ferreum</span> <span class='ocrx_word' id='word_1_226' title='bbox 974 2184 1112 2223; x_wconf 88' lang='lat' dir='ltr'>posse</span> <span class='ocrx_word' id='word_1_227' title='bbox 1142 2183 1244 2212; x_wconf 90' lang='lat' dir='ltr'>esse</span> <span class='ocrx_word' id='word_1_228' title='bbox 1271 2178 1455 2224; x_wconf 91' lang='lat' dir='ltr'>pectus,</span> <span class='ocrx_word' id='word_1_229' title='bbox 1494 2172 1665 2212; x_wconf 89' lang='lat' dir='ltr'>nedum</span> <span class='ocrx_word' id='word_1_230' title='bbox 1694 2171 1963 2221; x_wconf 87' lang='lat' dir='ltr'>humanum,</span> 
     </span>
     <span class='ocr_line' id='line_1_28' title="bbox 328 2244 1967 2297; baseline -0.002 -11"><span class='ocrx_word' id='word_1_231' title='bbox 328 2245 485 2296; x_wconf 91' lang='lat' dir='ltr'>credo,</span> <span class='ocrx_word' id='word_1_232' title='bbox 519 2244 661 2297; x_wconf 90' lang='lat' dir='ltr'>quod,</span> <span class='ocrx_word' id='word_1_233' title='bbox 693 2245 775 2284; x_wconf 85' lang='lat' dir='ltr'>tali</span> <span class='ocrx_word' id='word_1_234' title='bbox 801 2255 851 2284; x_wconf 90' lang='lat' dir='ltr'>re</span> <span class='ocrx_word' id='word_1_235' title='bbox 881 2250 1070 2295; x_wconf 89' lang='lat' dir='ltr'>tamque</span> <span class='ocrx_word' id='word_1_236' title='bbox 1100 2244 1272 2283; x_wconf 89' lang='lat' dir='ltr'>misera</span> <span class='ocrx_word' id='word_1_237' title='bbox 1300 2255 1574 2295; x_wconf 91' lang='lat' dir='ltr'>percussus,</span> <span class='ocrx_word' id='word_1_238' title='bbox 1604 2255 1699 2283; x_wconf 90' lang='lat' dir='ltr'>non</span> <span class='ocrx_word' id='word_1_239' title='bbox 1720 2248 1967 2282; x_wconf 82' lang='lat' dir='ltr'>moveatur</span> 
     </span>
     <span class='ocr_line' id='line_1_29' title="bbox 326 2313 1967 2366; baseline -0.002 -9"><span class='ocrx_word' id='word_1_240' title='bbox 326 2316 736 2357; x_wconf 90' lang='lat' dir='ltr'>vehementissime</span> <span class='ocrx_word' id='word_1_241' title='bbox 760 2322 804 2355; x_wconf 92' lang='lat' dir='ltr'>et</span> <span class='ocrx_word' id='word_1_242' title='bbox 825 2315 1110 2366; x_wconf 88' lang='lat' dir='ltr'>sanguineas</span> <span class='ocrx_word' id='word_1_243' title='bbox 1139 2314 1394 2354; x_wconf 88' lang='lat' dir='ltr'>lachrimas</span> <span class='ocrx_word' id='word_1_244' title='bbox 1424 2326 1483 2355; x_wconf 91' lang='lat' dir='ltr'>ex</span> <span class='ocrx_word' id='word_1_245' title='bbox 1513 2314 1675 2354; x_wconf 91' lang='lat' dir='ltr'>intimo</span> <span class='ocrx_word' id='word_1_246' title='bbox 1707 2314 1864 2354; x_wconf 91' lang='lat' dir='ltr'>cordis</span> <span class='ocrx_word' id='word_1_247' title='bbox 1894 2313 1967 2353; x_wconf 92' lang='lat' dir='ltr'>de-</span> 
     </span>
     <span class='ocr_line' id='line_1_30' title="bbox 328 2385 1967 2440; baseline -0.002 -12"><span class='ocrx_word' id='word_1_248' title='bbox 328 2394 571 2440; x_wconf 88' lang='lat' dir='ltr'>promptas</span> <span class='ocrx_word' id='word_1_249' title='bbox 610 2387 814 2427; x_wconf 84' lang='lat' dir='ltr'>distillet.</span> <span class='ocrx_word' id='word_1_250' title='bbox 857 2386 1085 2437; x_wconf 87' lang='lat' dir='ltr'>Equidem</span> <span class='ocrx_word' id='word_1_251' title='bbox 1120 2397 1193 2425; x_wconf 94' lang='lat' dir='ltr'>me</span> <span class='ocrx_word' id='word_1_252' title='bbox 1234 2386 1473 2426; x_wconf 88' lang='lat' dir='ltr'>continere</span> <span class='ocrx_word' id='word_1_253' title='bbox 1507 2397 1689 2437; x_wconf 90' lang='lat' dir='ltr'>nequeo</span> <span class='ocrx_word' id='word_1_254' title='bbox 1729 2385 1840 2436; x_wconf 89' lang='lat' dir='ltr'>quin</span> <span class='ocrx_word' id='word_1_255' title='bbox 1876 2396 1967 2425; x_wconf 86' lang='lat' dir='ltr'>una</span> 
     </span>
     <span class='ocr_line' id='line_1_31' title="bbox 328 2456 1969 2510; baseline -0.002 -10"><span class='ocrx_word' id='word_1_256' title='bbox 328 2471 434 2500; x_wconf 91' lang='lat' dir='ltr'>cum</span> <span class='ocrx_word' id='word_1_257' title='bbox 462 2459 647 2499; x_wconf 87' lang='lat' dir='ltr'>Davide</span> <span class='ocrx_word' id='word_1_258' title='bbox 674 2458 906 2510; x_wconf 89' lang='lat' dir='ltr'>propheta</span> <span class='ocrx_word' id='word_1_259' title='bbox 937 2458 1217 2497; x_wconf 81' lang='lat' dir='ltr'>exclamem:</span> <span class='ocrx_word' id='word_1_260' title='bbox 1248 2457 1482 2508; x_wconf 72' lang='lat' dir='ltr'>Exurge,</span> <span class='ocrx_word' id='word_1_261' title='bbox 1504 2456 1730 2507; x_wconf 72' lang='lat' dir='ltr'>Domine,</span> <span class='ocrx_word' id='word_1_262' title='bbox 1757 2466 1969 2507; x_wconf 58' lang='lat' dir='ltr'>emungas</span> 
     </span>
     <span class='ocr_line' id='line_1_32' title="bbox 327 2527 1968 2581; baseline -0.002 -11"><span class='ocrx_word' id='word_1_263' title='bbox 327 2541 475 2581; x_wconf 76' lang='lat' dir='ltr'>quare</span> <span class='ocrx_word' id='word_1_264' title='bbox 497 2529 772 2570; x_wconf 74' lang='lat' dir='ltr'>obdormis?</span> <span class='ocrx_word' id='word_1_265' title='bbox 795 2541 850 2568; x_wconf 81' lang='lat' dir='ltr'>ne</span> <span class='ocrx_word' id='word_1_266' title='bbox 871 2528 1077 2580; x_wconf 76' lang='lat' dir='ltr'>repellas</span> <span class='ocrx_word' id='word_1_267' title='bbox 1100 2539 1187 2568; x_wconf 77' lang='lat' dir='ltr'>nos</span> <span class='ocrx_word' id='word_1_268' title='bbox 1209 2528 1434 2580; x_wconf 74' lang='lat' dir='ltr'>z‘nfinem.</span> <span class='ocrx_word' id='word_1_269' title='bbox 1469 2528 1745 2579; x_wconf 87' lang='lat' dir='ltr'>Complures</span> <span class='ocrx_word' id='word_1_270' title='bbox 1766 2527 1968 2568; x_wconf 88' lang='lat' dir='ltr'>infantes</span> 
     </span>
     <span class='ocr_line' id='line_1_33' title="bbox 329 2598 1968 2653; baseline -0.002 -11"><span class='ocrx_word' id='word_1_271' title='bbox 329 2613 411 2653; x_wconf 88' lang='lat' dir='ltr'>per</span> <span class='ocrx_word' id='word_1_272' title='bbox 446 2601 830 2653; x_wconf 89' lang='lat' dir='ltr'>imprudentiam,</span> <span class='ocrx_word' id='word_1_273' title='bbox 872 2600 1103 2639; x_wconf 85' lang='lat' dir='ltr'>foeminae</span> <span class='ocrx_word' id='word_1_274' title='bbox 1145 2600 1257 2639; x_wconf 90' lang='lat' dir='ltr'>item</span> <span class='ocrx_word' id='word_1_275' title='bbox 1296 2600 1469 2640; x_wconf 88' lang='lat' dir='ltr'>multae</span> <span class='ocrx_word' id='word_1_276' title='bbox 1508 2605 1554 2639; x_wconf 92' lang='lat' dir='ltr'>et</span> <span class='ocrx_word' id='word_1_277' title='bbox 1592 2598 1968 2639; x_wconf 88' lang='lat' dir='ltr'>adolescentulae</span> 
     </span>
     <span class='ocr_line' id='line_1_34' title="bbox 326 2670 1965 2723; baseline -0.002 -10"><span class='ocrx_word' id='word_1_278' title='bbox 326 2679 521 2713; x_wconf 88' lang='lat' dir='ltr'>coactae</span> <span class='ocrx_word' id='word_1_279' title='bbox 556 2673 613 2712; x_wconf 89' lang='lat' dir='ltr'>ab</span> <span class='ocrx_word' id='word_1_280' title='bbox 649 2671 910 2712; x_wconf 90' lang='lat' dir='ltr'>infidelibus</span> <span class='ocrx_word' id='word_1_281' title='bbox 951 2671 1096 2723; x_wconf 86' lang='lat' dir='ltr'>(quod</span> <span class='ocrx_word' id='word_1_282' title='bbox 1131 2677 1377 2722; x_wconf 86' lang='lat' dir='ltr'>peccatum</span> <span class='ocrx_word' id='word_1_283' title='bbox 1410 2683 1504 2711; x_wconf 92' lang='lat' dir='ltr'>non</span> <span class='ocrx_word' id='word_1_284' title='bbox 1538 2682 1641 2711; x_wconf 90' lang='lat' dir='ltr'>esse</span> <span class='ocrx_word' id='word_1_285' title='bbox 1680 2670 1965 2719; x_wconf 90' lang='lat' dir='ltr'>existimant)</span> 
     </span>
     <span class='ocr_line' id='line_1_35' title="bbox 326 2742 1965 2796; baseline -0.002 -11"><span class='ocrx_word' id='word_1_286' title='bbox 326 2756 598 2785; x_wconf 87' lang='lat' dir='ltr'>maurorum</span> <span class='ocrx_word' id='word_1_287' title='bbox 637 2743 1017 2796; x_wconf 90' lang='lat' dir='ltr'>superstitionem</span> <span class='ocrx_word' id='word_1_288' title='bbox 1054 2749 1332 2794; x_wconf 89' lang='lat' dir='ltr'>sequuntur,</span> <span class='ocrx_word' id='word_1_289' title='bbox 1375 2754 1517 2794; x_wconf 90' lang='lat' dir='ltr'>seque</span> <span class='ocrx_word' id='word_1_290' title='bbox 1563 2742 1753 2782; x_wconf 90' lang='lat' dir='ltr'>tandem</span> <span class='ocrx_word' id='word_1_291' title='bbox 1792 2752 1965 2792; x_wconf 88' lang='lat' dir='ltr'>magna</span> 
     </span>
     <span class='ocr_line' id='line_1_36' title="bbox 324 2813 1965 2867; baseline -0.002 -11"><span class='ocrx_word' id='word_1_292' title='bbox 324 2817 603 2866; x_wconf 90' lang='lat' dir='ltr'>liberorum,</span> <span class='ocrx_word' id='word_1_293' title='bbox 629 2816 708 2867; x_wconf 89' lang='lat' dir='ltr'>qui</span> <span class='ocrx_word' id='word_1_294' title='bbox 730 2825 877 2866; x_wconf 90' lang='lat' dir='ltr'>aeque</span> <span class='ocrx_word' id='word_1_295' title='bbox 908 2825 964 2854; x_wconf 89' lang='lat' dir='ltr'>ac</span> <span class='ocrx_word' id='word_1_296' title='bbox 991 2813 1121 2865; x_wconf 90' lang='lat' dir='ltr'>ipsae</span> <span class='ocrx_word' id='word_1_297' title='bbox 1149 2820 1256 2854; x_wconf 90' lang='lat' dir='ltr'>sunt</span> <span class='ocrx_word' id='word_1_298' title='bbox 1277 2813 1467 2865; x_wconf 90' lang='lat' dir='ltr'>perditi,</span> <span class='ocrx_word' id='word_1_299' title='bbox 1492 2819 1685 2854; x_wconf 87' lang='lat' dir='ltr'>caterva</span> <span class='ocrx_word' id='word_1_300' title='bbox 1708 2813 1965 2854; x_wconf 89' lang='lat' dir='ltr'>circumda-</span> 
     </span>
     <span class='ocr_line' id='line_1_37' title="bbox 325 2885 1965 2939; baseline -0.002 -12"><span class='ocrx_word' id='word_1_301' title='bbox 325 2894 398 2927; x_wconf 81' lang='lat' dir='ltr'>tas</span> <span class='ocrx_word' id='word_1_302' title='bbox 419 2887 747 2939; x_wconf 87' lang='lat' dir='ltr'>respicientes,</span> <span class='ocrx_word' id='word_1_303' title='bbox 772 2886 983 2927; x_wconf 87' lang='lat' dir='ltr'>divinam</span> <span class='ocrx_word' id='word_1_304' title='bbox 1002 2885 1229 2937; x_wconf 88' lang='lat' dir='ltr'>justitiam</span> <span class='ocrx_word' id='word_1_305' title='bbox 1251 2886 1299 2926; x_wconf 91' lang='lat' dir='ltr'>in</span> <span class='ocrx_word' id='word_1_306' title='bbox 1327 2897 1406 2926; x_wconf 93' lang='lat' dir='ltr'>eos</span> <span class='ocrx_word' id='word_1_307' title='bbox 1434 2885 1704 2937; x_wconf 90' lang='lat' dir='ltr'>implorant,</span> <span class='ocrx_word' id='word_1_308' title='bbox 1731 2885 1811 2936; x_wconf 89' lang='lat' dir='ltr'>qui</span> <span class='ocrx_word' id='word_1_309' title='bbox 1839 2896 1888 2924; x_wconf 90' lang='lat' dir='ltr'>se</span> <span class='ocrx_word' id='word_1_310' title='bbox 1918 2885 1965 2924; x_wconf 90' lang='lat' dir='ltr'>in</span> 
     </span>
     <span class='ocr_line' id='line_1_38' title="bbox 325 2955 1964 3008; baseline -0.002 -10"><span class='ocrx_word' id='word_1_311' title='bbox 325 2964 505 2998; x_wconf 82' lang='lat' dir='ltr'>tantam</span> <span class='ocrx_word' id='word_1_312' title='bbox 540 2958 779 2998; x_wconf 86' lang='lat' dir='ltr'>miseriam</span> <span class='ocrx_word' id='word_1_313' title='bbox 814 2957 1035 2998; x_wconf 83' lang='lat' dir='ltr'>devenire</span> <span class='ocrx_word' id='word_1_314' title='bbox 1069 2957 1197 3008; x_wconf 88' lang='lat' dir='ltr'>passi</span> <span class='ocrx_word' id='word_1_315' title='bbox 1226 2962 1354 3008; x_wconf 91' lang='lat' dir='ltr'>sunt,</span> <span class='ocrx_word' id='word_1_316' title='bbox 1392 2962 1441 2997; x_wconf 92' lang='lat' dir='ltr'>ut</span> <span class='ocrx_word' id='word_1_317' title='bbox 1475 2968 1615 3008; x_wconf 88' lang='lat' dir='ltr'>saepe</span> <span class='ocrx_word' id='word_1_318' title='bbox 1652 2968 1731 2996; x_wconf 88' lang='lat' dir='ltr'>eas</span> <span class='ocrx_word' id='word_1_319' title='bbox 1766 2955 1964 2996; x_wconf 89' lang='lat' dir='ltr'>acerbis-</span> 
     </span>
     <span class='ocr_line' id='line_1_39' title="bbox 325 3027 1964 3079; baseline -0.002 -10"><span class='ocrx_word' id='word_1_320' title='bbox 325 3030 442 3070; x_wconf 89' lang='lat' dir='ltr'>simo</span> <span class='ocrx_word' id='word_1_321' title='bbox 473 3041 579 3069; x_wconf 90' lang='lat' dir='ltr'>cum</span> <span class='ocrx_word' id='word_1_322' title='bbox 611 3029 769 3069; x_wconf 92' lang='lat' dir='ltr'>dolore</span> <span class='ocrx_word' id='word_1_323' title='bbox 801 3028 956 3069; x_wconf 89' lang='lat' dir='ltr'>dicere</span> <span class='ocrx_word' id='word_1_324' title='bbox 989 3027 1126 3068; x_wconf 88' lang='lat' dir='ltr'>audio</span> <span class='ocrx_word' id='word_1_325' title='bbox 1159 3040 1244 3069; x_wconf 91' lang='lat' dir='ltr'>nec</span> <span class='ocrx_word' id='word_1_326' title='bbox 1275 3028 1454 3068; x_wconf 89' lang='lat' dir='ltr'>minore</span> <span class='ocrx_word' id='word_1_327' title='bbox 1484 3027 1671 3079; x_wconf 91' lang='lat' dir='ltr'>quidem</span> <span class='ocrx_word' id='word_1_328' title='bbox 1699 3039 1838 3079; x_wconf 91' lang='lat' dir='ltr'>quam</span> <span class='ocrx_word' id='word_1_329' title='bbox 1860 3027 1964 3067; x_wconf 88' lang='lat' dir='ltr'>illae</span> 
     </span>
    </p>
   </div>
   <div class='ocr_carea' id='block_1_3' title="bbox 324 3100 650 3152">
    <p class='ocr_par' dir='ltr' id='par_1_4' title="bbox 324 3100 650 3152">
     <span class='ocr_line' id='line_1_40' title="bbox 324 3100 650 3152; baseline 0 -12"><span class='ocrx_word' id='word_1_330' title='bbox 324 3101 453 3152; x_wconf 80' lang='lat' dir='ltr'>ipsae</span> <span class='ocrx_word' id='word_1_331' title='bbox 476 3100 650 3140; x_wconf 87' lang='lat' dir='ltr'>dicunt.</span> 
     </span>
    </p>
   </div>
  </div>
 </body>
</html>
