2168 3437
870 218 954 255 AN.
985 218 1077 256 1553
1725 220 1795 257 285

825 701 1130 757 CCXXIII

225 972 444 1009 Robertus
462 971 765 1020 Clayssonius‚

270 1035 339 1072 Ex
358 1037 678 1074 commissione
699 1038 844 1075 Patris
864 1038 1091 1075 Paschasii
1111 1038 1265 1084 Broet‚

320 1101 442 1139 Patri
460 1102 628 1149 Ignatio
649 1103 702 1140 de
721 1103 905 1151 Loyola.

364 1166 560 1213 Parisiis,
583 1167 605 1204 7
624 1168 727 1215 Maji
749 1168 883 1215 15531.

228 1376 327 1416 Pax
342 1376 532 1416 Domini
554 1376 641 1416 Dei
660 1377 810 1416 nostri
829 1377 940 1430 Jesu
962 1376 1135 1417 Christi
1156 1377 1363 1428 perfecta
1386 1388 1472 1416 nos
1493 1377 1633 1418 donet
1654 1378 1789 1418 liber-

151 1452 259 1487 tate.
283 1447 450 1487 Amen.

232 1517 280 1558 Si
301 1530 504 1569 unquam
525 1519 774 1568 hactenus,
799 1524 896 1558 tum
917 1531 1062 1570 nova,
1094 1525 1191 1559 tum
1222 1520 1378 1570 varia,
1408 1519 1464 1560 de
1492 1520 1787 1571 negotiorum

152 1588 401 1629 Societatis
434 1600 655 1629 successu
691 1589 927 1630 scribendi
961 1596 1242 1641 argumenta
1276 1591 1433 1631 oblata
1472 1592 1606 1632 nobis
1641 1590 1786 1640 fuere,

149 1672 286 1700 nemo
322 1660 523 1711 inficias,
561 1661 736 1712 absque
771 1662 985 1702 Veritatis
1019 1662 1248 1713 periculo,
1283 1662 1349 1702 ire
1377 1662 1571 1714 poterit,
1608 1661 1707 1702 R.de
1744 1663 1787 1702 in
1808 1687 1812 1691 -

152 1730 338 1771 Christo
356 1730 510 1781 Pater,
538 1732 825 1772 uberrimam
846 1732 901 1772 de
923 1744 1079 1772 rerum
1100 1738 1386 1781 nostrarum,
1410 1744 1503 1772 non
1525 1733 1679 1773 dicam
1700 1739 1787 1772 sta—

151 1809 214 1852 tu,
238 1802 320 1842 sed
341 1803 666 1853 commotione,
687 1804 774 1843 hoc
796 1804 1007 1855 proxime
1029 1804 1187 1855 elapso
1210 1804 1556 1856 quadrimestri,
1581 1815 1668 1843 nos
1689 1802 1789 1843 fati-

149 1880 291 1924 gante
312 1874 359 1913 in
378 1873 501 1914 hunc
519 1885 664 1926 usque
682 1875 818 1925 diem,
837 1876 1068 1926 permulta
1086 1875 1319 1915 referendi
1341 1875 1637 1915 occasionem
1655 1875 1789 1914 nobis

152 1945 433 1986 occurrisse:
463 1958 660 1998 quorum
682 1947 956 1987 memoriam
978 1947 1224 1997 refricare,
1254 1947 1344 1986 nisi
1372 1946 1637 1986 Beatissimi
1665 1947 1787 1997 Apo—

151 2017 255 2057 stoli
284 2018 519 2069 exemplo,
552 2018 599 2057 in
628 2017 1030 2069 persecutionibus
1062 2024 1106 2058 et
1140 2017 1505 2058 adversitatibus
1535 2018 1668 2057 nobis
1695 2019 1786 2069 pla-

151 2100 256 2128 cere
277 2094 322 2128 et
344 2088 529 2129 Christo
550 2089 730 2140 gratias
752 2100 894 2140 agere
917 2089 1083 2140 edocti,
1108 2100 1164 2128 ac
1186 2089 1363 2140 pariter
1385 2100 1549 2129 sacrae
1573 2088 1785 2129 obedien-

151 2149 243 2199 tiae
263 2160 356 2200 levi
376 2160 486 2211 iugo
509 2161 704 2211 assueti,
731 2160 789 2200 ad
810 2161 1041 2212 imperata
1069 2167 1307 2200 maturare
1339 2160 1661 2209 incitaremur,
1694 2160 1787 2199 ani-

150 2243 253 2271 mus
272 2243 364 2271 non
386 2238 528 2272 esset:
554 2231 675 2282 Quin
695 2233 850 2283 potius
871 2232 1143 2273 universam
1164 2231 1466 2282 Societatem,
1492 2231 1664 2271 nedum
1686 2230 1784 2271 Col-

150 2302 323 2353 legium
342 2301 622 2351 Parisiense,
642 2303 1048 2358 calumniantibus,
1070 2315 1125 2344 ac
1146 2302 1534 2354 persequentibus
1555 2313 1654 2351 nos,
1674 2302 1786 2341 iniu-

149 2373 327 2413 riarum
361 2373 581 2424 omnium,
618 2374 869 2414 memoriae
895 2374 1191 2426 imperatam,
1225 2373 1522 2423 oblivionem,
1557 2373 1787 2413 adiunctis

155 2443 418 2483 orationum
440 2444 685 2495 suppetiis,
715 2456 799 2496 pro
821 2444 1082 2485 maledictis
1110 2444 1422 2495 reddendam,
1445 2443 1534 2483 hac
1556 2443 1654 2483 sola
1682 2455 1786 2483 con-

153 2515 266 2554 tenti
283 2515 509 2554 modestia
528 2515 881 2556 iudicassemus.
902 2515 1081 2556 Verum
1103 2515 1289 2568 quando
1308 2514 1356 2555 P.
1377 2521 1484 2555 tuae
1506 2514 1699 2554 arbitrio
1722 2515 1787 2554 ita

148 2585 302 2625 visum
323 2591 392 2626 est
413 2591 462 2625 ut
477 2597 500 2624 e
517 2585 713 2637 singulis
730 2585 978 2626 Societatis
995 2592 1186 2626 nostrae
1204 2586 1428 2636 Collegiis
1445 2591 1542 2624 tum
1560 2596 1787 2636 prospera

148 2661 246 2695 tum
267 2655 490 2706 adversa,
514 2656 718 2707 quolibet
738 2656 1069 2707 quadrimestri
1089 2656 1338 2697 intervallo
1361 2662 1520 2707 gesta,
1546 2655 1605 2694 ad
1630 2655 1786 2695 Pater-

147 2726 341 2766 nitatem
371 2733 499 2766 tuam
534 2726 766 2767 referendi
801 2728 875 2767 lex
910 2727 1120 2768 instituta
1156 2728 1237 2778 sit,
1275 2738 1361 2767 nos
1392 2737 1576 2777 quoque
1604 2725 1695 2766 fido
1731 2737 1786 2766 ac

149 2803 365 2849 prompto
383 2798 525 2838 animi
542 2797 712 2838 affectu
731 2798 993 2849 symbolum
1006 2805 1218 2839 nostrum
1237 2797 1501 2844 afferemus,
1520 2802 1564 2837 et
1576 2808 1646 2847 ea,
1667 2809 1785 2848 quae

205 2980 213 2999 ¹
255 2981 501 3016 Autographae
517 2982 550 3008 in
565 2982 778 3015 quadruplici
793 2981 881 3015 folio,
897 2989 951 3009 nn.
966 2982 1096 3009 309-312.
1112 2980 1181 3009 Eas
1193 2982 1336 3008 multum
1348 2979 1544 3007 decurtavit
1555 2983 1589 3007 et
1606 2980 1639 3007 in
1652 2980 1785 3014 paucis-

145 3027 242 3054 simis
257 3027 451 3055 emendavit
469 3028 645 3057 Polancus;
660 3029 717 3055 sed
733 3028 787 3055 hic
804 3036 872 3063 nos,
890 3035 989 3063 prout
1004 3036 1024 3056 a
1040 3026 1240 3064 Clayssonio
1262 3027 1412 3061 scriptae
1428 3030 1517 3061 sunt,
1541 3027 1785 3055 describemus.
