2168 3437
907 261 991 299 AN.
1022 260 1114 299 1554
1143 315 1149 321 ·
1758 260 1827 297 627

196 368 303 407 nos,
327 357 406 408 qui
426 356 634 408 integros
655 357 816 398 decem
838 363 881 398 et
903 369 986 398 sex
1015 369 1163 398 annos
1190 368 1429 409 nunquam
1458 356 1700 397 confessus
1731 356 1825 396 fue-

197 427 281 478 rit,
324 427 533 479 adeoque
567 428 758 469 morbus
793 434 1128 479 consenuerat,
1166 434 1216 468 ut
1250 427 1545 468 difficillimus
1580 434 1827 479 appareret

198 497 400 538 hominis
421 498 597 539 reditus
619 499 810 540 inviam
831 499 1015 549 salutis,
1049 499 1097 539 in
1128 510 1268 550 quam
1295 504 1475 549 tamen,
1507 498 1693 539 Christo
1722 510 1826 550 gra-

198 569 284 619 tia,
317 569 392 609 cui
418 569 529 609 nihil
556 569 738 609 difficile
769 577 861 619 est,
893 576 1161 610 nostrorum
1195 569 1452 609 ministerio
1486 569 1706 610 reductus
1740 576 1825 619 est,

197 652 291 680 non
318 641 416 680 sine
444 651 617 691 magna
647 647 692 681 et
718 641 789 687 sui
819 641 964 692 ipsius
993 640 1049 680 de
1078 652 1126 680 se
1155 646 1199 680 et
1226 647 1544 691 caeterorum,
1577 641 1656 692 qui
1686 641 1828 681 homi-

198 723 305 751 nem
324 718 642 762 agnoverant,
665 712 993 763 admiratione,
1031 711 1239 752 divinam
1258 712 1516 752 bonitatem
1538 712 1584 752 in
1605 724 1658 752 eo
1691 724 1830 764 opere

197 793 493 833 summopere
526 782 831 823 laudantium.
866 782 925 823 Et
952 782 1008 822 de
1036 782 1108 822 his
1130 782 1268 831 haee,
1293 783 1544 822 multorum
1565 783 1682 833 loco,
1706 783 1829 823 dicta

199 852 449 892 sufficiant.

277 922 686 963 Perseverantium
720 923 964 964 nobiscum
991 923 1037 963 in
1065 923 1426 975 participatione
1462 935 1652 964 mensae
1687 924 1828 965 domi-

196 994 333 1034 nicae
353 994 572 1046 frequens
595 1001 663 1034 est
684 1006 867 1046 semper
889 994 1281 1034 scholasticorum
1300 1006 1543 1044 numerus,
1568 995 1689 1036 inter
1716 1007 1832 1047 quos
1868 1041 1873 1047 q

198 1077 293 1105 non
312 1065 451 1116 pauci
472 1071 578 1105 sunt
600 1072 644 1105 et
665 1065 854 1116 ingenio
882 1071 928 1105 et
957 1065 1111 1105 indole
1143 1066 1389 1116 praeclara
1421 1077 1475 1105 ac
1508 1077 1690 1106 morum
1718 1066 1832 1106 inte-

198 1136 372 1186 gritate
399 1136 503 1176 aliis
538 1137 775 1188 exemplo;
803 1142 991 1187 tamque
1022 1135 1177 1186 opima
1206 1136 1370 1175 messis
1405 1142 1474 1176 est
1495 1136 1830 1185 confitentium,

201 1212 250 1246 ut
289 1218 529 1258 nunquam
567 1208 741 1247 nostris
781 1206 1008 1258 operariis
1047 1206 1186 1246 fuerit
1219 1206 1508 1257 feriandum,
1550 1219 1833 1259 quamquam

200 1279 345 1318 multo
367 1279 523 1329 plures
545 1284 715 1328 essent,
740 1278 787 1318 in
809 1277 1171 1330 quadragesima
1187 1278 1480 1328 praesertim,
1500 1278 1547 1318 in
1568 1290 1674 1329 qua,
1699 1279 1832 1319 omis-

201 1349 266 1389 sis
287 1349 555 1389 domesticis
576 1349 778 1400 negotiis
800 1355 844 1389 et
870 1348 1057 1398 studiis,
1081 1347 1127 1388 id
1149 1349 1300 1388 solum
1320 1348 1535 1389 Patribus
1564 1356 1664 1389 erat
1695 1361 1833 1402 agen-

201 1420 312 1459 dum
340 1425 390 1459 ut
420 1419 742 1459 confessiones
775 1425 898 1459 totos
928 1419 1026 1459 dies
1062 1419 1298 1469 audirent3
1334 1426 1558 1471 tantaque
1593 1426 1693 1460 erat
1727 1432 1832 1460 con-

201 1490 442 1530 fluentium
475 1490 720 1530 multitudo
755 1496 805 1530 ut
837 1502 924 1530 nec
959 1490 1025 1529 sic
1058 1488 1244 1541 quidem
1277 1489 1489 1530 sufficere
1522 1497 1727 1542 possent.
1764 1491 1834 1531 De

200 1561 369 1613 quibus
391 1562 605 1601 omnibus
627 1573 770 1601 unum
791 1560 902 1600 illud
924 1560 1158 1601 addidisse
1180 1560 1395 1601 sufficiet:
1428 1561 1474 1601 in
1501 1562 1588 1612 eis,
1621 1562 1699 1613 qui
1729 1574 1835 1602 cum

204 1632 377 1672 nostris
394 1632 686 1681 confitentur,
706 1642 929 1683 magnam
946 1643 1175 1683 apparere
1191 1632 1318 1672 vitae
1340 1633 1679 1672 correctionem
1695 1645 1702 1683 ;
1721 1640 1833 1673 tam-

202 1715 291 1754 que
321 1710 389 1743 est
418 1703 508 1742 hoc
540 1703 586 1743 in
614 1703 703 1742 hac
731 1702 974 1742 academia
1005 1701 1307 1742 manifestum
1333 1709 1381 1742 ut
1406 1704 1636 1754 plerique,
1667 1704 1713 1744 id
1742 1705 1834 1744 ani-

202 1774 573 1825 madvertentes,
617 1785 722 1814 cum
760 1774 934 1814 nostris
974 1773 1184 1814 confiteri
1224 1780 1269 1813 et
1313 1774 1589 1815 familiarius
1635 1776 1837 1827 colloqui

200 1851 437 1896 exoptent.
468 1845 602 1896 Quod
628 1857 682 1885 eo
711 1845 980 1896 scripserim
1006 1851 1055 1884 ut
1083 1845 1205 1885 scias
1233 1845 1581 1885 delitescentem
1609 1846 1837 1886 hactenus

201 1915 485 1957 Societatem
534 1917 831 1967 illucescere,
883 1927 1197 1968 magnamque
1237 1916 1293 1956 de
1342 1917 1420 1956 illa
1465 1917 1838 1968 expectationem

203 1988 410 2028 omnium
445 1988 624 2028 animos
660 1988 922 2039 concipere.
960 1987 1099 2027 Faxit
1134 1987 1347 2027 Christus
1385 1987 1521 2040 Jesus
1547 1994 1597 2028 ut
1626 1988 1725 2028 vita
1759 1999 1837 2028 no-

203 2059 335 2110 mini,
368 2058 546 2099 fructus
573 2058 888 2110 expectationi
914 2058 1244 2110 respondeant.
1283 2058 1418 2098 Hanc
1444 2059 1628 2099 illorum
1659 2060 1835 2110 opinio-

202 2142 310 2170 nem
337 2130 507 2170 mirum
534 2130 580 2169 in
601 2129 790 2170 modum
811 2129 956 2180 auxit,
981 2129 1103 2181 quod
1124 2129 1214 2169 hac
1234 2130 1450 2180 proxima
1475 2129 1838 2181 quadragesima

204 2201 331 2241 venit
353 2201 413 2240 ad
433 2212 517 2241 nos
537 2200 585 2241 P.
610 2201 684 2240 ille
705 2201 989 2240 Franciscus
1016 2200 1210 2250 Borgia,
1248 2201 1668 2241 eminentissimum
1691 2201 1838 2241 virtu-

204 2277 303 2312 tum
339 2271 543 2311 omnium
578 2273 832 2323 exemplar.
870 2270 941 2311 De
969 2270 1100 2322 cujus
1136 2271 1340 2311 adventu
1375 2272 1596 2311 nonnulla
1632 2272 1839 2312 scribere

205 2354 282 2382 res
303 2343 403 2393 ipsa
426 2343 657 2393 exposcit,
682 2350 780 2382 turn
802 2343 943 2382 etiam
965 2342 1089 2393 quod
1110 2353 1232 2382 nunc
1254 2343 1404 2393 primo
1427 2354 1603 2393 pauper
1625 2348 1669 2382 et
1696 2342 1838 2383 Fran-

205 2413 360 2453 ciscus
382 2412 682 2464 Complutum
701 2413 942 2463 ingressus
966 2420 1034 2452 est
1060 2413 1083 2452 ¹.
1117 2412 1259 2452 Venit
1287 2424 1401 2463 ergo
1432 2413 1656 2463 postridie
1688 2414 1837 2454 calen-

207 2484 290 2524 das
313 2483 488 2534 Martii;
513 2484 594 2523 sed
617 2490 792 2535 quanto
828 2495 935 2523 cum
966 2483 1139 2534 gaudio
1172 2496 1198 2523 a
1218 2483 1266 2523 Ρ.
1293 2483 1449 2523 Natali
1477 2490 1520 2523 et
1555 2484 1731 2534 Araoz,
1761 2486 1840 2536 qui

206 2566 262 2595 eo
296 2560 506 2606 tempore
539 2554 786 2594 nobiscum
814 2554 1030 2604 aderant,
1064 2560 1288 2604 exceptus
1321 2554 1399 2603 sit,
1437 2560 1703 2606 quantaque
1735 2566 1841 2595 cum

207 2625 414 2665 omnium
448 2624 646 2664 fratrum
668 2625 844 2664 laetitia
880 2624 927 2664 in
960 2625 1050 2664 hoc
1082 2624 1291 2675 Collegio
1327 2633 1667 2676 commoratus,
1705 2625 1842 2667 facile

209 2696 497 2747 perciperes,
522 2696 560 2735 si
581 2696 843 2747 exprimere
864 2707 1050 2746 possem
1080 2707 1220 2747 quam
1251 2696 1306 2735 de
1334 2696 1409 2735 illo
1438 2708 1600 2737 omnes
1627 2703 1841 2749 expecta-

268 2831 279 2850 1
319 2830 539 2865 Suspicamur
552 2832 676 2858 bonum
691 2830 875 2864 Aegidium
887 2836 1008 2862 mente,
1022 2831 1100 2858 dum
1114 2831 1200 2857 haec
1215 2831 1397 2863 scribebat.
1413 2832 1563 2859 volvisse
1578 2832 1660 2860 illud
1673 2832 1831 2863 Breviari

212 2878 372 2906 Romani:
390 2878 606 2905 Francz‘scus
618 2882 759 2913 pauper
773 2880 806 2904 et
820 2878 969 2905 lmmz'lz‘s
983 2879 1116 2905 coelum
1140 2879 1240 2905 dives
1263 2879 1510 2911 z'ngreditur....
1526 2879 1567 2907 Ni
1592 2880 1679 2908 forte
1700 2883 1845 2915 putabat

215 2933 301 2953 nunc
316 2926 424 2960 primo
445 2926 584 2953 Patrem
599 2925 822 2953 Franciscum
840 2925 977 2960 Borgia,
997 2930 1031 2953 et
1046 2933 1230 2960 pauperem
1246 2930 1279 2952 et
1302 2933 1366 2953 non
1381 2927 1448 2953 alio
1471 2935 1570 2961 quam
1591 2928 1713 2955 Patris
1736 2929 1847 2957 Fran-

215 2973 300 3000 ciscz‘
314 2973 447 3000 nomine
468 2978 594 3006 notum,
612 2972 826 3007 Complutum
849 2973 991 3007 ingredi,
1015 2973 1069 3006 qui
1085 2973 1164 2999 illuc
1186 2973 1266 3000 olim
1287 2973 1460 3007 ingressus
1480 2978 1542 3008 est,
1565 2974 1718 3003 Gandiae
1743 2977 1846 3005 Ducis*

213 3020 462 3055 primogenitus
476 3020 573 3053 filius,
590 3020 686 3047 dives
707 3024 738 3046 et
754 3020 941 3047 honoratus
961 3025 995 3047 et
1014 3026 1158 3047 caterva
1177 3021 1325 3054 stipatus
1346 3021 1559 3049 famulorum.
1574 3022 1662 3050 Vide
1687 3023 1847 3052 Cisxrus-

213 3073 288 3101 cos,
311 3067 400 3095 Vida
416 3068 458 3095 de
475 3067 546 3094 San
562 3067 753 3094 Francisco
765 3067 807 3094 de
821 3067 1010 3102 B077'a‚lib.
1024 3075 1044 3100 Ι,
1061 3075 1135 3102 cap.
1150 3074 1212 3101 v11,
1227 3068 1244 3102 ξ
1257 3068 1284 3095 2.
