2168 3437
374 226 446 263 654
885 222 1113 259 LITTERAE
1139 232 1499 265 QUADRIMESTRES

371 328 503 361 tanta
538 325 607 360 est
634 319 758 370 apud
787 330 868 358 eos
902 318 1263 359 existimatione.
1302 318 1401 369 Ille,
1440 324 1628 370 praeter
1661 319 1871 360 laborem
1904 333 2008 361 con-

371 391 610 441 cionandi,
636 390 752 430 alios
773 390 929 441 plures
951 389 1167 440 assumit,
1191 389 1330 429 valde
1357 389 1403 429 in
1436 390 1797 430 reconciliandis
1827 391 1905 442 iis,
1941 392 2003 431 in-

370 469 440 502 ter
462 472 578 513 quos
598 461 751 511 iurgia
774 467 818 500 et
841 460 1165 500 contentiones
1184 460 1380 511 reperit,
1406 460 1544 500 valde
1565 461 1613 500 in
1634 461 1879 501 audiendis
1901 474 2006 502 con-

368 532 648 573 fessionibus
683 532 914 582 elaborat,
950 536 1087 571 nocte
1123 531 1288 583 dieque
1324 532 1603 572 charitatem
1639 543 1773 571 suam
1808 532 2009 584 imperti-

368 610 463 651 tur:
502 604 671 655 quippe
706 603 784 654 qui
813 602 1116 642 vehementer
1145 608 1358 654 exoptat,
1397 603 1435 642 si
1471 602 1559 642 Dei
1579 602 1802 643 beneficio
1833 603 1880 643 id
1913 603 2012 644 fieri

370 674 535 726 possit,
574 674 815 714 civitatem
849 674 972 713 hanc
1008 674 1311 725 tranquillam
1345 685 1401 714 ac
1435 685 1553 725 pace
1587 674 1746 714 divina
1781 673 2012 715 fruentem

370 746 647 797 relinquere.
679 744 918 785 Habemus
940 745 1034 785 iam
1061 745 1258 796 aliquot,
1291 745 1458 796 quibus
1490 745 1537 784 in
1565 745 1720 785 animo
1753 745 1882 785 sedet
1911 757 2013 797 pec-

371 823 477 857 cata
498 816 634 856 fateri
662 816 861 867 singulis
889 816 1148 866 mensibus,
1181 822 1231 855 ut
1262 820 1427 856 contra
1458 816 1735 856 daemonem
1763 816 1912 856 aciem
1943 817 2007 856 in-

370 893 622 937 struamus,
646 894 690 927 et
714 887 1028 927 detractiones
1049 886 1401 937 labefactemus,
1427 898 1543 938 quas
1564 887 1686 926 idem
1707 887 1755 927 in
1778 887 1910 938 alios,
1935 888 2013 939 qui

370 960 458 999 hoc
479 959 632 1010 ipsum
651 959 774 998 intra
796 970 971 998 annum
991 959 1238 1010 aliquoties
1264 958 1421 998 facere
1449 964 1812 1009 consueuerant,
1841 959 2013 999 machi-

369 1036 509 1070 natus
543 1036 628 1070 est.
658 1030 773 1070 Item
804 1036 852 1069 ut
883 1030 986 1070 aliis
1013 1029 1187 1070 timidis
1217 1030 1397 1070 animos
1428 1041 1759 1081 suggeramus,
1795 1041 1885 1081 quo
1918 1030 2011 1070 iam

369 1101 528 1141 divina
552 1113 637 1153 ope
659 1101 705 1141 id
725 1101 868 1141 libere
891 1101 1107 1141 audeant.
1140 1101 1359 1141 Mulieres
1380 1101 1473 1141 iam
1502 1112 1598 1141 non
1629 1113 1869 1150 curamus;
1901 1114 2013 1142 nam

370 1178 436 1213 tot
475 1180 580 1212 sunt
619 1173 666 1212 in
706 1173 792 1212 hoc
832 1172 1058 1212 exercitio
1095 1172 1315 1212 assiduae
1350 1178 1393 1212 et
1433 1178 1589 1222 erunt,
1626 1172 1727 1212 Deo
1764 1172 1926 1223 dante,
1963 1178 2012 1213 ut

371 1256 534 1285 earum
555 1256 777 1284 numerus
799 1244 1055 1294 ignoretur.
1080 1243 1176 1283 Nos
1198 1243 1479 1294 hospitalem
1508 1243 1697 1283 domum
1724 1243 2008 1290 habitamus:

370 1316 417 1356 id
438 1316 560 1367 quod
583 1315 727 1367 aliqui
749 1315 978 1355 mirantur
1000 1320 1043 1354 et
1065 1314 1366 1354 sciscitantur
1382 1326 1528 1366 quare
1548 1326 1642 1354 non
1663 1315 1802 1355 aliam
1824 1315 2011 1355 domum

370 1388 638 1427 habitamus
674 1392 752 1426 aut
780 1386 977 1426 alicuius
1007 1384 1276 1426 Sacerdotis
1306 1385 1514 1437 hospites
1544 1385 1782 1426 efficimur.
1807 1386 2012 1426 Eleemo-

371 1459 502 1510 synis
523 1464 855 1508 sustentamur,
889 1463 933 1497 et
961 1457 1037 1508 qui
1065 1457 1180 1497 nihil
1206 1457 1295 1497 nisi
1323 1457 1448 1509 quod
1478 1457 1675 1509 singulis
1703 1457 1866 1498 diebus
1894 1457 2013 1498 suffi-

371 1530 464 1570 ciat
487 1529 767 1580 accipimus,
792 1540 900 1569 cum
930 1529 975 1569 id
1003 1529 1251 1579 habemus,
1280 1529 1398 1569 bene
1427 1534 1517 1580 est;
1551 1541 1657 1569 cum
1688 1540 1925 1578 caremUS‚
1949 1529 2013 1568 vi-

372 1609 468 1641 tam
491 1607 539 1640 ut
561 1612 811 1652 possumus
842 1602 1113 1640 toleramus.
1143 1600 1508 1652 Eleemosynam
1536 1600 1787 1652 aliquando
1819 1612 1845 1640 a
1872 1601 2014 1640 certis

371 1673 649 1724 quibusdam
683 1672 903 1723 petimuS,
933 1683 1028 1711 non
1055 1683 1138 1723 per
1164 1672 1327 1712 urbem
1363 1672 1591 1723 ostiatim,
1630 1672 1851 1723 quoniam
1879 1672 1926 1712 in
1959 1683 2013 1712 ea

371 1756 420 1783 re
454 1743 808 1783 Misericordiae
841 1741 1054 1783 Societas
1088 1743 1174 1782 sibi
1211 1743 1431 1783 iniuriam
1466 1743 1565 1783 fieri
1598 1749 1751 1794 putat,
1782 1743 2012 1794 siquidem

369 1814 416 1854 id
436 1827 494 1854 ne
514 1814 779 1854 faceremus
801 1814 958 1854 multis
979 1814 1196 1865 precibus
1219 1821 1263 1853 et
1285 1813 1374 1854 Dei
1395 1814 1581 1854 nomine
1609 1826 1635 1853 a
1662 1813 1796 1853 nobis
1828 1821 2012 1854 conten-

369 1886 450 1937 dit,
475 1887 638 1925 volens
658 1886 928 1925 necessaria
946 1885 1035 1925 oia.
1057 1885 1380 1936 suppeditare3
1405 1897 1525 1937 quae
1547 1885 1651 1925 ideo
1668 1885 2010 1936 recusavimus,

368 1969 427 1997 ne
448 1968 708 2009 pauperum
728 1957 850 1997 bona
873 1968 1270 1997 consumeremus.
1295 1956 1541 2008 Reliquum
1563 1962 1632 1997 est
1653 1962 1703 1996 ut
1724 1956 2009 2008 omnipoten-

370 2035 464 2068 tem
486 2028 638 2068 Deum
666 2028 852 2068 assidue
874 2028 1180 2078 deprecemur
1207 2034 1251 2067 et
1277 2039 1427 2079 gram.
1454 2039 1661 2078 oremus,
1692 2039 1783 2079 qua
1810 2027 2014 2078 perfecte

370 2100 492 2140 illius
513 2099 737 2139 mandata
759 2099 940 2151 exequi,
967 2106 1010 2139 et
1032 2110 1143 2139 suae
1166 2099 1312 2150 ipsius
1333 2099 1562 2139 Voluntati
1585 2099 1720 2150 plene
1741 2110 1920 2139 morem
1937 2109 2013 2150 ge-

370 2182 473 2211 rere
495 2171 781 2220 valeamus„

453 2383 707 2436 Postquam
728 2384 850 2424 hanc
873 2384 1262 2436 quadrimestrem
1284 2383 1650 2434 scripseramus,
1676 2382 1817 2422 aliam
1842 2383 1902 2422 ad
1930 2394 2015 2422 nos

373 2456 496 2496 misit
518 2455 641 2496 idem
662 2455 801 2496 Pater
832 2455 999 2496 Petrus
1029 2460 1222 2495 sanctae
1245 2454 1421 2502 crucis,
1453 2455 1586 2494 cuius
1612 2455 1722 2494 item
1752 2454 2016 2505 exemplum

373 2527 520 2567 voluit
540 2526 616 2567 Pr.
639 2526 867 2578 Magister
889 2527 1042 2567 Miron
1062 2532 1111 2566 ut
1133 2531 1178 2566 et
1201 2526 1311 2566 huic
1333 2526 1717 2576 adiungeremus,
1742 2531 1786 2578 et
1807 2525 1866 2564 ad
1886 2531 2016 2565 tuam

371 2598 707 2638 Paternitatem
742 2598 1055 2649 mitteremus,
1092 2603 1140 2638 ut
1177 2598 1352 2637 certior
1379 2596 1515 2637 fieres
1544 2597 1600 2636 de
1629 2591 1865 2647 omnibUS,
1898 2607 2015 2647 quae

373 2670 534 2710 divina
556 2670 740 2709 bonitas
761 2681 843 2721 per
864 2670 1006 2710 hosce
1027 2668 1192 2708 Patres
1213 2669 1260 2708 in
1283 2680 1337 2708 ea
1360 2668 1475 2707 urbe
1497 2667 1706 2719 perfecit,
1732 2666 2015 2718 quandoqui-

373 2741 478 2780 dem
499 2741 562 2780 illi
583 2741 676 2780 iam
698 2740 804 2780 inde
826 2740 886 2780 ad
907 2751 993 2780 nos
1016 2739 1405 2789 commigrarunt.

457 2811 645 2852 “Gratia
674 2818 717 2851 et
752 2823 846 2863 pax
881 2810 974 2851 dni.
1006 2810 1157 2850 nostri
1187 2810 1297 2862 Jesu
1324 2809 1399 2850 X.i
1428 2809 1595 2849 animis
1631 2809 1805 2849 nostris
1833 2820 2017 2860 semper

376 2883 499 2922 insit.
526 2882 690 2923 Amen.

457 2952 613 3003 „Nunc
636 2966 706 3004 ea,
736 2953 907 2993 fratres
937 2952 1221 3002 charissimi,
1247 2952 1382 2992 vobis
1404 2951 1476 2992 his
1504 2951 1650 2991 literis
1673 2950 2011 3001 enarrabimus,

374 3035 493 3074 quae
514 3024 671 3064 divina
693 3024 879 3064 bonitas
900 3030 1005 3075 post
1026 3024 1124 3074 illa,
1155 3035 1275 3074 quae
1304 3022 1623 3073 superioribus
1649 3021 1810 3062 diebus
1844 3021 1903 3061 ad
1929 3033 2014 3061 vos
