2168 3437
324 273 397 310 302
838 272 1066 308 LITTERAE
1093 282 1453 314 QUADRIMESTRES

404 369 559 420 Atque
587 369 694 408 hinc
717 368 901 407 oblatae
933 368 1159 408 materiae
1188 368 1434 409 exordium
1466 369 1744 409 sumendum
1778 370 1958 421 putavi,

321 440 443 480 unde
466 439 639 479 ultimis
659 439 1098 490 quadrimestribus,
1122 444 1171 479 ut
1192 439 1409 490 dicimus,
1429 439 1577 480 literis
1598 446 1859 480 extremam
1881 441 1960 481 im-

322 511 561 562 posuimus
583 521 795 561 manum;
820 510 1041 549 nimirum
1062 515 1289 562 quantum
1315 510 1464 551 Dnus.
1496 510 1684 562 pietatis
1712 511 1760 551 in
1789 511 1961 563 populo

320 583 368 622 in
391 582 488 621 dies
517 592 692 632 augere
721 586 860 632 atque
893 581 1141 632 divulgare
1178 581 1396 632 dignetur
1426 581 1661 622 affectum.
1700 581 1805 622 Non
1839 582 1963 623 enim

321 653 529 705 primarii
544 652 828 692 cathedralis
841 652 999 704 templi
1017 653 1107 692 viri
1125 653 1332 693 contenti
1347 652 1492 703 fuere,
1509 653 1593 693 sub
1610 652 1749 693 finem
1767 654 1878 694 anni
1893 654 1960 705 52,

321 730 594 775 sumptuose
622 724 828 764 maximo
863 736 968 764 cum
1001 731 1171 764 ornatu
1202 724 1399 775 singulis
1427 723 1674 765 dominicis
1702 731 1746 765 et
1780 724 1965 766 festivis

322 795 483 835 diebus
517 795 787 835 venerabile
818 806 1055 847 exponere
1083 795 1347 846 incoepisse
1375 801 1726 836 sacramentum
1756 796 1804 836 in
1831 807 1967 836 usum

322 873 461 918 atque
503 866 687 906 animae
727 866 1034 907 refectionem
1073 867 1282 907 omnium
1317 867 1658 907 communicari
1692 867 1965 918 volentium,

321 938 455 989 quin,
481 937 542 977 ad
575 937 804 977 maiorem
832 937 1021 977 divinae
1043 937 1196 977 laudis
1223 937 1485 978 ubertatem
1513 949 1799 990 suorumque
1830 949 1966 978 cona-

319 1016 450 1048 tuum
489 1009 902 1060 propagationem,
947 1021 1042 1049 non
1082 1009 1303 1060 quievere
1343 1020 1586 1060 quousque
1628 1009 1770 1049 totius
1810 1009 1969 1061 populi

320 1081 550 1132 applausu
571 1079 760 1120 Patrem
782 1079 1007 1120 Nostrum
1036 1080 1301 1121 Adrianum
1325 1079 1334 1098 ¹
1357 1080 1404 1120 in
1427 1080 1591 1120 eodem
1610 1079 1836 1121 haberent
1858 1086 1968 1121 tem-

319 1151 411 1202 plo,
434 1157 483 1191 ut
506 1151 677 1191 ibidem
699 1151 929 1203 quotidie,
955 1151 1349 1203 quemadmodum
1371 1151 1417 1191 in
1442 1151 1557 1191 aede
1578 1150 1739 1192 Sancti
1764 1151 1968 1192 Michae-

318 1223 375 1262 lis
397 1223 560 1263 solitus
580 1222 747 1273 fuerat,
772 1222 1094 1263 confessiones
1115 1223 1312 1263 audiret.

402 1294 581 1334 Verum
603 1293 767 1334 eodem
788 1294 886 1334 fere
908 1299 1134 1346 tempore,
1159 1306 1250 1346 quo
1274 1294 1331 1334 ab
1354 1294 1576 1334 universo
1593 1294 1794 1346 praefati
1809 1295 1971 1345 templi

327 1365 386 1405 ad
407 1365 545 1405 huius
573 1366 779 1405 muneris
806 1365 1096 1405 functionem
1124 1371 1370 1417 susceptus
1393 1372 1461 1405 est
1492 1366 1712 1417 capitulo,
1747 1366 1884 1406 simul
1914 1378 1970 1406 ac

317 1448 508 1477 omnem
542 1448 681 1477 sacra
713 1437 964 1477 missarum
993 1437 1262 1477 celebrandi
1299 1436 1470 1487 officia,
1507 1449 1692 1477 necnon
1726 1437 1969 1488 quibusvis

319 1507 697 1548 christifidelibus
746 1515 1047 1548 sacramenta
1088 1508 1329 1559 tradendi,
1374 1515 1650 1559 susceperat
1689 1508 1966 1553 libertatem.

318 1580 436 1620 mira
459 1579 663 1631 quadam
684 1579 904 1631 antiquus
926 1580 1001 1620 ille
1023 1591 1217 1631 serpens
1235 1580 1451 1620 diabolus
1478 1579 1587 1620 hinc
1608 1580 1828 1620 incensus
1854 1580 1968 1620 invi-

323 1651 414 1701 dia,
447 1663 622 1691 novam
652 1663 846 1703 prorsus
869 1657 1008 1702 atque
1040 1657 1147 1692 ante
1175 1651 1286 1691 illud
1316 1657 1530 1692 nostrum
1560 1652 1801 1691 saeculum
1829 1652 1969 1703 plane

319 1723 579 1763 inauditam
615 1722 844 1763 adversus
879 1723 1146 1763 animarum
1180 1722 1444 1774 profectum
1479 1723 1633 1774 coepit
1669 1734 1967 1763 commovere

317 1794 633 1846 tragoediam,
666 1795 996 1834 nonnullorum
1031 1794 1283 1834 excitando
1309 1795 1630 1846 praelatorum
1659 1794 1863 1844 animos,
1893 1806 1965 1834 eo-

317 1878 408 1918 que
442 1865 757 1917 perducendo,
790 1877 882 1917 quo
911 1866 1107 1906 subditis
1134 1866 1322 1917 suisque
1347 1866 1547 1906 oviculis
1578 1877 1843 1918 proponere
1873 1877 1967 1905 non

319 1942 611 1987 vererentur,
636 1936 778 1977 immo
800 1937 849 1977 vi
866 1936 1170 1977 authoritatis
1186 1938 1399 1977 volentes
1417 1937 1697 1989 compellere
1714 1937 1773 1977 ad
1790 1937 1965 1987 specia-

316 2011 408 2049 lem
428 2008 527 2049 voti
549 2008 897 2059 obligationem,
924 2020 973 2048 se
1005 2020 1246 2060 nunquam
1267 2020 1418 2060 neque
1449 2009 1509 2048 ad
1529 2008 1574 2049 S.
1599 2007 1789 2048 Petrum
1816 2019 1965 2059 neque

318 2080 379 2120 ad
399 2079 444 2120 S.
468 2079 762 2130 Michaelem,
786 2091 954 2131 nempe
976 2080 1036 2120 ad
1061 2091 1162 2131 nos,
1194 2080 1342 2120 ituros
1371 2079 1430 2120 ad
1458 2079 1825 2131 confessionem;
1857 2080 1964 2120 alio-

319 2151 431 2203 quin
459 2157 624 2191 contra
652 2151 723 2190 ius
751 2156 795 2190 et
825 2156 1107 2202 potestatem
1139 2151 1421 2191 reiiciendae
1448 2151 1637 2202 suisque
1674 2150 1860 2191 sedibus
1889 2162 1963 2191 ex-

317 2222 579 2274 pellendae,
603 2233 744 2273 quum
767 2222 855 2262 illis
876 2223 1015 2273 plena
1034 2222 1183 2262 cuivis
1205 2225 1412 2262 omnium
1435 2222 1651 2262 ordinum
1675 2222 1964 2273 apostolicae

318 2294 443 2334 sedis
463 2294 748 2334 authoritate
773 2294 1163 2345 approbatorum,
1190 2293 1440 2334 confitendi
1467 2294 1526 2334 sit
1547 2293 1754 2334 libertas.
1785 2293 1964 2334 Verum

320 2365 565 2416 Dominus,
602 2365 679 2417 qui
711 2365 850 2405 nullis
878 2377 986 2416 non,
1014 2365 1156 2405 etiam
1188 2365 1593 2415 abominabilibus,
1628 2365 1675 2404 in
1696 2365 1869 2405 bonum
1899 2365 1965 2405 uti

318 2437 520 2487 noverit,
548 2437 670 2477 hanc
692 2448 876 2488 quoque
894 2442 1192 2487 praetextam
1217 2435 1391 2476 diaboli
1415 2436 1734 2476 inventionem
1750 2436 1797 2475 in
1819 2436 1965 2475 multo

319 2508 546 2548 maiorem
573 2507 811 2548 fructuum
840 2508 1105 2547 ubertatem
1134 2507 1465 2559 copiosiusque
1494 2508 1759 2547 animarum
1784 2508 1966 2547 lucrum

320 2580 547 2630 pullulare
575 2579 740 2619 effecit.
771 2578 1004 2630 Quoniam
1025 2585 1277 2630 postquam
1305 2579 1535 2630 praedicti
1565 2578 1765 2630 praelati
1784 2578 1965 2629 gravis-

320 2650 545 2690 simorum
580 2650 864 2690 authoritate
898 2650 1122 2700 virorum,
1161 2656 1321 2701 utpote
1348 2650 1485 2690 huius
1514 2650 1665 2690 almae
1690 2649 1819 2689 urbis
1849 2648 1963 2689 Can-

2066 0 2168 175 Ἥ..

2154 170 2168 222 ‘l

2156 223 2168 255 '3¹

321 2721 513 2772 cellarii,
533 2722 840 2773 aliorumque,
865 2733 1064 2773 quorum
1085 2721 1162 2761 hic
1186 2722 1449 2761 authoritas
1466 2732 1552 2772 pro
1582 2721 1772 2761 oraculo
1803 2720 1966 2760 haberi
2010 2762 2012 2765 ,

319 2793 581 2843 consuevit,
601 2793 660 2833 ad
678 2804 794 2844 quos
817 2792 973 2832 omnia
993 2792 1147 2832 delata
1169 2792 1371 2842 fuerunt,
1394 2792 1598 2832 convicti
1614 2796 1770 2832 essent
1787 2802 1963 2831 eorum-

321 2863 517 2914 demque
544 2863 919 2904 machinationes
948 2864 1012 2903 nil
1042 2863 1132 2903 nisi
1161 2864 1460 2915 deceptiones
1491 2868 1630 2915 atque
1660 2862 1832 2902 diaboli
1862 2873 1964 2902 esse

320 2934 668 2985 exagitamenta
706 2936 799 2975 iam
833 2939 1072 2987 repertum
1106 2935 1447 2986 probatumque
1484 2939 1742 2984 constaret,
1786 2933 1964 2973 maiore

381 3096 391 3116 ¹
432 3096 467 3123 P.
484 3096 658 3124 Adrianus
675 3096 939 3123 Adriaenssens.
