2168 3437
389 257 458 294 644
901 256 1129 293 LITTERAE
1156 268 1520 299 QUADRIMESTRES

387 353 758 403 magistratibus,
789 364 988 404 quorum
1016 352 1265 404 desperata
1292 355 1591 406 recuperatio
1619 366 1793 406 magno
1825 368 2027 399 commu-

386 424 522 464 nitati
557 429 657 463 erat
696 424 1009 474 incommodo,
1047 423 1187 464 Patre
1225 425 1477 477 plurimum
1518 426 1810 479 elaborante,
1849 429 2032 470 reddita

386 501 507 534 sunt.
531 494 628 534 Nec
649 495 819 535 mirum
839 495 963 546 quod
984 495 1030 535 in
1060 495 1147 535 Dei
1170 495 1318 547 digito
1340 503 1510 537 cuncta
1532 497 1572 537 is
1595 504 1771 549 posset,
1804 499 1935 539 cuius
1966 506 2032 540 ta-

385 566 475 606 lem
495 566 744 606 universus
766 567 965 618 populus
986 566 1234 607 imbiberat
1256 567 1549 620 opinionem,
1580 574 1629 608 ut
1651 569 1690 609 si
1718 569 1828 621 quid
1857 571 1918 610 ad
1938 571 2030 622 pie-

384 638 492 678 tatis
515 638 754 689 divinique
783 639 936 678 cultus
964 638 1255 689 religionem,
1286 639 1326 678 si
1356 639 1465 690 quid
1494 640 1553 679 ad
1588 640 1830 681 hominum
1855 641 2025 682 instau-

383 709 582 749 randam
602 708 994 759 benevolentiam,
1019 709 1058 748 si
1080 709 1191 760 quid
1210 709 1269 749 ad
1292 709 1613 750 confitentium
1631 712 1844 763 salutern,
1865 712 1903 752 si
1920 713 2031 764 quid

383 781 442 820 ad
476 779 767 820 infirmorum
801 780 1118 820 valetudinem
1153 781 1413 821 curandam
1447 782 1685 833 attineret,
1724 783 1792 823 sic
1827 783 1886 823 ad
1923 795 2029 825 eum

383 851 517 903 quasi
538 863 726 891 sacram
745 852 1003 891 anchoram
1024 851 1361 892 recurrendum
1384 853 1725 894 existimarent.

463 921 729 974 Pauperum
750 934 943 962 causam
965 934 1099 963 suam
1127 934 1229 963 esse
1257 923 1447 974 ducens,
1482 925 1793 966 eleemosinas
1820 925 2027 977 indigen-

382 994 504 1034 tibus
525 994 828 1045 largiebatur,
853 1005 970 1046 quas
986 995 1186 1046 populus
1203 1001 1369 1046 postea
1387 995 1550 1035 lubens
1566 997 1884 1048 persolvebat.
1904 998 2029 1039 Inter

382 1066 490 1116 alia,
520 1065 867 1105 xenodochium
901 1065 1188 1117 pauperibus
1223 1066 1430 1117 hospitio
1467 1067 1748 1118 recipiendis
1781 1069 2030 1121 aegrisque

382 1136 605 1177 curandis
640 1137 1004 1176 construendum
1032 1136 1217 1176 curavit
1253 1137 1578 1187 magnificum:
1615 1150 1725 1179 nam
1761 1150 1851 1190 quo
1888 1146 2027 1181 antea

381 1208 731 1260 recipiebantur
765 1219 1014 1259 pauperes,
1045 1208 1271 1259 exiguum
1300 1214 1401 1248 erat
1428 1208 1710 1261 minimeque
1739 1211 2028 1262 respondens

382 1280 472 1320 loci
506 1280 791 1320 necessitati.
827 1280 888 1320 Ut
924 1291 1106 1319 annuos
1141 1279 1283 1319 etiam
1316 1280 1526 1320 redditus
1563 1281 1716 1321 clerus
1753 1281 2024 1322 decerneret

383 1351 548 1402 effecit,
573 1358 622 1392 ut
640 1351 830 1403 quidam
851 1351 984 1402 pueri
1005 1352 1128 1391 bona
1148 1351 1302 1391 indole
1323 1351 1677 1392 instituerentur
1695 1352 2026 1394 educarentur-

382 1434 485 1474 que,
509 1423 587 1474 qui
608 1422 847 1463 canonicis
869 1422 998 1462 horis
1020 1422 1317 1474 inservirent,
1348 1423 1472 1474 quod
1493 1423 1618 1463 haud
1640 1423 1776 1464 dubie
1812 1425 1870 1464 ad
1897 1437 2025 1465 reve·

383 1494 636 1534 rentiorem
658 1494 885 1534 ecclesiae
907 1495 1083 1534 cultum
1103 1494 1336 1545 pertinere
1355 1495 1537 1534 cunctis
1553 1495 1707 1535 visum
1730 1501 1812 1536 est.
1833 1495 2025 1537 Publica

383 1566 728 1618 oppidanorum
745 1566 860 1605 vitia
882 1576 1020 1605 nosse
1042 1565 1251 1616 impense
1272 1565 1535 1616 laborabat,
1560 1571 1611 1606 ut
1626 1566 1818 1607 infamia
1838 1573 2029 1607 notatos

383 1649 441 1678 ex
464 1637 670 1678 tenebris
690 1643 994 1688 peccatorum
1015 1636 1075 1676 ad
1091 1637 1304 1676 veritatis
1325 1637 1481 1677 lumen
1502 1637 1772 1678 reduceret:
1799 1638 2026 1678 obdurato

384 1715 540 1749 autem
560 1709 810 1760 quemdam
833 1709 1003 1757 animo,
1028 1709 1105 1759 qui
1127 1708 1184 1748 ab
1203 1708 1450 1748 inhonesta
1465 1709 1673 1749 mulieris
1690 1710 2027 1750 consuetudine

383 1780 604 1820 recedere
625 1786 820 1831 rogatus
848 1780 1009 1828 noluit,
1034 1780 1210 1820 iudices
1232 1780 1280 1819 in
1300 1780 1493 1820 exilium
1525 1791 1679 1831 egere,
1713 1780 1865 1820 Patris
1894 1781 2023 1821 suasi

385 1851 679 1901 auctoritate,
698 1863 756 1891 ne
773 1851 890 1890 alios
907 1851 954 1890 in
972 1851 1090 1890 labis
1108 1851 1439 1901 contagionem
1454 1851 1677 1891 traheret.
1696 1852 1762 1891 Ea
1782 1852 2021 1903 concione,

383 1934 524 1975 quam
545 1922 601 1963 de
623 1922 796 1963 Christi
815 1922 926 1975 Jesu
948 1922 1168 1974 passione
1189 1922 1364 1973 habuit,
1390 1923 1719 1963 antelucanam
1741 1924 1787 1963 in
1808 1935 2024 1975 parasce-

383 2006 456 2045 ve,
479 1994 798 2034 incredibilem
822 2005 938 2045 pene
959 1993 1295 2033 lachrimarum
1317 2005 1372 2033 ac
1393 1994 1652 2044 gemituum
1673 1993 1894 2035 affectum
1916 2007 2023 2035 cun-

384 2066 470 2106 ctis
490 2065 724 2106 concessit
740 2065 986 2113 Dominus,
1010 2066 1195 2116 qualem
1216 2076 1456 2115 nunquam
1476 2065 1593 2105 alias
1610 2065 1801 2115 vidisse,
1826 2066 1903 2116 qui
1921 2066 2023 2106 ade-

383 2143 504 2188 rant,
530 2137 887 2177 attestabantur.
911 2137 1072 2188 quue
1102 2136 1251 2176 crevit
1279 2136 1431 2176 Patris
1458 2136 1699 2188 Baptistae
1729 2136 1926 2177 dicendo
1949 2137 2025 2177 do-

382 2210 468 2258 lor,
492 2215 542 2249 ut
568 2209 677 2249 licet
707 2208 850 2248 animi
884 2208 956 2248 sui
990 2219 1178 2248 sensum
1213 2214 1293 2248 aut
1327 2208 1583 2259 reprimere
1620 2215 1699 2248 aut
1730 2209 2024 2248 dissimulare

384 2286 659 2330 conaretur,
697 2280 878 2320 cunctis
914 2279 1207 2319 adstantibus
1238 2278 1432 2319 affectus
1477 2280 1818 2331 compassionis
1854 2280 1899 2319 in
1931 2292 2024 2319 me-

384 2357 482 2391 tum
502 2351 642 2391 fuerit
663 2362 943 2401 conversus;
967 2350 1193 2390 timebant
1211 2351 1380 2402 quippe
1401 2362 1459 2390 ne
1481 2349 1669 2390 Patrem
1690 2363 1744 2391 eo
1765 2352 1868 2390 loco
1891 2351 2020 2402 spiri-

383 2429 457 2463 tus
486 2423 662 2474 pariter
691 2435 747 2463 ac
775 2423 874 2462 vita
903 2421 1222 2461 destituerent.
1248 2421 1405 2462 Voces
1439 2414 1553 2461 sane
1581 2422 1832 2462 multorum
1865 2422 2019 2462 audie—

382 2494 552 2534 bantur
579 2494 699 2534 inter
729 2493 983 2533 lachrimas
1013 2505 1039 2533 a
1075 2492 1277 2533 Domino
1310 2493 1568 2544 petentium
1606 2505 1663 2532 ne
1697 2494 1838 2532 talem
1870 2494 2021 2533 virum

381 2566 554 2606 sineret
575 2571 671 2605 tam
692 2566 845 2605 subito
868 2565 1036 2614 emori,
1062 2564 1318 2616 eodemque
1347 2564 1592 2604 charitatis
1615 2565 1714 2604 zelo
1744 2571 2019 2615 suggestum

380 2637 755 2677 conscenderunt
776 2636 1000 2688 primates
1022 2635 1209 2675 Patrem
1230 2635 1520 2685 revocaturi;
1543 2635 1744 2685 diligunt
1762 2636 1885 2675 enim
1902 2636 2018 2675 mire

380 2719 500 2758 eum,
526 2719 663 2758 quem
684 2712 790 2759 post
812 2707 996 2747 Pascha
1024 2705 1379 2746 discendentem
1401 2706 1643 2746 lachrimis
1673 2707 2015 2757 prosequeban-

379 2784 469 2829 tur,
499 2780 663 2828 multa,
698 2790 816 2830 quae
846 2789 1054 2818 amorem
1081 2778 1388 2827 testabantur,
1421 2777 1543 2817 dona
1573 2777 1835 2827 offerentes,
1860 2784 1904 2817 et
1925 2778 2015 2818 fru-

378 2856 587 2889 mentum
624 2849 847 2889 fratribus
886 2849 1059 2888 nostris
1093 2847 1328 2888 Gandiam
1369 2859 1417 2888 se
1457 2849 1684 2888 missuros
1724 2849 2012 2899 pollicentes.

377 2920 635 2960 Recusavit
659 2920 798 2960 Pater
820 2926 1005 2970 cuncta,
1029 2920 1168 2970 longe
1189 2919 1313 2959 enim
1340 2920 1386 2959 id
1410 2931 1512 2959 esse
1541 2919 1598 2959 ab
1621 2919 1834 2959 instituto
1864 2918 2013 2960 Socie-

376 2992 486 3031 tatis
508 2991 797 3041 ostendebat,
821 2991 972 3041 gratis
995 3001 1043 3030 se
1065 2991 1177 3030 dare
1207 2990 1366 3030 dicens
1398 2990 1523 3041 quod
1555 3001 1581 3029 a
1610 2990 1890 3030 liberalitate
1922 2990 2011 3030 Do-

378 3063 489 3102 mini
511 3063 661 3114 gratis
679 3068 942 3114 acceperat.
