2168 3437
893 264 978 300 AN.
1009 264 1100 301 1553
1750 265 1821 302 227

261 358 332 399 Ac
354 359 553 399 caeteris
580 359 766 411 quidem
793 372 880 401 nec
909 366 1189 412 argumenta
1217 373 1304 401 nec
1330 361 1679 402 ferventissima
1701 362 1817 402 desi-

179 429 310 469 deria
339 429 556 470 deerant:
588 430 739 482 major
767 432 936 483 quippe
970 443 1080 483 pars
1107 432 1434 473 ardentissime
1461 433 1676 484 petebat,
1706 444 1820 473 non-

178 500 293 540 nulli
313 501 455 541 etiam
476 501 832 542 decurrentibus
853 502 901 542 in
921 508 1097 542 terram
1118 503 1391 555 lachrymis,
1421 510 1470 543 ut
1491 504 1568 543 Vel
1595 504 1654 544 ad
1679 503 1821 545 Indos

179 572 254 611 vel
283 571 343 612 ad
372 571 680 613 Brasilienses
713 573 780 613 ire
811 572 1097 624 juberentur.
1135 573 1226 614 Sed
1255 575 1388 615 aliter
1416 573 1518 615 Deo
1548 575 1703 615 visum
1731 582 1817 626 est,

180 643 376 695 illosque
396 643 515 684 forte
535 645 823 695 temporibus
844 645 1101 696 aptioribus
1119 645 1388 686 destinavit.

257 713 450 765 Recepti
471 721 578 755 sunt
600 727 626 755 a
646 714 873 767 Januario
900 716 947 755 in
980 716 1179 756 fratrum
1208 728 1454 757 numerum
1485 724 1683 769 quatuor
1710 718 1819 758 ado-

177 785 421 836 lescentes,
441 797 602 826 omnes
619 786 823 838 optimae
839 787 1194 838 expectationis:
1209 799 1330 827 unus
1346 788 1639 829 dialecticem
1656 789 1820 830 audire

179 862 413 908 coeperat,
438 857 556 897 alter
578 857 884 909 theologiam,
910 864 1049 910 atque
1070 859 1146 898 hic
1167 859 1281 910 ipse,
1313 871 1419 899 cum
1440 859 1614 900 dudum
1635 860 1817 900 servire

179 926 381 968 Domino
409 928 456 968 in
481 928 571 968 hac
592 928 691 980 ejus
711 928 945 970 Societate
967 929 1278 981 desideraret,
1303 930 1550 970 adlocutus
1576 938 1645 971 est
1665 943 1822 983 quem-

179 999 302 1051 dam,
326 1001 404 1051 qui
425 1012 484 1040 ex
499 1000 672 1040 nostris
693 1001 944 1053 aliquando
960 1001 1127 1052 fuerat,
1151 1002 1463 1054 exigebatque
1481 1003 1538 1042 ab
1556 1015 1609 1043 eo
1627 1015 1822 1043 causam

179 1082 262 1111 cur
298 1082 324 1110 a
351 1071 528 1123 coeptis
559 1071 828 1112 destitisset.
863 1072 942 1113 Ille
972 1073 1265 1113 intolerabile
1298 1084 1401 1113 esse
1432 1074 1684 1125 respondet
1711 1086 1818 1114 cum

179 1141 405 1193 ejusmodi
425 1143 692 1183 hominibus
713 1144 890 1195 Vivere,
916 1144 994 1196 qui
1014 1150 1081 1195 te,
1106 1144 1224 1184 velis
1254 1145 1390 1196 nolis,
1414 1151 1632 1185 sanctum
1653 1157 1819 1185 conen—

180 1219 255 1254 tur
276 1213 473 1254 efficere:
497 1220 545 1254 at
566 1215 855 1264 adolescens,
881 1215 959 1267 qui
986 1215 1032 1256 id
1053 1227 1197 1255 unum
1218 1216 1388 1256 mirum
1409 1216 1456 1256 in
1478 1216 1667 1256 modum
1690 1222 1817 1267 opta-

178 1286 273 1336 bat,
294 1285 508 1336 protinus
529 1285 590 1326 ad
609 1297 696 1326 nos
717 1297 819 1327 sese
841 1286 1050 1327 decrevit
1071 1287 1293 1338 recipere,
1314 1299 1400 1327 nec
1423 1287 1596 1327 diutius
1618 1287 1732 1327 foris
1749 1299 1817 1327 re-

183 1362 396 1397 moratus
417 1362 500 1397 est.

258 1427 389 1468 Haec
409 1427 637 1468 hactenus
657 1427 888 1468 Dominus
909 1440 992 1480 per
1018 1440 1132 1469 suae
1159 1428 1406 1469 Societatis
1434 1429 1674 1470 ministros
1712 1429 1817 1469 effe-

179 1499 255 1549 cit,
292 1498 370 1539 ΗΕ
405 1498 477 1548 Ρ.,
511 1510 660 1551 neque
689 1499 814 1540 aliud
835 1506 1049 1551 superest
1083 1500 1130 1540 in
1162 1501 1430 1552 praesentia
1466 1512 1607 1552 quam
1646 1507 1696 1540 ut
1731 1512 1819 1541 nos

179 1581 340 1610 omnes
374 1569 689 1610 benedictioni
716 1576 825 1610 tuae
854 1582 908 1611 ac
943 1571 1162 1622 precibus
1197 1571 1584 1611 charissimorum
1618 1571 1819 1612 fratrum

179 1647 451 1681 nostrorum
468 1641 863 1682 commendemus.

256 1711 394 1752 Faxit
414 1712 544 1753 Deus
565 1711 672 1763 Opt.
694 1712 820 1753 Max.
841 1720 890 1753 ut
910 1712 1010 1764 ejus
1032 1714 1321 1753 voluntatem
1343 1721 1387 1754 et
1409 1725 1753 1764 cognoscamus
1773 1721 1820 1755 et

182 1795 484 1835 exequamur.
509 1784 677 1825 Amen.

255 1854 327 1894 Ex
343 1854 714 1895 Conimbricensi
737 1854 945 1907 Collegio
966 1856 991 1895 6
1013 1856 1111 1897 Cal.
1136 1856 1246 1909 Maji
1269 1869 1392 1898 anno
1415 1857 1605 1898 Domini
1631 1857 1746 1898 1553.

257 1925 329 1965 Ex
350 1924 504 1966 Patris
524 1925 582 1966 D.
607 1925 779 1966 Leonis
801 1927 997 1978 imperio

1291 2073 1318 2119 †
1346 2070 1544 2111 PETRUS.
1573 2073 1599 2118 ἦ-

259 2280 630 2333 Superscriptz'o:
651 2285 678 2331 †
699 2282 968 2324 Admodum
991 2283 1091 2324 R.d0
1115 2285 1161 2324 in
1185 2284 1373 2325 Christo
1392 2285 1521 2327 Patri

1506 2357 1706 2409 Ignatio.

260 2422 371 2462 Alia
392 2435 555 2464 manu:
581 2424 695 2466 1553.
716 2425 865 2476 Quad.
891 2426 1191 2468 Conimbrica
1214 2427 1265 2468 26
1282 2428 1472 2480 Aprilis.
