2168 3437
342 283 415 320 390
854 282 1081 319 LITTERAE
1106 293 1463 325 QUADRIMEsTREs

427 379 860 430 Superscrzptiom's
878 379 977 419 loco
1005 379 1054 418 in
1084 383 1257 430 quarta
1280 381 1492 431 pagina:
1519 381 1725 421 Litterae
1755 393 1939 422 annuae
1965 381 1973 400 ¹

345 457 540 491 venetae
563 462 723 490 eorum
744 462 863 502 quae
885 451 944 490 ad
965 450 1335 491 aedificationem
1357 457 1586 502 spectant.

426 521 641 561 Venetia.

425 593 488 632 Et
509 592 604 632 alsa
625 604 793 632 manu:
814 592 1017 633 Venetia
1038 593 1109 633 del
1129 594 1204 644 53,
1227 594 1253 633 2
1274 593 1319 634 di
1339 593 1443 634 Um

520 1036 802 1064 Praecedentium
816 1036 955 1069 Joannis
970 1036 1134 1064 Gambari
1149 1036 1344 1064 litterarum
1359 1037 1589 1071 fragmentum
1606 1037 1758 1064 italicum
1773 1037 1796 1063 2.

346 1279 1972 1292 ...........................................................

423 1322 519 1363 Che
540 1335 597 1363 ne
618 1324 770 1363 ancho
791 1323 993 1364 Venetia
1022 1335 1136 1375 pare
1168 1324 1253 1364 che
1282 1324 1351 1364 sia
1378 1335 1460 1375 per
1489 1323 1767 1375 ingannarsi
1799 1322 1855 1362 de
1878 1334 1975 1373 spe-

339 1405 486 1434 ranza
509 1395 593 1434 che
616 1396 686 1435 601
707 1400 862 1447 tempo
883 1407 977 1435 non
998 1395 1046 1435 vi
1067 1395 1106 1435 51
1128 1395 1297 1435 habbia
1320 1407 1346 1435 a
1367 1394 1438 1434 far
1460 1394 1656 1446 qualche
1672 1405 1792 1445 gran
1813 1393 1972 1433 frutto.

338 1464 516 1516 Questa
537 1472 697 1505 nostra
721 1477 948 1517 speranza
971 1466 1259 1507 confirmano
1280 1478 1373 1506 non
1394 1466 1573 1518 poccho
1600 1467 1641 1505 le
1668 1476 1803 1517 prese
1835 1465 1913 1516 gia
1935 1471 1979 1504 et

339 1537 719 1577 incomminciate
754 1537 1002 1589 industrie,
1037 1538 1232 1589 fatiche,
1271 1537 1426 1577 favori
1460 1543 1504 1577 et
1539 1537 1777 1588 diligentie
1812 1548 1895 1588 per
1933 1537 1978 1575 la

341 1610 530 1662 Comp.a
557 1611 601 1651 di
632 1610 747 1651 certi
774 1609 1141 1650 Gentilhuomini
1176 1609 1231 1650 de
1267 1610 1344 1661 piu
1373 1609 1535 1649 nobili:
1570 1615 1614 1649 et
1650 1614 1810 1660 queste
1846 1614 1976 1648 certo

338 1696 482 1724 senza
504 1684 747 1734 richiesta,
772 1693 847 1722 ma
868 1681 1312 1731 volontariamente,
1343 1680 1448 1720 anzi
1469 1692 1609 1720 senza
1639 1686 1800 1720 nostro
1823 1690 1975 1731 saper,

338 1755 690 1804 comminciate‚
715 1755 757 1793 16
778 1761 1096 1804 mantengono
1124 1753 1324 1792 tuttavia
1347 1759 1391 1793 et
1413 1753 1454 1792 16
1475 1763 1783 1802 accrescono,
1813 1755 1872 1791 ne
1899 1763 1976 1802 pa—

339 1827 449 1867 iono
470 1838 554 1878 per
575 1826 791 1865 lasciarle
814 1825 887 1865 sin
911 1824 997 1864 che
1018 1824 1358 1876 pervenghano
1382 1825 1425 1864 al
1447 1835 1532 1864 suo
1554 1824 1749 1864 intento.

421 1897 491 1938 De
509 1897 612 1948 quei
632 1897 677 1936 di
699 1907 809 1936 casa
826 1907 920 1935 non
941 1896 1004 1935 mi
1021 1907 1107 1946 par
1130 1896 1396 1935 necessario
1420 1895 1490 1935 dir
1507 1896 1664 1935 molto.
1687 1893 1738 1935 L'
1760 1894 1972 1934 instituto

344 1969 450 2010 §.¹¹¹0
473 1969 517 2009 di
540 1975 703 2020 questa
725 1967 914 2019 Comp.a
934 1968 980 2008 di
1007 1967 1117 2020 Jesu
1140 1973 1183 2007 et
1205 1967 1250 2007 di
1270 1979 1371 2007 vra.
1398 1966 1446 2006 P.
1470 1966 1523 2007 R.
1545 1978 1631 2018 par
1649 1966 1734 2007 che
1751 1965 1979 2006 sufficien-

342 2047 544 2081 temente
572 2043 771 2092 approvi
803 2040 835 2080 il
860 2040 984 2080 buon
1018 2046 1062 2080 et
1090 2039 1195 2079 fidel
1224 2050 1363 2078 servo
1391 2038 1437 2078 di
1472 2038 1674 2078 Christo.
1708 2037 1981 2089 Imperoche

343 2123 528 2163 sempre
551 2111 643 2151 mai
665 2112 737 2151 sin
759 2112 837 2162 qui
864 2111 926 2151 mi
948 2115 972 2151 6
992 2122 1135 2162 parso
1164 2110 1235 2150 ch‘
1271 2121 1415 2150 overo
1445 2109 1475 2149 11
1502 2110 1688 2149 valente
1720 2109 1901 2148 soldato
1935 2108 1982 2148 di

340 2183 453 2236 Jesu
474 2183 662 2224 Christo
684 2184 727 2223 10
751 2183 998 2223 abandona
1021 2183 1067 2222 in
1086 2182 1229 2222 breve
1251 2180 1279 2219 ⁵.
1303 2181 1391 2221 Del
1415 2186 1537 2221 resto
1556 2213 1562 2231 ,
1588 2187 1631 2220 et
1654 2181 1700 2220 in
1723 2180 1874 2232 questi
1896 2179 1980 2220 che

339 2255 420 2307 qui
441 2255 480 2295 si
500 2255 765 2305 ritrovano,
789 2254 853 2294 mi
870 2265 983 2306 pare
1001 2253 1196 2294 vedervi
1217 2253 1367 2293 chiari
1387 2251 1519 2303 segni
1537 2252 1582 2292 di
1598 2252 1792 2292 volonta
1814 2251 1859 2291 di
1879 2262 1977 2302 per-

342 2338 551 2366 severas.

425 2398 501 2438 Ma
533 2399 638 2450 quel
667 2398 752 2438 che
784 2398 882 2438 solo
917 2398 964 2438 ni
998 2408 1153 2449 veggo
1185 2397 1393 2437 anchora
1431 2403 1607 2446 restar,
1647 2396 1677 2435 il
1711 2399 1982 2435 veramente

345 2475 481 2508 santo
504 2476 547 2509 et
570 2475 766 2521 paterno
796 2481 929 2509 amor
950 2474 994 2509 et
1022 2469 1338 2510 benivolentia
1366 2467 1546 2520 grande
1574 2468 1646 2508 del
1678 2479 1777 2507 nro.
1810 2465 1983 2506 Mons.¹'

347 2540 483 2580 Prior
504 2539 557 2580 R.
583 2540 703 2580 della
725 2540 906 2580 Trinita
926 2551 1066 2580 verso
1088 2540 1167 2580 noi
1195 2540 1548 2591 specialmente,
1580 2545 1624 2579 et
1654 2550 1793 2578 verso
1821 2538 1925 2578 tutti
1953 2539 1984 2578 li

346 2612 511 2662 poveri
533 2617 577 2651 et
600 2612 725 2651 servi
747 2612 793 2651 di
816 2611 1024 2661 Christo,
1050 2611 1189 2651 stimo
1207 2611 1292 2651 che
1312 2623 1338 2651 a
1360 2611 1465 2651 tutti
1482 2611 1702 2650 talmente
1718 2610 1787 2649 sia
1806 2610 1980 2661 paleso,

346 2682 433 2722 che
456 2684 577 2723 altra
604 2683 706 2723 fede
729 2683 786 2723 da
808 2683 887 2723 noi
908 2694 1001 2723 non
1031 2682 1069 2722 si
1092 2695 1149 2722 ne
1178 2681 1406 2733 dimandi;
1438 2686 1496 2722 ne
1525 2682 1761 2734 possiamo
1781 2692 1869 2732 pur
1890 2692 1981 2720 non

403 2854 410 2872 ¹
446 2854 509 2887 Ita;
528 2858 559 2881 et
578 2859 689 2881 tamen
706 2862 824 2881 manus
841 2855 925 2881 adeo
938 2854 1079 2888 antiqua
1096 2858 1195 2881 estut
1211 2854 1319 2888 primo
1336 2858 1369 2881 et
1385 2861 1449 2881 non
1465 2854 1562 2881 nimis
1578 2853 1734 2888 diligenti
1750 2857 1982 2887 accuratoque

347 2902 473 2928 intuitu
489 2902 648 2929 videatur
667 2910 740 2929 esse
757 2902 860 2936 ipsius
877 2902 1053 2929 Cambari.

402 2950 415 2968 ²¹
454 2949 506 2975 Ex
523 2949 723 2983 apographo
739 2950 771 2976 in
787 2949 866 2976 folio
883 2950 990 2981 unico,
1008 2950 1097 2977 n.81).

401 2997 414 3015 ⁵
455 2996 526 3030 Sic;
549 2997 606 3023 sed
630 3004 726 3024 error
742 3001 793 3024 est
810 2997 1019 3024 manifestus.
1041 2996 1175 3024 Excidit
1198 2997 1284 3023 enim
1304 2996 1435 3023 librarii
1457 2997 1589 3023 calamo
1613 2995 1755 3029 primum
1778 2995 1985 3022 dilemmatis

344 3046 552 3072 membrum:
570 3046 595 3071 sl
610 3045 751 3072 valente
766 3045 902 3071 soldato
918 3045 956 3071 cii
968 3044 1055 3079 Jesn
1074 3044 1207 3072 Clzrc'sto
1223 3047 1275 3072 Plu
1293 3051 1424 3072 SEMPRE
1444 3051 1477 3071 lN
1501 3051 1576 3070 Esso
1593 3050 1620 3070 51
1636 3050 1809 3075 AFFERMA,
1826 3049 1937 3071 ovmw
1953 3050 1985 3070 11,

348 3100 451 3119 PmRo
467 3100 484 3118 E
500 3100 654 3119 coumoo
677 3093 699 3118 l'
722 3093 944 3119 abhandona.
