2168 3437
400 270 466 307 146
909 271 1138 308 LITTERAE
1165 282 1523 314 QUADRIMESTRES

392 368 601 419 fitentur3
642 380 668 408 a
709 369 907 420 prandio
943 380 1058 409 vero
1097 374 1324 420 quotquot
1362 375 1489 420 sunt,
1531 369 1632 409 sive
1671 370 1887 423 studiosi,
1931 372 2035 412 sive

393 440 542 491 servi,
579 441 798 491 ancillae,
834 440 1106 480 scholastici
1139 447 1279 491 atque
1314 440 1446 492 pueri
1479 440 1540 480 ad
1575 440 1917 483 confessionem
1954 456 2032 483 ve-

393 511 546 561 niunt,
584 510 747 551 eodem
782 511 921 551 modo
952 511 1168 551 omnibus
1202 510 1447 551 dominicis
1487 517 1531 551 et
1564 511 1747 552 festivis
1782 513 1944 553 diebus
1982 514 2031 553 in

394 582 644 622 audiendis
682 581 1060 632 confessionibus
1097 582 1424 633 progreditur:
1466 581 1556 622 hoc
1594 583 1716 623 enim
1757 584 2030 635 quotidiano

372 643 374 646 ¹
393 653 662 705 spectaculo
683 659 867 693 tantum
888 653 1128 693 hominum
1145 653 1288 693 animi
1309 659 1682 704 commoventur,
1706 655 1830 706 quod
1847 667 1941 695 non
1958 667 2035 695 so·

393 725 488 764 lum
522 724 893 764 ecclesiasticum
927 735 1009 764 seu
1044 724 1317 775 religiosum
1344 724 1427 763 sed
1460 725 1543 764 vix
1575 731 1782 765 sutorem
1818 726 2029 766 invenire

394 802 483 846 est,
507 796 585 848 qui
605 808 698 836 non
719 808 803 848 pro
825 796 1004 836 nefario
1032 797 1226 836 haberet
1253 797 1429 836 scelere
1458 797 1497 836 si
1526 809 1634 847 non,
1659 796 1842 837 festivis
1874 810 1929 838 ac
1953 797 2028 838 do-

392 867 575 908 minicis
596 867 771 918 diebus,
796 868 1077 919 vespertinis
1103 868 1339 919 precibus,
1371 868 1695 919 concionibus,
1727 881 1813 908 nec
1842 869 2030 920 saepius

394 938 546 979 officio
567 938 738 978 missae
759 938 1046 978 interfuisset
1069 945 1148 979 aut
1171 951 1197 978 a
1220 944 1419 990 quatuor
1450 950 1531 979 seu
1559 939 1761 991 quinque
1790 940 2030 981 mensibus

393 1009 636 1050 confessus
657 1021 752 1049 non
773 1015 920 1060 esset,
949 1010 1327 1061 quandoquidem
1355 1009 1402 1049 in
1429 1021 1680 1050 numerosa
1711 1011 1800 1050 hac
1829 1011 2030 1051 multitu-

392 1081 497 1121 dine
519 1081 601 1121 vix
620 1081 890 1132 trigesimus
918 1087 998 1121 aut
1024 1080 1076 1120 40
1103 1093 1129 1121 a
1159 1080 1388 1121 Paschate
1418 1093 1511 1121 non
1543 1081 1785 1122 confessus
1817 1089 2031 1134 repertus

391 1158 475 1192 est.
498 1152 626 1192 Idem
648 1158 692 1192 et
719 1152 806 1192 sibi
834 1152 1088 1201 contigisse
1116 1158 1278 1203 pastor
1305 1158 1519 1192 testatur.
1557 1152 1625 1193 Sit
1656 1153 1723 1193 illi
1751 1153 1854 1194 laus
1883 1166 1910 1194 a
1939 1166 2030 1205 quo

393 1223 550 1263 omnia
572 1223 871 1274 proveniunt.

470 1295 553 1335 Est
574 1294 649 1334 hic
671 1294 861 1346 quidam
882 1294 1201 1344 concionator,
1236 1294 1308 1334 vir
1330 1295 1551 1345 insignis,
1582 1295 1775 1335 maioris
1803 1296 2034 1336 ecclesiae

391 1365 667 1416 canonicus,
690 1365 956 1416 theologiae
978 1365 1171 1413 Doctor,
1195 1365 1260 1404 M.
1285 1365 1534 1405 Adrianus
1556 1377 1584 1405 a
1611 1366 2032 1417 Brouersclzczuew,

389 1447 598 1476 summus
618 1441 808 1476 nostrae
830 1435 1077 1476 Societatis
1099 1435 1316 1476 defensor
1337 1442 1382 1476 et
1408 1436 1802 1478 familiarissimus
1827 1438 2025 1489 amicus,

389 1508 466 1560 qui
495 1514 593 1548 tum
614 1519 698 1548 sua
720 1508 1001 1548 auctoritate
1024 1506 1297 1559 divinoque,
1323 1519 1414 1558 quo
1436 1508 1598 1559 pollet,
1628 1508 1804 1559 ingenii
1834 1508 2020 1560 iudicio,

389 1591 590 1631 raraque
611 1579 896 1631 eloquentia,
925 1585 1024 1618 tum
1044 1579 1268 1618 novitatis
1293 1580 1301 1595 ²
1325 1580 1439 1629 zelo,
1464 1591 1554 1630 quo
1576 1579 1688 1619 nulli
1710 1592 1905 1631 parcere
1930 1592 2024 1620 cer-

388 1651 528 1702 nitur,
567 1650 701 1702 quasi
735 1650 1015 1690 catervatim
1040 1650 1263 1701 populum
1292 1655 1398 1701 post
1426 1662 1474 1690 se
1501 1651 1665 1699 trahit3
1698 1651 1774 1691 hic
1805 1650 2026 1703 (inquam)

389 1722 564 1773 omnia,
604 1733 722 1773 quae
758 1734 785 1761 a
820 1721 953 1761 nobis
987 1722 1034 1761 in
1070 1721 1364 1761 confessione
1399 1721 1665 1761 hominibus
1699 1723 1896 1773 proponi
1924 1735 2025 1774 pos-

388 1799 516 1843 sunt,
541 1793 717 1833 maiore
740 1793 883 1832 multo
905 1792 1071 1843 vigore
1094 1792 1391 1832 observanda
1413 1792 1469 1832 de
1490 1799 1717 1843 suggestu
1748 1794 2025 1844 proclamat,

389 1864 694 1915 adductisque
729 1864 957 1904 ecclesiae
991 1862 1254 1903 Doctorum
1288 1864 1669 1915 auctoritatibus,
1705 1865 1869 1916 quibus
1904 1871 2029 1905 totus

387 1936 632 1987 incumbit,
657 1936 717 1976 ad
743 1936 942 1976 salutem
972 1935 1241 1975 necessaria
1271 1947 1375 1975 esse
1403 1935 1667 1987 confirmat,
1699 1936 1816 1976 adeo
1844 1936 2034 1988 quidem

386 2007 546 2058 rigide
566 2020 649 2059 per
671 2007 1033 2057 confessionem,
1057 2006 1348 2058 frequentem
1370 2007 1765 2058 communionem,
1789 2009 1925 2048 luxus
1954 2008 2026 2048 de-

386 2079 687 2130 positionem,
726 2090 781 2118 ac
816 2077 1037 2130 superflui
1072 2078 1119 2117 in
1152 2089 1384 2129 pauperes
1419 2078 1769 2129 elargitionem,
1806 2080 2031 2131 populum.

387 2150 563 2190 inducit
603 2149 663 2190 ad
708 2155 891 2189 arctam
928 2149 1055 2188 viam
1095 2149 1434 2200 arripiendam,
1483 2149 1628 2200 quod,
1673 2155 1861 2200 praeter
1907 2161 2025 2200 eam,

387 2221 736 2262 damnationem
759 2219 967 2260 evitandi
988 2220 1141 2260 nullus
1164 2225 1307 2259 restet
1329 2219 1514 2269 modus,
1547 2226 1591 2259 et
1619 2221 1726 2272 quia
1749 2221 1877 2261 circa
1903 2233 2025 2261 eam-

387 2293 492 2333 dem
529 2303 774 2332 versamur
813 2291 1060 2331 materiam
1099 2290 1407 2342 eumdemque
1453 2302 1648 2342 scopum
1687 2298 1928 2341 tenemus,
1970 2293 2030 2333 ad

387 2364 614 2404 maiorem
652 2362 989 2403 infirmantium
1028 2361 1421 2401 confortationem
1461 2362 1581 2402 inter
1620 2374 1706 2402 nos
1745 2370 2030 2404 conventum

387 2442 456 2476 est
490 2440 540 2475 ut
575 2446 651 2485 ea,
686 2445 804 2485 quae
838 2445 925 2473 nos
953 2433 999 2472 in
1027 2433 1210 2472 silentio
1238 2438 1282 2472 et
1311 2445 1423 2473 aure
1459 2433 1718 2484 hortamur,
1756 2434 1854 2486 ipse
1890 2447 2031 2486 super

387 2512 510 2547 tecta
531 2506 786 2558 praedicet,
814 2504 980 2556 quibus
1001 2516 1095 2544 non
1116 2516 1284 2555 parum
1306 2510 1349 2544 et
1372 2505 1515 2545 animi
1543 2505 1861 2546 confitentium
1888 2507 2027 2546 stabi-

387 2579 562 2618 liuntur
598 2583 643 2618 et
677 2577 966 2617 aemulorum
1002 2587 1084 2615 ora
1115 2576 1435 2627 obstruuntur,
1473 2576 1551 2627 qui
1582 2577 1701 2617 inter
1733 2583 1933 2625 caetera,
1969 2578 2028 2618 ad

389 2649 687 2689 avocandum
717 2661 743 2688 a
776 2647 912 2688 nobis
945 2647 1188 2686 hominum
1220 2646 1432 2698 affectus,
1457 2655 1501 2688 et
1528 2648 1617 2688 hoc
1644 2648 1899 2689 machinati
1922 2655 2028 2689 sunt

388 2733 437 2761 se
472 2720 610 2761 valde
645 2720 857 2760 dubitare
894 2730 954 2758 an
987 2718 1122 2758 nobis
1158 2717 1361 2758 confessi
1395 2719 1597 2759 absoluti
1629 2719 1903 2770 habeantur,
1944 2732 2029 2760 nec

388 2792 482 2831 ulla
512 2803 562 2830 re
589 2796 720 2830 tanto
751 2802 800 2830 se
830 2790 948 2829 velle
975 2800 1211 2840 exponere
1239 2790 1446 2840 periculo
1476 2790 1632 2830 dicere
1664 2802 1758 2830 non
1787 2798 2025 2841 verentur,

389 2874 442 2901 eo
481 2861 603 2912 quod
636 2860 857 2912 Episcopi
892 2859 1223 2899 admissionem
1257 2872 1350 2900 non
1385 2861 1664 2912 habeamus,
1703 2861 1868 2912 quibus
1903 2868 2030 2902 certe

442 2997 451 3017 ¹
494 2996 547 3023 Sic
564 2996 740 3030 perspicue
759 2996 948 3027 ArnoIdus,
965 2999 1000 3022 at
1017 2995 1103 3022 forte
1121 3003 1213 3022 mens
1230 2996 1277 3023 illi
1295 2998 1536 3024 e1·atscr1bere
1554 2997 1723 3024 veritatis
1734 3001 1793 3025 aut
1809 2997 1887 3032 quid
1904 2998 2026 3025 simile.

388 3044 428 3071 Ni
442 3045 550 3070 verba
567 3044 652 3070 haee
669 3044 840 3069 novitatis
856 3042 931 3069 zelo
946 3043 994 3069 ita
1011 3043 1203 3076 intelligere
1229 3044 1370 3070 velimus
1390 3044 1484 3078 quasi
1502 3043 1631 3072 diceret
1647 3045 1738 3077 zelo,
1756 3052 1820 3078 quo
1837 3046 1873 3072 in
1890 3047 2028 3072 novita-

392 3094 445 3118 tes
462 3090 708 3118 invehebatur.
