2168 3437
327 276 402 313 288
856 275 1081 311 LITTERAE
1108 285 1464 317 QUADRIMESTRES

331 383 570 423 nunquam
592 372 887 421 persolvens,
921 370 1108 410 iuvenili
1140 370 1390 410 insolentia
1421 382 1476 410 ac
1504 372 1655 412 otiosa
1683 372 1972 424 negligentia

332 442 548 492 celebris,
572 441 724 481 Patris
745 442 896 481 nostri
924 441 1118 481 consilio
1147 446 1192 481 et
1220 441 1433 492 arbitrio,
1470 442 1515 481 in
1546 442 1648 493 ipsa
1678 443 1972 484 confessione

332 513 494 552 salutis
515 518 768 564 praecepta
790 512 1005 562 edoctUS,
1029 523 1140 552 mox
1168 512 1215 551 in
1246 513 1445 552 alterum
1470 512 1706 553 hominem
1736 520 1968 565 permuta-

330 590 405 623 tus
425 590 509 634 est,
534 595 641 623 cum
661 583 980 634 praeceptoris
1002 583 1074 623 sui
1096 582 1419 634 admiratione,
1445 583 1523 635 qui
1545 584 1669 635 apud
1689 584 1879 624 Patrem
1900 597 1968 625 re-

330 654 570 706 pentinam
591 654 903 694 adolescentis
924 654 1297 703 conversionem,
1322 665 1431 694 raro
1454 653 1706 694 admodum
1735 656 1966 707 exemplo,

330 725 467 765 hilari
489 726 644 765 animo
665 725 844 765 extulit.
868 725 1008 776 Nam,
1039 731 1370 776 praeterquam
1392 725 1515 777 quod
1537 725 1743 766 officium·
1759 727 1970 767 divinum

331 797 504 847 absque
542 797 635 836 ulla
669 796 1014 836 intermissione
1048 795 1249 836 Domino
1281 796 1476 836 reddere
1511 797 1687 847 coepit,
1722 804 1969 848 corruptos

330 880 484 909 mores
506 880 611 908 cum
633 868 758 908 vitae.
779 868 1012 920 probitate
1034 868 1365 918 commutavit,
1389 867 1688 919 animumque
1709 868 1769 908 ad
1799 869 1972 908 serium

328 940 571 979 literarum
593 939 812 990 studium,
838 939 1072 979 concitato
1096 950 1234 978 cursu
1257 944 1512 990 arreptum,
1537 939 1594 978 ab
1617 939 1710 978 otio
1733 941 1966 980 evocavit.

331 1010 584 1061 Speramus
606 1011 665 1050 ad
686 1010 1013 1061 perfectiorem
1034 1016 1078 1050 et
1099 1009 1405 1049 maturiorem
1425 1009 1610 1060 frugem
1631 1010 1754 1049 hunc
1785 1011 1877 1050 levi
1908 1012 1972 1050 la-

330 1082 442 1122 bore
463 1082 795 1132 excolendum,
829 1081 917 1121 hoc
947 1081 1240 1132 potissimum
1272 1086 1550 1131 argumento
1580 1081 1814 1132 persuasi,
1849 1082 1973 1133 quod

331 1165 519 1193 sacram
539 1153 803 1205 frequentet
820 1153 1177 1203 confessionem,
1196 1152 1453 1192 maximam
1470 1152 1529 1191 ad
1548 1152 1850 1203 perfectionis
1880 1158 1971 1193 stu-

333 1225 459 1264 dium
473 1225 570 1264 vim
586 1231 932 1276 suggerentem.
955 1223 1184 1276 Optamus
1200 1223 1570 1275 quamplurimos
1588 1224 1813 1273 novellos,
1833 1224 1970 1264 huius

330 1296 521 1346 indolis,
546 1296 720 1336 Christi
742 1296 957 1346 athletas,
981 1295 1115 1336 nobis
1137 1294 1467 1335 exercitandos
1490 1294 1548 1334 ad
1570 1293 1867 1336 Christianae
1889 1295 1968 1335 mi-

331 1368 458 1407 litiae
480 1373 837 1418 stratagemata,
863 1366 1196 1406 commendari.

412 1438 576 1479 Altera
597 1445 813 1478 matrona
836 1444 905 1478 est
926 1439 1158 1478 honorata
1182 1449 1236 1477 ac
1261 1438 1408 1489 dives,
1430 1450 1563 1490 quae,
1588 1439 1724 1479 vafra
1749 1444 1887 1490 atque
1908 1438 1972 1478 fu-

332 1516 466 1550 nesta
488 1510 637 1550 hostis
664 1510 788 1549 illius
810 1509 1085 1550 astutissimi
1113 1515 1212 1549 arte
1240 1508 1486 1560 fascinata,
1507 1510 1554 1550 in
1575 1515 1672 1550 tam
1692 1509 1974 1562 profundam

331 1581 765 1633 pusillanimitatem
788 1581 1106 1632 desperationi
1132 1581 1397 1632 proximam
1421 1581 1612 1632 delapsa
1633 1587 1725 1631 est,
1754 1587 1804 1621 ut
1826 1586 1974 1620 extre-

332 1665 410 1692 ma
432 1652 694 1704 praesentis
729 1658 772 1692 et
802 1652 946 1692 futuri
967 1652 1143 1692 saeculi
1171 1651 1425 1703 supplicia,
1454 1652 1764 1692 tentationum
1785 1652 1974 1692 diaboli—

332 1735 498 1764 carum
518 1724 823 1774 suggestione
847 1729 1095 1773 commota,
1119 1734 1215 1762 non
1237 1723 1374 1762 modo
1396 1723 1483 1763 sibi
1504 1723 1665 1762 servili
1691 1729 1817 1763 metu
1845 1723 1973 1763 tirne-

335 1801 420 1846 ret,
439 1807 604 1835 verum
621 1795 761 1835 etiam
776 1794 1096 1846 persuaderet,
1116 1806 1262 1846 usque
1284 1794 1401 1834 adeo
1423 1800 1473 1834 ut
1494 1795 1616 1845 patri
1633 1794 1885 1834 affirmaret
1906 1805 1970 1844 se,

335 1878 363 1906 a
384 1866 485 1906 Deo
513 1867 827 1918 reprobatam,
859 1871 1112 1917 perpetuae
1142 1865 1433 1905 damnationi
1462 1866 1743 1905 destinatam
1775 1877 1892 1916 esse,
1918 1877 1973 1905 ac

335 1938 512 1988 pariter
532 1937 655 1988 ignis
677 1937 904 1988 supplicio
930 1936 1037 1985 (Res
1058 1937 1177 1976 mira
1199 1942 1243 1976 et
1264 1936 1490 1986 inaudita)
1511 1936 1697 1987 publico
1719 1936 1884 1976 iudicis
1903 1948 1973 1976 ar-

335 2009 471 2049 bitrio
494 2008 915 2058 condemnandam,
948 2019 997 2047 se
1028 2008 1174 2047 vitam
1203 2019 1308 2047 cum
1334 2013 1483 2047 morte
1510 2007 1824 2058 ignominiosa
1852 2019 1971 2047 com-

335 2086 636 2129 mutaturam,
670 2080 937 2130 malumque
959 2079 1171 2130 corporis
1193 2079 1554 2126 atrocissimum,
1579 2090 1665 2118 ceu
1680 2078 1974 2130 praeludium

337 2151 594 2203 quoddam,
633 2162 864 2190 summam
903 2150 1071 2189 inferni
1105 2150 1341 2189 miseriam
1376 2150 1754 2197 subsecuturam,
1791 2150 1975 2201 praeire

336 2228 567 2273 oportere.
594 2221 772 2272 Quibus
800 2221 1183 2273 phantasmatum
1208 2220 1399 2260 vesanis
1422 2220 1670 2260 tormentis
1693 2231 1748 2260 eo
1780 2220 1975 2270 periculi

336 2293 540 2333 adducta
562 2298 645 2343 est,
665 2298 714 2332 ut
734 2292 860 2331 vitae
882 2291 1053 2341 taedio,
1077 2302 1183 2330 cum
1200 2290 1403 2341 quadam
1419 2290 1606 2331 divinae
1623 2290 1974 2331 misericordiae

338 2364 591 2404 diffidentia
621 2364 815 2414 sociato,
851 2363 1076 2412 cruciata,
1102 2362 1249 2401 vitam
1269 2362 1535 2412 suspendio,
1560 2362 1698 2402 finem
1725 2368 1820 2402 tam
1848 2373 1974 2402 acer-

338 2436 426 2475 bae
447 2435 714 2474 afflictionis
736 2434 985 2485 captando,
1016 2432 1167 2481 finire,
1192 2439 1473 2484 praeparato
1496 2434 1678 2484 laqueo,
1704 2433 1762 2472 ad
1787 2438 1883 2472 tam
1908 2432 1971 2472 fu—

337 2513 521 2546 nestam
541 2506 685 2545 animi
707 2505 1011 2556 corporisque
1032 2511 1252 2554 mortem,
1276 2515 1367 2554 quo
1390 2516 1439 2544 se
1460 2503 1726 2554 suffocaret,
1746 2505 1888 2544 semel
1910 2511 1972 2544 at-

337 2588 427 2629 que
450 2578 618 2617 iterum
639 2575 923 2626 decreverit;
942 2575 1230 2626 frequentius
1251 2586 1366 2615 Vero
1395 2575 1442 2615 in
1463 2581 1653 2626 puteum
1682 2581 1762 2615 aut
1782 2574 1973 2615 fiuvium

336 2660 387 2688 se
409 2648 801 2698 submergendam
823 2646 1127 2698 praecipitem
1151 2646 1283 2696 dare,
1309 2646 1512 2686 fluminis
1539 2646 1775 2697 gurgitem
1796 2647 1972 2698 absque

338 2731 419 2770 spe
463 2719 694 2759 evadendi
738 2718 936 2770 periculi
975 2717 1241 2767 eligendum
1284 2717 1637 2768 investigando,
1679 2717 1971 2757 deliberavit.

336 2790 504 2830 Utrum
534 2790 608 2829 hic
638 2790 791 2840 magis
819 2789 1022 2829 admirer
1058 2787 1260 2838 ambigO,
1290 2799 1351 2827 an
1376 2793 1585 2827 atrocem
1616 2787 1741 2827 illam
1771 2787 1973 2827 Satanae

337 2872 452 2911 erga
475 2861 710 2900 oviculam
731 2860 906 2900 Christi
935 2858 1279 2908 crudelitatem,
1310 2870 1371 2898 an
1402 2870 1460 2898 ex
1488 2858 1688 2898 adverso
1717 2858 1971 2898 humanam

339 2932 568 2971 adversus
594 2931 844 2971 truculenti
872 2930 1020 2969 hostis
1050 2929 1247 2968 insultus
1282 2928 1662 2980 imbecillitatem,
1695 2929 1972 2980 praesertim

337 3001 525 3053 quando
547 3008 762 3041 matrona
786 3001 992 3041 extiterit
1014 3000 1210 3039 honesta
1240 3011 1294 3039 ac
1316 2999 1413 3050 pia,
1444 2999 1532 3039 Dei
1562 2999 1729 3040 timore
1759 3011 1815 3039 ac
1846 3000 1972 3040 vitae

339 3073 570 3124 probitate
594 3073 816 3123 insignis,
840 3084 925 3112 nec
948 3070 1075 3110 Patri
1106 3071 1246 3110 aliam
1267 3075 1363 3109 tam
1386 3070 1618 3110 infaustae
1635 3070 1691 3110 de
1712 3081 1762 3110 se
1784 3081 1970 3121 persua-
