2168 3437
327 232 398 270 680
846 228 1076 266 LITTERAE
1103 237 1464 271 QUADRIMESTRES

997 680 1299 736 GOXGHI

398 895 446 932 Ρ.
466 892 730 932 Leonardus
750 892 931 939 Kessel,

449 959 571 997 Patri
589 959 760 1006 Ignatio
779 958 832 995 de
851 958 1038 1005 Loyola.

495 1023 691 1070 Colonia,
716 1024 760 1060 15
781 1023 884 1071 Maji
906 1024 997 1060 1554
1016 1024 1041 1060 ¹.

1133 1230 1154 1264 ἦ.

1106 1266 1205 1308 IHS

413 1465 580 1506 Gratia
602 1472 646 1506 et
668 1478 765 1518 pax
784 1465 859 1506 X.i
886 1465 995 1506 Dni.
1021 1465 1079 1505 sit
1100 1476 1209 1505 cum
1231 1464 1447 1504 omnibus
1469 1464 1621 1504 nobis.
1646 1462 1814 1503 Amen.

411 1536 512 1577 R.de
538 1538 586 1577 in
602 1537 683 1578 X.0
706 1537 781 1583 P.¹·
799 1536 1086 1577 Conabirnur
1106 1535 1188 1575 ΡΜ
1211 1535 1317 1576 Vssoe
1333 1535 1540 1575 scribere
1557 1546 1677 1586 quae
1696 1534 1848 1574 Dnus.
1872 1533 1977 1586 Opt.

331 1608 459 1649 Max.
488 1609 577 1649 hoc
605 1608 940 1661 quadrimestri
967 1607 1191 1648 Coloniae
1227 1607 1415 1658 operari
1441 1606 1662 1657 dignatus
1697 1611 1767 1646 est
1797 1617 1880 1658 per
1897 1617 1981 1646 sua

333 1681 660 1731 instrumenta,
684 1681 793 1720 licet
814 1680 928 1720 vilia
950 1679 1217 1729 admodum,
1253 1679 1312 1718 ad
1339 1678 1526 1718 laudem
1554 1683 1599 1718 et
1630 1678 1833 1729 gloriam
1859 1677 1979 1717 nois.

334 1751 419 1791 X.i
439 1784 446 1802 ,
466 1758 516 1792 ut
538 1751 770 1792 desiderio
798 1763 852 1791 ac
875 1751 1096 1791 charitati
1116 1749 1217 1791 Pstis
1243 1750 1349 1790 νέω
1370 1749 1684 1800 Fratrumque
1709 1749 1848 1788 oium.
1875 1748 1979 1789 cha—

333 1824 628 1864 rissimorum
641 1824 797 1875 aliqua
813 1835 872 1863 ex
883 1828 1017 1875 parte
1030 1823 1194 1863 saltem
1208 1821 1483 1862 satisfacere
1501 1821 1787 1869 studeamus,
1802 1831 1979 1860 eorum-

336 1907 425 1947 que
452 1895 671 1947 precibus
702 1894 849 1935 adiuti
877 1906 933 1934 ac
960 1894 1049 1946 piis
1079 1893 1327 1934 desideriis
1355 1893 1438 1933 X.0
1468 1892 1590 1932 Dno.
1618 1892 1853 1943 gratiores
1879 1903 1981 1932 esse

334 1967 570 2019 possimus
597 1967 794 2018 plusque
827 1965 1009 2006 fructus
1037 1966 1083 2005 in
1119 1965 1217 2005 dies
1247 1965 1295 2005 in
1327 1965 1550 2005 horreum
1584 1962 1661 2004 X.¹‘
1692 1962 1876 2003 adferre
1902 1975 1980 2002 va-

339 2040 532 2079 leamus.

415 2110 467 2151 In
496 2110 662 2162 primis
697 2109 856 2161 itaque
886 2108 1057 2150 dicturi
1088 2119 1250 2148 sumus
1281 2108 1338 2148 de
1373 2107 1712 2148 coloniensium
1746 2118 1860 2158 erga
1894 2117 1981 2146 nos

339 2181 683 2222 benevolentia.
709 2179 942 2230 Secundo,
978 2180 1034 2220 de
1054 2180 1211 2220 fructu
1233 2186 1277 2219 et
1298 2190 1493 2219 numero
1515 2190 1691 2229 eorum,
1724 2178 1803 2230 qui
1829 2189 1880 2218 se
1901 2176 1982 2218 So-

337 2252 495 2293 cietati
515 2251 757 2303 dederunt,
790 2263 990 2303 quorum
1010 2257 1122 2291 vota
1149 2251 1210 2291 ad
1237 2250 1362 2290 ptem
1382 2250 1505 2291 V.a¹1¹
1527 2250 1768 2290 mittimus.
1800 2249 1976 2299 Tertio,

336 2324 505 2365 dicturi
526 2334 686 2364 sumus
707 2323 764 2364 de
785 2323 918 2363 nobis
939 2323 1067 2374 ipsis.

414 2395 477 2436 Ut
501 2395 561 2436 ad
582 2395 787 2447 primum
808 2405 922 2445 ergo
944 2395 1207 2444 veniamus,
1241 2394 1582 2434 coloniensium
1610 2398 1740 2433 tanta
1768 2397 1837 2432 est
1865 2402 1978 2443 erga

335 2478 423 2507 nos
444 2467 667 2517 charitas,
698 2466 761 2507 ita
790 2472 840 2506 ut
873 2466 1074 2506 antehac
1102 2477 1347 2518 nunquam
1377 2465 1606 2505 maiorem
1635 2464 1817 2516 experti
1844 2462 1978 2503 fueri-

334 2549 460 2589 mus;
484 2549 629 2590 quare
652 2538 794 2578 etiam
815 2537 968 2578 maior
991 2537 1180 2588 effulget
1200 2536 1336 2577 nobis
1362 2548 1471 2588 spes
1500 2535 1685 2587 collegii
1714 2534 1977 2576 Societatis.

338 2610 531 2650 Plurimi
551 2609 796 2661 utriusque
817 2620 962 2649 sexus
982 2614 1027 2649 et
1048 2621 1107 2649 ex
1128 2608 1448 2660 superioribus
1470 2613 1592 2659 sunt,
1615 2607 1693 2659 qui
1715 2606 1840 2646 aliud
1867 2605 1982 2646 nihil

337 2681 619 2731 desiderant,
643 2692 785 2732 quam
801 2680 877 2720 hic
893 2680 1053 2720 videre
1071 2679 1321 2721 Societatis
1338 2679 1600 2730 collegium,
1620 2684 1671 2718 ut
1691 2677 1803 2717 illud
1822 2687 1977 2717 neces—

338 2753 475 2793 sariis
497 2763 667 2792 ornare
688 2751 886 2803 possint.
910 2751 1007 2792 Nec
1028 2751 1119 2791 hoc
1140 2752 1291 2791 solum
1312 2750 1534 2791 Coloniae
1564 2749 1872 2798 desideratur,
1897 2747 1979 2787 sed

338 2825 384 2863 in
406 2824 509 2863 aliis
533 2823 714 2863 duabus
735 2823 1004 2863 civitatibus
1026 2822 1040 2841 ²
1062 2823 1200 2862 huius
1229 2822 1460 2862 dioecesis
1487 2821 1581 2860 iarn
1608 2819 1801 2861 offertur
1830 2819 1976 2868 locus;

395 2961 401 2978 ¹
443 2961 709 2995 Autographae‚
731 2965 823 2987 totae
838 2967 941 2987 manu
956 2960 1071 2987 Patris
1086 2959 1257 2987 Leonardi
1274 2959 1409 2992 Kessel,
1426 2959 1459 2986 in
1475 2959 1554 2986 folio
1569 2957 1712 2992 duplici,
1728 2964 1781 2983 nn.
1797 2955 1850 2983 232
1864 2959 1897 2982 et
1912 2955 1975 2982 233.

395 3008 408 3026 ”2
444 3007 694 3042 Noviomagum
717 3012 850 3035 tantum
873 3008 1056 3035 meminere
1079 3007 1256 3035 PoLANcus
1277 3007 1310 3034 in
1333 3006 1518 3037 Chronico,
1542 3009 1566 3033 t.
1588 3013 1641 3039 iv,
1666 3008 1699 3031 et
1724 3003 1976 3034 Rssmpmsssnc..

344 3055 503 3082 Historia
521 3055 708 3082 Societatis
723 3055 769 3082 ad
786 3055 949 3082 Rhenum
968 3055 1191 3090 inferiorem,
1206 3055 1263 3082 lib.
1280 3061 1323 3088 11,
1340 3061 1414 3088 cap.
1431 3061 1504 3081 v111.
