2168 3437
914 241 997 278 ΑΝ.
1029 241 1120 279 1554
1769 243 1838 280 077

203 338 279 376 vel
300 348 384 377 sex
406 337 505 377 dies
527 337 733 388 conficit;
756 349 901 389 usque
923 350 977 378 eo
1000 338 1123 390 apud
1152 351 1313 380 omnes
1341 341 1580 391 gratiosus
1607 346 1693 389 est,
1719 340 1836 380 adeo

200 407 458 448 redimendi
479 409 693 459 captivos
715 409 925 461 cupidus,
958 415 1008 449 ut
1038 410 1171 450 brevi
1195 411 1426 462 grandem
1451 411 1701 463 pecuniam
1729 423 1838 452 con-

201 479 379 519 fecerit.
403 478 597 531 Verum,
621 491 727 520 cum
747 480 842 520 iam
862 486 985 520 esset
1006 480 1260 531 redituruS,
1291 482 1557 522 nuntiatum
1578 488 1647 522 est
1678 493 1838 534 regem

204 561 363 590 secum
386 550 433 589 in
449 550 653 601 patriam
669 551 920 592 abduxisse
943 552 1180 603 captivos;
1201 553 1258 592 ob
1280 564 1421 604 quam
1443 564 1635 593 causam
1656 565 1751 593 non
1768 560 1838 594 est

200 620 452 671 profectus.
483 621 567 661 Est
600 633 724 661 nunc
760 622 884 673 apud
919 634 1005 662 nos
1039 634 1264 673 magnum
1297 624 1524 664 virtutum
1553 626 1833 676 exemplum,

200 692 402 732 maxime
419 691 727 744 obedientiae.
749 692 840 733 Ubi
856 694 1000 744 venit,
1022 694 1183 734 statim
1200 695 1361 735 didicit
1377 696 1565 746 regulas
1591 695 1615 743 ¹3
1637 707 1836 748 cumque

203 768 325 803 esset
346 763 550 814 negotiis
577 763 955 813 distentissimus‚
988 777 1046 805 ne
1068 765 1114 804 in
1145 766 1337 806 minima
1364 766 1550 817 quidem
1577 778 1626 806 re
1655 767 1726 807 sui
1749 767 1835 807 dis-

201 834 365 874 similis
386 834 647 874 videbatur.
672 834 863 886 Quoties
893 836 1003 887 quid
1026 842 1127 876 erat
1158 842 1363 886 acturus,
1397 837 1533 877 toties
1561 837 1834 878 facultatem

203 906 406 957 petebat3
434 912 502 945 est
525 906 830 957 humillimus;
855 907 913 946 ad
934 919 1186 957 summam,
1211 919 1268 947 ne
1290 919 1429 958 agam
1452 909 1507 948 de
1529 909 1740 960 singulis,
1765 918 1834 949 est

201 977 416 1016 omnibus
438 977 665 1017 virtutum
685 978 893 1017 numeris
921 978 1178 1018 absolutus.
1202 979 1409 1019 Laborat
1439 980 1705 1031 plurimum,
1742 987 1831 1020 stu-

201 1048 276 1087 det
298 1047 439 1087 etiam
461 1048 710 1099 nonnullis,
735 1060 854 1100 quae
873 1049 981 1088 olim
1006 1049 1199 1089 audivit.
1225 1048 1520 1090 Conveniunt
1543 1062 1649 1091 eum
1671 1062 1828 1102 quam-

199 1119 404 1170 plurim13
428 1119 505 1159 alii
527 1131 631 1159 eum
653 1126 824 1170 rogant
845 1132 904 1160 an
926 1121 1115 1159 valeant
1136 1120 1328 1171 captivi,
1354 1121 1432 1160 alii
1454 1122 1621 1172 quibus
1643 1122 1831 1162 rationi-

201 1190 286 1229 bus
308 1190 600 1230 commodius
621 1190 925 1240 redimantur,
952 1197 1111 1242 septus
1138 1202 1472 1242 nonnunquam
1498 1192 1740 1233 hominum
1761 1205 1832 1233 co-

199 1272 331 1301 rona.
363 1260 672 1301 Hebdomada
694 1268 858 1301 sancta
881 1268 1110 1301 venerunt
1138 1262 1227 1301 huc
1250 1262 1442 1312 triginta
1474 1263 1664 1314 captivi,
1694 1265 1831 1315 pleri—

200 1344 288 1382 que
309 1332 442 1383 pueri
463 1343 519 1371 ac
539 1332 786 1382 foeminae,
810 1344 927 1384 quos
949 1333 1047 1384 ipse
1068 1333 1347 1383 redemerat,
1375 1334 1421 1374 id
1443 1335 1566 1385 quod
1588 1335 1834 1375 vehemen-

198 1410 269 1442 ter
299 1414 462 1443 omnes
488 1403 771 1455 aedificavit,
805 1411 944 1456 atque
976 1405 1156 1456 impulit
1184 1404 1242 1444 ad
1272 1405 1497 1455 plurimas
1527 1407 1835 1446 eleemosinas

198 1475 484 1525 largiendas.
519 1474 651 1514 Multi
683 1476 929 1526 pecuniam
964 1475 1152 1515 mittunt
1180 1476 1238 1515 ad
1269 1476 1566 1516 redimendos
1602 1478 1831 1529 captivos,

200 1545 276 1585 cui
297 1546 589 1596 colligendae
611 1552 718 1586 sunt
739 1547 830 1586 duo
858 1547 905 1586 in
926 1547 1015 1586 hac
1036 1547 1150 1586 urbe
1179 1547 1420 1597 destinati;
1445 1548 1543 1599 ipse
1570 1561 1684 1589 vero
1713 1561 1832 1589 com—

198 1617 459 1657 modiorem
490 1616 748 1657 redimendi
774 1618 1007 1657 rationem
1043 1618 1192 1657 docet.
1225 1617 1379 1657 Ebora
1411 1618 1540 1658 allati
1571 1626 1678 1659 sunt
1706 1620 1826 1660 simu

204 1688 403 1739 amplius
429 1687 509 1727 300
542 1690 594 1735 π.
627 1687 829 1739 Quidam
857 1689 1158 1740 olissiponem
1190 1701 1295 1729 eum
1323 1690 1546 1730 accersiri
1575 1691 1723 1741 iussit,
1759 1691 1835 1731 cui

196 1758 302 1799 2000
319 1757 396 1811 [ff]
421 1766 555 1799 erant
583 1760 784 1811 captivis
813 1760 1117 1807 redimendis;
1138 1761 1381 1811 negotium
1402 1760 1528 1801 dedit
1548 1761 1692 1812 Patri,
1712 1763 1835 1814 quod

197 1829 553 1881 diligentissime
570 1831 860 1881 procuravit.
881 1831 1015 1871 Alter
1034 1837 1314 1872 testamento
1331 1833 1517 1884 reliquit
1538 1833 1694 1873 omnia
1712 1834 1833 1873 bona

194 1902 365 1954 Joanni
385 1901 553 1952 Nonio,
578 1902 745 1953 quibus
766 1902 1108 1942 redimerentur
1130 1903 1321 1954 captivi,
1351 1915 1470 1955 quae
1495 1903 1600 1943 6000
1638 1907 1671 1947 t:
1698 1905 1833 1944 aesti-

194 1978 320 2013 mata
351 1978 471 2012 sunt.
498 1972 697 2023 Quidam
724 1974 1137 2014 vehementissime
1159 1974 1355 2026 cupidus
1383 1975 1559 2026 aliquid
1586 1975 1831 2025 largiendi,

196 2055 301 2083 curn
342 2044 389 2084 in
428 2044 666 2095 praesenti
705 2056 801 2084 non
835 2052 959 2085 esset
994 2045 1209 2097 pecunia,
1249 2057 1419 2097 equum
1454 2045 1663 2096 donavit,
1697 2058 1835 2098 quem

196 2116 314 2155 alter
336 2127 514 2166 eorum,
538 2116 616 2167 qui
638 2116 900 2167 depositam
921 2116 1170 2167 pecuniam
1191 2122 1366 2167 servat,
1396 2117 1621 2157 vendidit.
1651 2117 1834 2168 Hispali

192 2197 276 2238 per
297 2186 458 2226 literas
479 2192 680 2227 vocatus
701 2193 786 2238 est,
811 2188 937 2239 quod
959 2187 1267 2239 hispalienses
1288 2194 1592 2239 mercatores,
1621 2189 1829 2239 toletani,

193 2257 482 2309 pintianique
504 2258 693 2299 inierint
724 2259 999 2299 societatem
1021 2259 1081 2299 ad
1108 2258 1405 2299 redimendos
1432 2260 1662 2310 captivos,
1694 2272 1717 2299 e
1740 2270 1832 2311 qua

194 2329 401 2368 maxima
429 2330 743 2370 emolumenta
765 2331 989 2381 orientur,
1020 2342 1125 2370 cum
1155 2330 1332 2370 faciant
1365 2331 1832 2382 quaestuosissimam

193 2406 513 2441 mercaturam
532 2400 562 2441 ².

274 2471 531 2512 Plurimum
564 2484 650 2513 nos
685 2473 732 2513 in
767 2472 970 2514 Domino
1007 2475 1278 2514 consolatae
1317 2478 1424 2514 sunt
1459 2474 1621 2514 literae
1660 2474 1829 2515 isthinc

193 2543 377 2592 allatae,
414 2543 619 2583 maxime
653 2555 708 2584 ea
741 2542 770 2594 ⁵,
807 2556 928 2596 quae
960 2543 1015 2585 de
1051 2544 1248 2596 Collegii
1283 2545 1446 2585 ordine
1481 2556 1828 2597 progressuque

192 2614 367 2665 scripta
389 2620 511 2654 sunt.
538 2613 797 2655 Maximam
817 2616 958 2657 etiam
979 2616 1206 2656 laetitiam
1227 2617 1483 2656 attulerunt
1510 2616 1582 2656 his
1603 2615 1826 2668 Principi-

244 2774 254 2794 1
292 2774 346 2801 Ex
361 2774 575 2809 Portugallia
589 2775 623 2802 in
636 2774 879 2803 Mauritaniam
893 2777 1029 2804 abierat
1044 2777 1079 2804 P.
1095 2776 1211 2804 Nuriez
1226 2783 1313 2803 anno
1331 2776 1398 2803 1548
1417 2775 1597 2809 (PoLAxco,
1623 2775 1828 2808 Clzronicon,

189 2825 211 2848 t.
228 2822 423 2857 1,pag.327,
439 2830 470 2849 n.
485 2822 564 2856 289),
581 2830 657 2850 curn
678 2822 860 2851 societatis
879 2823 1148 2852 Constitutiones
1170 2829 1203 2851 et
1224 2824 1365 2858 regulae
1388 2823 1534 2850 nondum
1556 2826 1655 2851 erant
1677 2825 1823 2859 promul-

190 2873 307 2902 gatae.

241 2917 254 2935 ²
293 2916 381 2943 Vide
395 2924 499 2951 supra
513 2921 721 2945 memoratas
737 2917 857 2946 literas
873 2919 907 2946 P.
923 2920 1064 2947 Antonii
1079 2920 1120 2946 de
1136 2919 1301 2952 Quadros.

242 2965 256 2983 ⁵
293 2964 412 2992 Sermo
429 2972 503 2992 esse
518 2965 656 2992 videtur
671 2965 711 2992 de
726 2965 908 2993 historicis
922 2967 1073 3001 litteris,
1089 2975 1172 3001 quas
1184 2967 1291 2994 habes
1305 2967 1338 2994 in
1360 2967 1486 2994 Cartas
1506 2967 1549 2994 de
1573 2967 1645 2994 San
1668 2967 1822 3001 Ignacio,

190 3015 213 3038 t.
231 3019 275 3044 ιν,
290 3019 369 3046 pag.
386 3012 437 3039 134
449 3016 481 3040 et
497 3020 567 3046 seq.
583 3011 649 3039 Sed
663 3012 692 3039 si
706 3013 757 3040 ita
773 3017 842 3048 est,
859 3021 977 3041 earum
991 3015 1115 3042 saltem
1131 3015 1337 3049 exemplum,
1353 3015 1440 3049 quod
1456 3015 1489 3042 in
1509 3014 1725 3043 Lusitaniam
1744 3015 1822 3042 mis-

190 3066 262 3086 sum
274 3063 336 3094 est,
352 3059 482 3094 aliquot
497 3065 576 3087 ante
589 3060 661 3088 Cal.
677 3059 786 3088 Maias
801 3061 918 3089 diebus
932 3061 1061 3090 Romae
1077 3063 1195 3090 datum
1209 3062 1312 3089 fuisse
1326 3069 1465 3089 necesse
1481 3066 1544 3091 est.
