2168 3437
332 230 399 268 108
838 230 1065 268 LITTERAE
1094 242 1452 274 QUADRIMESTRES

326 326 515 366 veneris
534 326 719 377 legitur.
739 326 809 366 Ex
827 326 898 365 his
916 331 1072 366 autem
1089 326 1258 366 mirum
1278 327 1405 367 dictu
1425 327 1564 367 fuerit
1582 334 1756 379 quanta
1779 328 1965 369 audien-

326 397 443 437 tium
465 397 631 436 animis
654 402 894 436 accrescat
916 396 1118 436 devotio.
1143 397 1193 436 Id
1215 397 1337 437 enim
1359 398 1652 449 lachrymae,
1677 405 1721 439 et
1745 399 1963 450 suspiria,

327 473 373 507 et
410 468 533 519 quod
568 474 636 507 est
673 468 878 507 omnium
907 468 1185 517 maximum,
1217 469 1468 507 multorum
1494 468 1773 509 laudabilior
1799 470 1897 509 vita
1921 476 1965 510 et

326 539 465 589 longe
487 550 626 589 quam
647 537 809 577 fuisset
831 539 1039 578 sanctior
1061 539 1278 578 ostendit.
1310 538 1565 579 Proficiunt
1588 545 1744 580 autem
1765 540 1871 580 inde
1903 541 1968 580 illi

327 609 469 649 etiam
490 609 568 660 qui
590 620 682 648 non
710 608 916 648 audiunt.
948 608 1067 649 Nam
1098 609 1249 659 multi,
1280 609 1439 649 audita
1467 611 1713 661 concione,
1743 611 1967 662 privatim

326 680 449 719 inter
471 679 648 719 amicos
667 679 965 719 ecclesiastes
986 679 992 698 ¹
1017 680 1273 730 funguntur
1292 680 1456 730 officio,
1477 687 1681 731 monent,
1702 682 1964 733 hortantur,

324 756 501 790 terrent
536 750 674 790 modo
709 750 853 800 hunc,
891 751 1032 790 modo
1069 751 1217 802 illum,
1256 751 1525 803 factumque
1560 757 1629 792 est
1664 752 1752 792 hac
1785 753 1967 792 ratione

326 827 376 860 ut
397 821 528 861 multi
552 821 610 860 ad
633 821 874 861 meliorem
901 821 1085 873 frugem
1112 834 1170 862 ex
1197 822 1295 862 vita
1323 822 1507 873 perdita
1535 822 1709 863 fuerint
1738 824 1964 864 revocati.

327 892 524 932 Accedit
543 892 684 931 etiam
702 893 825 943 quod
841 893 887 932 in
905 893 1006 932 aliis
1024 904 1208 944 quoque
1226 894 1410 944 templis
1429 893 1654 944 pluribus,
1673 894 1969 946 maximeque

327 963 374 1003 in
396 962 509 1002 aede
535 963 702 1003 maiori
731 962 776 1003 S.
801 963 994 1015 Mariae,
1026 963 1433 1015 frequentissimae
1461 965 1551 1004 hac
1583 971 1762 1005 aestate
1783 965 1969 1005 fuerunt

328 1034 593 1084 concioneS,
613 1035 735 1085 quod
757 1035 942 1086 quidem
964 1035 1010 1074 in
1032 1035 1121 1075 hac
1145 1035 1259 1075 urbe
1281 1035 1410 1086 prius
1432 1041 1533 1075 erat
1555 1035 1806 1076 insolitum.
1831 1036 1965 1077 Cum-

327 1117 416 1156 que
438 1106 582 1144 multa
604 1106 718 1153 sint,
743 1117 861 1156 quae
883 1106 1202 1156 probatiorem
1230 1118 1333 1146 esse
1364 1108 1616 1147 multorum
1646 1108 1794 1147 vitam
1825 1108 1968 1147 mani-

326 1176 442 1216 feste
464 1176 726 1226 declarant,
751 1182 847 1216 tum
870 1177 995 1216 nulla
1018 1189 1067 1216 re
1089 1177 1240 1227 magis
1262 1189 1403 1229 quam
1425 1190 1483 1217 ex
1505 1178 1682 1218 crebris
1714 1178 1964 1218 confessio-

329 1247 463 1286 nibus
484 1246 595 1286 illud
617 1247 724 1287 licet
746 1247 1026 1298 perspicere,
1052 1259 1252 1299 quarum
1273 1248 1397 1299 apud
1418 1261 1503 1288 nos
1526 1260 1697 1300 magna
1720 1249 1882 1289 diebus
1903 1249 1964 1289 fe-

328 1317 411 1357 stis
426 1324 495 1357 est
508 1317 784 1368 frequentia,
800 1318 1004 1358 maxime
1022 1330 1135 1358 vero
1153 1318 1281 1358 hisce
1304 1319 1465 1359 diebus
1487 1319 1587 1371 fuit,
1613 1332 1731 1371 quae
1752 1320 1969 1360 natalitia

327 1389 447 1429 festa
467 1400 793 1440 praecessere;
816 1390 898 1429 vix
920 1389 1042 1429 enim
1063 1395 1160 1429 tum
1182 1402 1265 1441 per
1286 1391 1462 1442 aliquot
1483 1391 1625 1431 etiam
1646 1392 1790 1431 horas
1811 1391 1964 1431 noctis

328 1466 512 1512 praeter
535 1460 633 1500 dies
654 1461 863 1512 integros
885 1460 899 1478 ‘²
921 1461 1071 1501 audiri
1091 1467 1323 1512 poterant,
1347 1462 1425 1513 qui
1448 1462 1757 1502 confluebant.
1778 1463 1850 1503 Ex
1872 1474 1965 1514 quo

328 1543 422 1572 non
439 1531 589 1571 solum
606 1532 651 1571 in
668 1538 846 1578 nostrO,
865 1531 947 1571 sed
965 1532 1104 1572 etiam
1120 1532 1177 1572 D.
1199 1532 1390 1583 Mariae,
1406 1534 1578 1584 templo
1594 1539 1726 1573 tanta
1743 1533 1828 1573 fuit
1847 1545 1970 1573 com-

328 1602 668 1642 municantium
707 1603 951 1642 multitudo
973 1635 980 1651 ,
1021 1608 1070 1642 ut
1118 1603 1477 1644 admirationem
1518 1605 1698 1644 cunctis
1744 1605 1966 1644 attulerit.

330 1674 455 1714 Inter
476 1685 556 1713 eos
584 1674 660 1725 qui
683 1685 709 1713 a
740 1674 872 1713 nobis
902 1674 1049 1714 auditi
1079 1680 1209 1725 sunt,
1240 1673 1426 1714 fuerunt
1453 1675 1595 1727 aliqui
1626 1675 1673 1715 12
1694 1682 1737 1715 et
1770 1675 1817 1715 15
1845 1681 1971 1716 retro

332 1745 468 1785 annis
488 1756 581 1784 non
603 1744 819 1785 confessi.
844 1745 993 1785 Paces
1013 1745 1191 1785 interea
1213 1746 1389 1797 aliquot
1410 1746 1669 1787 confectae:
1695 1746 1968 1787 concubinis

335 1815 552 1866 abiectis,
584 1816 727 1867 aliqui
749 1815 896 1855 vitam
927 1827 1061 1855 suam
1087 1816 1253 1856 melius
1289 1817 1532 1857 instituere
1568 1823 1837 1869 coeperunt.
1876 1818 1972 1859 Alii

334 1887 393 1927 ad
420 1887 691 1938 religiosam
719 1887 865 1926 vitam
892 1887 1100 1937 accensi,
1126 1899 1149 1926 e
1181 1887 1347 1939 quibus
1377 1899 1497 1928 unus
1527 1889 1892 1940 capuccinorum
1922 1901 1972 1930 se

333 1959 527 2009 regulae
544 1957 766 1998 subdidit:
788 1964 882 1998 tres
900 1958 978 1997 alii
997 1959 1170 1998 vellent
1185 1959 1372 2010 quidem
1390 1971 1416 1998 a
1435 1959 1568 1999 nobis
1585 1961 1745 2011 recipi,
1765 1962 1847 2001 sed
1863 1962 1972 2013 quia

333 2030 425 2069 illis
453 2042 546 2070 non
575 2030 682 2069 licet
712 2030 834 2079 (sunt
862 2030 984 2069 enim
1014 2030 1093 2069 alii
1124 2030 1338 2070 instituto
1376 2031 1583 2082 aptiores
1612 2043 1752 2083 quam
1780 2032 1974 2083 nostro),

333 2101 443 2141 illuc
464 2112 647 2152 quoque
671 2101 897 2152 aspirant.
923 2100 1198 2141 Convenere
1228 2101 1369 2141 etiam
1402 2113 1460 2141 ex
1487 2102 1563 2152 iis,
1599 2103 1677 2153 qui
1707 2103 1841 2143 nobis
1870 2115 1976 2143 con—

335 2172 454 2212 fiteri
466 2173 630 2222 solent,
648 2172 695 2211 in
712 2183 855 2212 unam
871 2172 1147 2212 societatem
1159 2172 1248 2212 viri
1263 2172 1438 2224 aliquot
1453 2173 1679 2223 probatae
1692 2173 1798 2214 fidei
1811 2186 1865 2214 ac
1877 2186 1976 2227 spe-

335 2248 490 2283 ctatae
511 2243 714 2294 pietatis,
739 2243 817 2294 qui
834 2242 918 2282 sub
939 2249 1123 2282 noctem
1140 2254 1399 2294 pauperum
1417 2243 1580 2284 domos
1598 2245 1900 2296 circumeant,
1921 2257 1976 2286 ac

334 2319 559 2363 mortuos,
585 2314 623 2354 si
646 2314 724 2365 qui
745 2313 932 2364 fuerint,
952 2313 1040 2365 ipsi
1062 2314 1159 2353 suis
1176 2313 1382 2354 humeris
1399 2314 1594 2355 efferant
1610 2316 1669 2355 ad
1686 2317 1976 2367 sepulturam

335 2390 380 2425 et
414 2385 634 2436 quicquid
669 2385 907 2436 impensae
936 2385 996 2424 ad
1016 2384 1105 2424 hoc
1133 2396 1249 2435 opus
1281 2390 1351 2424 est
1382 2385 1691 2437 suppeditent,
1717 2387 1836 2427 inter
1858 2398 1976 2438 quos

336 2456 633 2496 commodum
666 2466 785 2495 unus
813 2461 882 2495 est
910 2455 1147 2495 sacerdos.
1177 2454 1254 2496 Fit
1282 2455 1371 2495 hoc
1402 2456 1705 2497 devotissimo
1734 2457 1903 2498 affectu
1932 2463 1977 2498 et

338 2526 661 2567 aedificatione
678 2538 774 2566 non
790 2526 1029 2566 mediocri.
1050 2525 1254 2566 Obsessa
1271 2527 1503 2577 quaedam
1519 2528 1684 2568 mulier
1701 2541 1727 2568 a
1745 2529 1974 2569 daemone

335 2598 533 2638 liberata
560 2604 650 2647 est,
681 2609 800 2649 quae
831 2597 997 2638 deinde
1026 2598 1142 2637 alias
1170 2598 1347 2649 aliquot
1379 2598 1438 2638 ad
1466 2599 1775 2640 confessionis
1808 2599 1974 2640 Sacra-

335 2674 542 2709 mentum
566 2668 780 2709 adduxit:
806 2669 912 2718 alia,
938 2679 1055 2719 quae
1074 2674 1117 2708 et
1139 2668 1239 2719 ipsa
1263 2668 1465 2709 obsideri
1493 2671 1787 2722 credebatur,
1814 2683 1920 2711 cum
1951 2682 1977 2710 a

335 2740 492 2780 multis
515 2740 675 2780 diebus
693 2752 785 2780 non
804 2739 1096 2790 comedisset,
1115 2739 1171 2779 D.
1193 2739 1409 2780 Cornelio
1427 2739 1440 2758 ³
1458 2741 1517 2781 ad
1540 2754 1644 2782 eam
1663 2748 1850 2793 vocato,
1875 2754 1980 2782 coe-

335 2811 404 2862 pit
424 2811 553 2850 Vesci
577 2811 714 2851 cibis:
740 2811 824 2851 suit
855 2816 898 2851 et
922 2811 1014 2850 alia
1035 2810 1099 2850 ita
1122 2810 1261 2850 debili
1283 2822 1501 2862 corpore,
1526 2819 1575 2853 ut
1597 2824 1746 2865 neque
1768 2813 1979 2853 ieiunare

392 2946 401 2965 ¹
443 2946 710 2973 concionatoris.
728 2945 913 2973 POLANCUS.

390 2994 403 3012 2
438 2996 586 3028 praeter
600 2994 678 3020 dies
700 2995 869 3027 integros,
884 2993 1014 3020 addidit
1030 2993 1207 3020 Polancus.

391 3040 406 3059 5
446 3041 478 3068 Ρ.
496 3041 672 3068 Cornelius
688 3041 877 3069 Vishaven.
