2168 3437
386 179 434 216 26
901 181 1132 219 LITTERAE
1158 192 1517 225 QUADRIMESTRES

1058 633 1352 687 CLXXIV

462 931 510 969 P.
530 932 752 970 Antonius
771 933 915 971 Vinck

510 997 631 1035 Patri
649 997 819 1045 Ignatio
840 998 893 1036 de
912 998 1096 1046 Loyola.

549 1063 777 1111 Messana,
797 1063 844 1100 20
863 1062 1136 1112 Septembris
1157 1064 1248 1101 1552
1266 1065 1292 1101 ¹.

1160 1310 1258 1386 ifis

464 1557 630 1598 Gratia
667 1569 725 1597 ex
764 1569 858 1609 pax
898 1557 1090 1598 Domini
1128 1559 1277 1599 nostri
1313 1559 1423 1612 Jesu
1464 1559 1637 1600 Christi
1675 1570 1761 1599 nos
1801 1566 2027 1612 perpetuo

381 1628 541 1669 foveat
563 1635 608 1669 et
635 1634 871 1680 protegat.
896 1628 1064 1670 Amen.

463 1699 593 1751 Quae
634 1698 747 1740 mihi
781 1698 879 1751 jam
915 1701 1063 1752 elapsi
1103 1701 1458 1753 quadrimestris
1498 1702 1730 1741 rationem
1767 1702 2025 1754 reddituro,

380 1771 480 1812 R.de
522 1772 569 1812 in
600 1771 786 1814 Christo
817 1771 892 1821 P.,
928 1772 1176 1812 scribenda
1207 1778 1333 1822 sunt,
1368 1784 1423 1812 ea
1451 1784 1591 1824 quam
1618 1773 1897 1814 brevissime
1927 1773 2028 1814 fieri

378 1844 569 1895 poterit,
593 1845 923 1896 perstringam.
948 1843 1022 1884 Ab
1051 1855 1106 1884 ea
1128 1849 1286 1884 autem
1314 1855 1427 1883 cura
1450 1844 1658 1884 exordiri
1679 1845 1852 1896 placet,
1884 1857 2025 1897 quam

379 1914 501 1955 R.d¹¹S
532 1915 579 1955 in
609 1915 796 1956 Christo
827 1915 965 1955 Pater
994 1915 1315 1966 Hieronymus
1341 1914 1522 1954 Natalis
1556 1915 1842 1966 pauperibus
1874 1916 2023 1956 suble—

377 1986 546 2026 vandis
568 1986 793 2027 adhibuit.
823 1986 940 2027 Cum
961 1987 1103 2037 igitur
1123 1985 1199 2026 hic
1220 1986 1453 2026 maximus
1477 1984 1643 2038 [esset]
1667 1992 2022 2027 carceratorum

379 2068 601 2098 numerus
646 2063 690 2097 et
728 2058 981 2108 plurimum
1019 2063 1305 2108 paterentur,
1349 2056 1466 2096 adeo
1512 2063 1562 2097 ut
1608 2057 1818 2097 nonnulli
1863 2069 2025 2098 eorum

378 2129 502 2169 fame
534 2128 785 2179 aliquando
815 2134 1129 2178 morerentur,
1162 2133 1206 2168 et
1236 2127 1504 2179 frequenter
1535 2128 1583 2167 in
1611 2128 1923 2178 gravissimos
1959 2129 2023 2168 in-

380 2200 587 2240 ciderent
608 2200 818 2251 morbos,
854 2200 949 2250 egit
977 2198 1117 2239 Pater
1145 2199 1270 2250 apud
1305 2198 1563 2249 Proregem
1589 2204 1638 2238 ut
1665 2198 1897 2250 hospitale
1926 2211 2025 2239 car-

381 2271 554 2311 ceratis
576 2270 929 2322 aegrotantibus
957 2270 1242 2321 erigeretur,
1267 2269 1390 2321 quod
1407 2269 1503 2321 jam
1525 2281 1551 2309 a
1573 2269 1781 2320 Prorege
1809 2276 2025 2321 coeptum

379 2342 547 2382 fuerat.
579 2342 761 2382 Verum
791 2353 941 2391 neque
971 2342 1100 2381 locus
1132 2340 1337 2391 aegrotis
1370 2339 1694 2391 conveniebat,
1718 2352 1869 2392 neque
1891 2347 2026 2381 erant

380 2425 407 2452 a
429 2413 597 2464 quibus
618 2413 682 2453 illi
704 2418 1005 2463 curarentur,
1040 2412 1164 2462 quod
1193 2412 1420 2463 pecuniae
1442 2411 1501 2450 ad
1522 2411 1569 2451 id
1590 2423 1706 2463 opus
1727 2412 2025 2452 necessariae

379 2496 475 2524 non
505 2484 930 2536 suppeditarentur.
961 2483 1031 2523 Ita
1060 2495 1167 2523 cum
1196 2483 1326 2523 locus
1353 2483 1586 2522 salubrior
1612 2490 1735 2523 esset
1768 2481 2022 2535 [paratus]‚

380 2562 425 2595 et
461 2567 516 2595 eo
543 2555 713 2595 infirmi
737 2553 835 2606 jam
861 2554 1049 2594 deducti
1081 2559 1258 2605 essent,
1292 2565 1454 2593 curam
1483 2554 1624 2594 totius
1654 2554 1926 2605 hospitaliS,
1961 2554 2024 2594 ita

379 2626 586 2677 Prorege
608 2627 913 2676 decernente,
937 2625 1077 2665 Pater
1098 2625 1326 2676 suscepit,
1358 2636 1497 2675 quam
1529 2631 1691 2676 postea
1723 2626 1803 2666 uni
1833 2638 1892 2665 ex
1924 2625 2026 2666 Col—

380 2698 503 2748 legio
525 2697 793 2748 mandavit,
827 2697 906 2749 qui
934 2696 1138 2748 quotidie
1160 2707 1297 2736 mane
1318 2702 1362 2735 et
1383 2708 1580 2747 vespere
1608 2696 1839 2748 hospitale
1866 2696 2022 2736 visita—

381 2774 517 2809 turus
543 2780 650 2808 cum
672 2768 852 2808 duobus
874 2779 932 2807 ex
954 2767 1048 2818 his,
1073 2767 1149 2818 qui
1180 2767 1227 2806 in
1259 2767 1396 2807 domo
1420 2768 1712 2818 probationis
1734 2773 1863 2817 sunt,
1887 2766 2025 2819 profi—

436 2906 445 2925 ¹
486 2905 736 2939 Apographum
751 2905 783 2931 in
799 2903 923 2939 duplici
939 2904 1029 2938 solio,
1051 2911 1105 2930 nn.
1119 2903 1153 2930 34
1169 2907 1201 2930 et
1216 2903 1267 2935 35,
1288 2902 1366 2929 Cod.
1384 2903 1461 2929 1551.
1483 2904 1575 2935 Quae
1591 2904 1622 2931 in
1639 2905 1690 2931 his
1706 2905 1832 2931 litteris
1847 2904 2021 2932 continen-

382 2958 448 2988 tur,
464 2953 618 2980 breviter
633 2960 653 2979 a
668 2952 816 2979 Polanco
831 2956 974 2979 narrata
998 2951 1149 2985 reperies
1171 2951 1201 2978 in
1218 2950 1395 2980 Chronico,
1410 2954 1433 2976 t.
1449 2957 1483 2983 11,
1500 2958 1577 2985 pag.
1593 2951 1645 2978 536
1660 2956 1693 2979 et
1709 2960 1790 2986 seq.¹
1807 2952 1850 2979 ad
1864 2958 1921 2979 an.
1942 2950 2021 2982 1552,

383 3010 413 3029 n.
431 3000 484 3028 290
498 3004 531 3028 et
546 3008 616 3035 seq.
