2168 3437
265 221 332 259 126
772 220 1000 256 LITTERAE
1026 227 1385 261 QUADRIMESTRES

342 318 659 359 Salmanticae
686 316 911 369 postridie
933 326 1085 356 nonas
1109 315 1315 356 Ianuarii
1345 325 1467 355 anno
1497 312 1687 354 Domini
1713 315 1889 367 mill.11¹0

262 389 635 442 quingentesimo
672 387 1059 440 quinquagesimo
1090 386 1243 427 tertio.

344 459 646 501 Paternitatis
667 465 777 500 tuae
798 470 965 498 servus
986 458 1179 509 inutilis,

1368 602 1395 647 †
1424 599 1734 640 HERNANDEZ.
1766 597 1797 650 †

344 833 712 886 Superscrzptz'o.
735 810 885 873 :Ins
915 832 1182 873 Admodum
1210 831 1312 872 R.d0
1340 832 1387 871 in
1418 829 1501 870 Χ.Ο
1533 829 1657 882 patri
1686 828 1747 869 M.
1770 829 1907 879 Igna-

264 906 326 946 tio
349 905 624 957 Praeposito
645 904 855 956 generali
877 904 1119 944 societatis
1135 904 1258 944 Iesu.
1282 902 1477 943 Rornae.

343 976 456 1018 Alia
476 987 641 1016 manu:
666 975 782 1015 1553.
805 974 1042 1016 Salaman.
1064 973 1259 1025 Quadri.
1283 973 1412 1014 Ianu.

1019 1052 1063 1086 et
1086 1045 1142 1086 A.

1000 1116 1054 1168 Q.
1098 1116 1156 1157 v.

968 1546 1203 1601 CXCVI

335 1759 564 1798 Gerardus
584 1758 718 1797 Cools
740 1758 975 1805 (Brassica)
995 1756 1337 1801 Dordracensis,

381 1824 454 1862 Ex
472 1823 792 1862 commissione
811 1823 958 1860 Patris
977 1822 1199 1860 Leonardi
1219 1821 1396 1867 KesseI,

431 1891 552 1928 Patri
570 1890 739 1938 Ignatio
760 1890 813 1926 de
832 1888 1018 1937 Loyola.

477 1956 677 2004 Colonia,
701 1955 745 1993 10
762 1954 963 2003 Januarii
984 1953 1077 1991 1553
1095 1953 1120 1990 ¹.

1032 2145 1130 2220 iiis

346 2374 458 2415 Gra.
478 2380 523 2414 et
543 2386 638 2426 pax
654 2374 843 2415 Domini
865 2376 1013 2416 nostri
1030 2375 1133 2415 Iesu
1155 2374 1282 2415 Chri.
1308 2374 1367 2415 sit
1389 2385 1496 2414 cum
1517 2373 1732 2414 omnibus
1754 2373 1902 2413 nobis.

264 2445 431 2486 Amen.

344 2517 697 2568 Quadrimestre
728 2523 910 2569 tempus
932 2517 1182 2569 expiravit,
1206 2516 1616 2556 Reverendissime
1645 2515 1692 2555 in
1720 2514 1906 2555 Christo

263 2587 367 2628 Iesu
387 2594 537 2640 pater.
561 2587 836 2629 Obedientia
856 2588 982 2628 iubet
1001 2593 1227 2640 paternae
1258 2594 1365 2627 tuae
1389 2587 1654 2627 eelsitudini
1682 2598 1757 2637 ea,
1788 2597 1907 2637 quae

265 2659 390 2710 apud
418 2671 505 2699 nos
531 2665 666 2710 gesta
701 2665 809 2699 sunt
840 2660 986 2699 hocce
1016 2659 1240 2710 temporis
1269 2658 1538 2709 intervallo,
1573 2658 1779 2698 breviter
1807 2668 1906 2708 per-

318 2841 329 2862 ¹
367 2841 632 2876 Autographum
646 2843 735 2870 inter
751 2842 877 2871 Litter.
897 2842 1095 2876 Quadrima,
1114 2842 1280 2875 1553-54,
1296 2843 1420 2877 duplici
1444 2843 1534 2876 solio,
1551 2850 1605 2869 nn.
1627 2841 1677 2868 301
1694 2845 1726 2868 et
1748 2841 1810 2868 302.
1834 2841 1907 2867 Ilus

265 2889 401 2916 litteras
412 2890 625 2924 decurtavit,
642 2894 679 2917 ut
695 2890 798 2917 moris
814 2893 908 2925 erat,
924 2890 1032 2924 ignoti
1048 2889 1242 2925 cujusdam,
1259 2894 1352 2917 certo
1369 2891 1491 2917 flandri
1504 2912 1508 2923 ,
1523 2897 1661 2923 manus,
1677 2892 1710 2916 et
1725 2895 1841 2916 earum
1857 2889 1904 2915 sic

264 2937 524 2964 decurtatarum
538 2937 617 2964 bina
638 2937 806 2965 habemus
826 2938 999 2972 exempla¹
1022 2944 1125 2964 unum
1146 2937 1235 2964 inter
1256 2938 1349 2972 ipsas
1372 2938 1497 2965 Litter.
1519 2937 1717 2970 Quadrima,
1740 2935 1903 2967 1553-54,

264 2993 296 3012 n.
308 2984 371 3018 306,
387 2985 474 3019 quod
490 2985 522 3012 in
538 2988 662 3019 quarta
676 2985 804 3019 pagina
818 2985 902 3012 haec
919 2985 1041 3012 habet:
1066 2992 1086 3011 a
1105 2984 1295 3018 Portugalo
1313 2992 1336 3019 y
1353 2993 1372 3012 a
1390 2985 1534 3020 Spagmz
1549 2989 1617 3020 per
1631 2984 1714 3012 duos
1728 2984 1802 3011 vie:
1818 2984 1901 3010 alte-

264 3039 350 3066 rum,
368 3032 474 3059 Roma
489 3031 703 3066 Complutum
718 3032 867 3066 missum,
890 3032 922 3059 in
943 3031 1104 3059 Historia
1119 3032 1237 3064 varia,
1252 3033 1319 3060 vol.
1336 3039 1357 3066 1,
1374 3032 1431 3060 fol.
1447 3033 1511 3060 302.
