2168 3437
843 246 924 283 Ax.
957 248 1048 284 1553
1699 251 1767 287 147

131 351 225 380 non
261 346 451 392 possent
477 353 569 381 non
594 342 874 393 simplicium
908 345 1050 384 corda
1078 346 1366 387 labefactari.
1395 347 1460 387 At
1489 348 1645 388 omnia
1674 349 1764 389 ista

132 411 204 451 his
239 411 540 451 concionibus
575 412 825 464 divinaque
859 414 1113 456 directione
1155 417 1201 457 in
1240 418 1435 458 nihilum
1469 418 1605 458 facile
1647 420 1766 459 redi-

131 488 318 533 guntur;
351 482 516 533 quibus
538 494 677 533 quam
702 484 837 535 larga
866 486 1032 525 messis
1062 495 1370 539 praeparetur
1401 500 1631 540 quamque
1660 490 1763 530 ube-

131 564 230 592 rem
263 565 321 592 ex
356 552 726 594 confessionibus
753 554 800 594 in
830 555 999 596 horrea
1026 556 1216 598 Domini
1251 560 1535 603 invehantur
1568 561 1762 612 fructuS,

131 623 289 674 populi
311 623 504 663 mutatio
526 630 570 664 et
593 624 863 675 quotidiana
886 626 1128 667 declarant
1149 631 1381 680 exempla.

212 693 427 733 Matrona
466 694 697 746 quaedam
733 696 952 747 perdives
992 703 1036 737 et
1075 699 1187 738 luxu
1233 702 1465 741 saeculari
1505 702 1764 750 abundanS,
1822 752 1825 753 ⁷

137 776 269 815 quae,
301 777 327 804 a
355 776 446 816 quo
480 765 609 805 Patri
635 766 848 807 confiteri
874 769 1049 819 coepit,
1079 775 1227 809 totum
1255 771 1483 822 deposuit,
1514 785 1598 813 nec
1628 773 1766 824 depo-

137 835 286 875 suisse
321 836 435 876 satis
470 836 767 878 existimabat
800 840 1124 880 conservando
1160 841 1207 880 in
1235 842 1418 882 scriniis
1447 858 1473 883 a
1506 855 1595 894 quo
1631 845 1770 884 toties

139 913 453 959 conspurcata
487 914 610 948 esset
643 909 821 960 anima,
857 911 939 950 sed
975 911 1178 962 quadam
1203 913 1307 952 vice
1344 915 1443 953 sola
1476 914 1523 953 in
1557 915 1768 956 cubiculo

135 983 300 1028 totum,
323 978 562 1030 videlicet,
582 992 724 1020 aurea
747 980 934 1032 cingula
955 982 1138 1034 aliaque
1159 990 1384 1034 argentea
1409 997 1644 1036 aureaque
1673 998 1767 1026 mu-

131 1049 297 1088 lierum
318 1057 594 1090 ornamenta
616 1052 782 1091 malleo
804 1052 1049 1104 confregit,
1075 1054 1242 1094 timens
1263 1056 1466 1095 vendere
1490 1068 1546 1095 ne
1569 1057 1671 1096 aliis
1698 1069 1768 1097 su-

132 1119 374 1171 perbiendi
398 1132 563 1160 ansam
584 1122 845 1173 praeberet.
875 1123 1083 1164 Tertiam
1109 1126 1245 1176 pretii
1275 1132 1457 1177 partem
1486 1129 1771 1179 pauperibus

135 1190 383 1231 distribuit.

210 1261 452 1312 Quaedam
469 1263 621 1315 virgo,
641 1264 790 1305 eidem
801 1265 930 1306 Patri
947 1267 1184 1318 confflem,
1203 1280 1307 1308 eum
1325 1270 1556 1309 consuluit
1571 1270 1766 1321 cupiens

136 1344 299 1372 omnes
319 1344 429 1373 suas
450 1333 696 1375 facultates
716 1336 934 1386 vendere,
964 1339 1248 1389 pauperibus
1275 1340 1479 1391 elargiri,
1513 1352 1567 1380 ac
1595 1341 1658 1381 ita
1681 1352 1765 1392 per

134 1409 283 1444 totum
302 1404 428 1444 vitae
449 1406 651 1456 spatium
671 1408 969 1448 mendicandi
989 1421 1073 1460 pro
1096 1409 1281 1450 Christo
1305 1412 1605 1452 occasionem
1631 1413 1764 1452 habe-

131 1485 196 1514 re.
217 1473 307 1515 Sed
323 1474 476 1527 Pater,
496 1488 553 1515 ne
570 1477 696 1528 pium
716 1478 954 1519 videretur
971 1491 1192 1531 spernere
1209 1482 1506 1533 desiderium,
1527 1494 1611 1522 nec
1629 1483 1769 1524 etiam

133 1551 307 1586 temere
323 1557 408 1586 suo
425 1559 655 1588 consensu
672 1550 874 1599 puellam
890 1550 935 1590 in
953 1557 1212 1592 extremam
1229 1553 1385 1592 statim
1410 1554 1657 1604 proiicertt
1675 1554 1766 1594 ino-

131 1617 272 1668 piam,
292 1618 544 1667 prudenter
562 1619 603 1658 ei
619 1621 873 1671 respondit,
893 1621 1124 1673 inquiens:
1148 1624 1220 1663 “tu
1237 1623 1434 1664 necdum
1452 1630 1631 1664 tantam
1646 1625 1771 1676 apud

131 1687 384 1728 Dominum
396 1690 605 1730 meruisti
626 1691 984 1743 perfectionem3
1003 1694 1084 1733 sed
1107 1695 1260 1744 potius
1285 1696 1499 1735 omnibus
1519 1696 1600 1735 tibi
1622 1697 1767 1747 preci-

131 1758 216 1799 bus
234 1759 501 1800 instandum
518 1768 587 1801 est
602 1769 650 1801 ut
667 1763 856 1803 tandem
876 1764 964 1804 hac
980 1766 1136 1815 gratia
1153 1766 1295 1817 digna
1312 1767 1610 1818 inveniaris„
1630 1768 1768 1807 Tales

132 1829 208 1870 hic
227 1830 385 1882 plures
405 1839 533 1872 sunt:
558 1833 741 1885 aliquae
761 1835 925 1886 etiam,
950 1837 1104 1876 multis
1126 1837 1418 1878 abundantes
1436 1839 1627 1888 divitiis,
1650 1850 1767 1889 quas

133 1912 293 1942 omnes
319 1902 379 1942 ad
399 1909 561 1943 nutum
580 1903 733 1944 Patris
762 1906 1005 1957 resignare
1033 1914 1077 1947 et
1105 1908 1328 1960 quidquid
1356 1921 1441 1961 pro
1472 1909 1560 1950 Dei
1587 1910 1767 1950 honore

133 1972 233 2012 fieri
248 1979 407 2023 posset
427 1973 608 2014 efficere
626 1982 733 2016 sunt
749 1978 1091 2028 paratissimae.

211 2043 453 2094 Quaedam
486 2047 701 2087 monialis
736 2048 968 2099 professa,
1006 2051 1251 2091 subtilibus
1285 2053 1564 2103 quibusdam
1591 2053 1765 2093 diaboli

131 2116 407 2156 commentis
428 2118 548 2156 male
568 2130 808 2170 persuasa,
833 2120 893 2160 ad
910 2123 1150 2162 saeculum
1173 2123 1325 2163 redire
1351 2135 1556 2174 suaeque
1576 2125 1767 2175 profes-

131 2185 280 2225 sionis
301 2186 583 2238 religionem
606 2189 871 2241 relinquere
892 2193 1013 2232 clam
1033 2192 1254 2243 fugiendo
1272 2194 1501 2242 decrevit;
1527 2207 1580 2235 eo
1610 2203 1769 2235 tamen

130 2263 376 2307 praetextu
407 2260 530 2310 quod
555 2271 640 2300 suo
675 2266 884 2313 tempore
907 2262 965 2302 ad
1000 2264 1212 2304 eamdem
1246 2266 1321 2305 vel
1357 2265 1554 2306 similem
1589 2267 1765 2306 reverti

131 2328 284 2367 vellet.
308 2328 457 2368 Nacta
479 2336 635 2370 autem
665 2333 912 2372 occasione
948 2340 992 2373 et
1033 2335 1200 2375 mentis
1229 2343 1508 2387 conceptum
1536 2337 1582 2376 in
1613 2342 1771 2376 actum

131 2399 386 2450 perducere
408 2400 672 2451 disponens,
703 2403 982 2444 intolerabili
1005 2405 1159 2446 cordis
1187 2414 1406 2458 correpta
1427 2415 1497 2447 est
1523 2408 1756 2458 angustia,

132 2481 222 2521 qua
244 2482 350 2510 cum
370 2471 631 2512 extricandi
652 2484 700 2513 se
716 2474 904 2514 modum
927 2483 1186 2527 quaereret,
1211 2478 1266 2517 de
1288 2478 1420 2518 nobis
1443 2478 1598 2518 animo
1621 2478 1767 2518 illabi-

131 2547 205 2580 tur
227 2541 490 2581 recordatio
513 2555 520 2582 :
544 2554 653 2583 mox
676 2556 965 2597 consurgens
994 2553 1100 2587 ante
1129 2549 1294 2599 lucem,
1324 2561 1382 2588 ne
1410 2560 1550 2600 quam
1578 2560 1772 2588 suarum

133 2623 189 2651 ea
209 2611 483 2661 offenderet,
508 2614 567 2654 ad
592 2616 815 2666 templum
835 2621 1074 2668 nostrum,
1108 2618 1194 2658 lzoc
1213 2623 1298 2669 est,
1322 2618 1368 2659 S.
1400 2618 1643 2659 Michaelis
1664 2631 1765 2670 pro-

133 2688 279 2733 perat,
304 2683 382 2723 ubi
403 2695 562 2724 omnes
583 2685 779 2726 liberum
805 2687 864 2728 ad
884 2700 970 2728 nos
999 2701 1243 2729 accessum
1265 2689 1453 2738 habent,
1486 2696 1531 2729 et
1558 2690 1768 2730 maxima

132 2748 489 2804 compunctione
523 2756 967 2810 lachrymarumque
1004 2760 1308 2800 inundatione
1345 2760 1554 2800 confiteri
1590 2762 1758 2812 coepit,

134 2835 219 2863 nec
254 2824 360 2864 inde
395 2826 608 2866 discessit
643 2828 914 2880 priusquam
948 2831 1147 2870 mirabili
1181 2832 1387 2882 quadam
1428 2832 1767 2872 illuminatione

132 2895 300 2935 mentis
326 2896 374 2935 in
399 2901 579 2937 tantam
606 2899 922 2940 conscientiae
950 2901 1311 2942 denudationem
1341 2908 1464 2942 esset
1488 2891 1692 2953 inducta,
1718 2910 1769 2943 ut

133 2965 191 3005 ab
212 2965 406 3007 infantia
427 2979 682 3019 numquam
703 2976 798 3009 tam
819 2977 927 3022 apte
948 2978 992 3012 et
1012 2972 1194 3024 integre
1216 2972 1339 3013 sicut
1358 2972 1447 3012 hac
1469 2972 1568 3013 vice
1589 2985 1638 3013 se
1661 2985 1765 3013 con-

131 3035 304 3076 fessam
323 3037 511 3078 diceret.
536 3040 603 3079 Ita
625 3040 731 3079 hinc
751 3047 888 3092 atque
904 3042 1011 3083 inde
1033 3043 1278 3084 diabolicis
1300 3044 1498 3085 detectis
1530 3045 1764 3095 versutiis,
