2168 3437
305 251 374 287 144
821 250 1047 287 Llrreimss
1075 261 1435 294 QUADRIMESTRES

304 348 412 387 dam
446 347 814 398 Mechliniensis‚
848 347 1064 387 doctrina
1095 354 1139 388 et
1168 348 1418 388 virtutibus
1446 354 1542 389 tam
1573 349 1785 401 corporis
1807 362 1950 402 quam

304 419 449 459 animi
485 419 598 459 satis
633 420 822 459 dotatus
851 417 876 467 ¹,
911 431 994 470 per
1020 431 1106 459 nos
1142 419 1387 459 Coloniam
1407 420 1646 471 profectus
1674 426 1744 461 est
1773 421 1833 462 ad
1865 421 1949 462 Re-

304 490 562 530 verendum
583 490 771 530 Patrem
793 490 1092 530 Leonardum
1112 490 1140 542 ²,
1165 503 1222 531 ne
1244 491 1340 542 hic,
1365 491 1488 542 quod
1514 492 1727 543 timebat,
1753 492 1810 532 ab
1840 493 1949 533 ami-

301 562 373 602 cis
395 568 439 602 et
460 562 748 613 parentibus,
773 562 940 613 quibus
964 562 1128 602 unicus
1150 568 1219 602 est
1240 561 1375 614 filius,
1409 574 1436 602 a
1457 563 1579 603 bono
1602 575 1686 603 suo
1708 563 1950 615 proposito

305 632 623 684 impediretur,
649 632 727 682 oui
749 645 797 672 se
820 633 913 673 iam
937 639 1084 673 totum
1106 632 1333 674 Societati
1355 633 1555 685 addixit;
1580 634 1710 674 cuius
1737 636 1952 686 exemplo

306 716 365 743 ex
386 703 547 743 eodem
574 703 784 756 Collegio
806 705 963 756 plures
995 705 1054 744 ad
1083 703 1367 745 Societatem
1396 705 1767 757 subsequuturos
1796 717 1952 757 spera-

305 786 422 815 mus.
464 774 623 815 Alium
663 787 845 827 quoque
884 775 1193 816 Hollandicae
1227 776 1433 816 nationis
1467 776 1634 817 litteris
1668 777 1952 817 humaniori—

309 846 392 886 bus
412 846 555 898 probe
577 846 857 887 instructum
879 847 938 887 ad
961 847 1175 887 eumdem
1195 847 1407 887 misimus
1427 847 1631 898 Patrem,
1655 847 1734 899 qui
1754 859 1851 888 non
1875 848 1952 888 mi-

305 929 394 958 nus
415 918 461 957 in
483 917 733 958 virtutibus
754 918 958 970 proficit,
993 924 1124 958 tanto
1152 919 1212 958 ad
1233 917 1516 959 Societatem
1542 918 1764 970 flagravit
1796 931 1957 960 amore

307 996 380 1040 ut,
423 989 637 1029 omnibus
674 990 1015 1040 nescientibus,
1058 1001 1107 1029 se
1146 989 1211 1029 illi
1245 997 1356 1030 voto
1396 990 1704 1042 astringeret3
1742 990 1956 1042 alioquin

302 1060 506 1112 quietem
528 1066 692 1112 capere
714 1072 808 1101 uon
824 1065 1033 1112 poterat.
1060 1061 1261 1112 Quidam
1283 1062 1402 1101 alius
1428 1061 1475 1101 in
1507 1061 1715 1113 Collegio
1743 1062 1953 1113 Liliensi‚

308 1132 386 1183 qui
421 1132 653 1172 secundus
687 1133 853 1172 domus
893 1132 1104 1181 habetur,
1143 1132 1317 1173 dudum
1352 1133 1489 1173 nobis
1523 1132 1774 1173 adiunctus
1814 1137 1952 1185 esset,

308 1203 397 1243 nisi
431 1204 664 1255 promotio
700 1203 1045 1255 impedivisset,
1084 1216 1175 1255 qua
1204 1204 1438 1255 absoluta,
1477 1205 1602 1244 illico
1637 1204 1697 1245 ad
1724 1205 1950 1245 exercitia

310 1281 538 1315 venturus
559 1280 643 1315 est.

389 1346 590 1386 Easdem
613 1346 753 1386 etiam
777 1358 883 1386 cum
905 1346 1146 1397 diligentia
1168 1352 1212 1386 et
1232 1346 1420 1386 fervore
1445 1358 1617 1398 pensas
1644 1347 1755 1398 (sic)
1780 1347 1957 1388 fratres

309 1418 436 1458 domi
462 1425 655 1458 nostrae
682 1418 877 1458 diurnas
907 1425 1254 1470 nocturnasque
1285 1418 1333 1458 in
1360 1418 1457 1458 suis
1488 1418 1653 1459 studiis
1684 1419 1956 1470 persolvere

310 1490 522 1529 nituntur
553 1490 737 1540 eodem,
773 1501 863 1542 quo
891 1490 1133 1541 superiore
1160 1501 1301 1530 cursu
1329 1490 1388 1530 ad
1418 1490 1761 1542 promotionem
1792 1502 1960 1543 prope·

311 1567 484 1601 rantes.
519 1561 730 1612 Quorum
761 1573 882 1601 unus
909 1561 1116 1615 Joannes
1145 1561 1201 1601 de
1236 1561 1356 1601 Tilia
1387 1560 1660 1602 Geldrensis
1691 1561 1718 1613 ⁵,
1750 1563 1828 1614 qui
1857 1574 1961 1603 sese

311 1632 579 1673 devotionis
601 1633 743 1674 ductu
766 1633 869 1685 ipsa
891 1633 965 1673 die
986 1633 1278 1685 Epiphaniae
1305 1639 1418 1674 voto
1439 1633 1664 1674 Societati
1693 1634 1958 1684 adstrinxit,

314 1705 584 1757 primusque
619 1704 817 1756 Collegii
843 1705 1061 1745 Liliensis
1096 1705 1385 1755 designatur.
1420 1705 1514 1745 Alii
1541 1705 1631 1746 duo
1660 1718 1747 1746 nec
1777 1705 1961 1746 infimas

317 1775 457 1815 liniae
485 1775 589 1826 (sic)
619 1776 683 1824 (ut
711 1776 856 1826 aiunt)
892 1782 1050 1827 partes
1079 1776 1368 1816 obtinebunt.
1399 1775 1570 1816 Mirum
1599 1783 1774 1829 quanto
1807 1777 1961 1817 studio

317 1846 656 1898 charitatisque
702 1847 872 1887 ardore
919 1847 1126 1887 omnium
1169 1847 1266 1887 fere
1314 1847 1621 1898 collegiorum
1666 1848 1870 1900 promoti
1919 1855 1963 1888 et

315 1918 516 1958 lectores
543 1929 656 1969 erga
684 1930 769 1958 nos
798 1918 1130 1969 incenduntur,
1164 1924 1208 1959 et
1234 1920 1310 1958 vel
1336 1919 1542 1959 maxime
1570 1918 1766 1971 Collegii
1800 1919 1961 1960 Falco-

315 1990 489 2040 nensis,
513 1990 634 2029 unde
656 1990 790 2029 nobis
813 2001 975 2030 omnes
994 1990 1357 2041 praeteritorum
1385 1996 1649 2042 temporum
1682 1991 1958 2041 tragoediae

317 2066 509 2100 exortae
530 2060 674 2101 fuere.
699 2060 902 2112 Quidam
924 2061 1125 2112 insignis
1155 2061 1393 2112 magister,
1429 2061 1506 2113 qui
1537 2067 1645 2101 ante
1674 2074 1848 2102 annum
1883 2068 1962 2102 aut

318 2132 518 2172 alterum
537 2132 714 2183 primas
745 2132 882 2172 huius
916 2132 1251 2173 Universitatis
1280 2132 1497 2181 obtinuit,
1531 2132 1569 2172 si
1600 2145 1690 2185 qua
1721 2133 1800 2173 via
1828 2146 1855 2174 a
1885 2146 1960 2185 pa-

318 2203 528 2243 rentibus
550 2210 594 2243 et
617 2203 780 2243 amicis
803 2204 1075 2254 extricatus,
1099 2204 1225 2243 omni
1245 2204 1400 2243 studio
1427 2204 1562 2244 nobis
1585 2204 1756 2244 sociari
1787 2206 1959 2256 gliscit,

319 2275 395 2315 cui
415 2274 554 2315 Pater
577 2275 843 2326 respondit,
868 2286 975 2314 cum
996 2275 1223 2326 magister
1246 2274 1305 2314 ad
1326 2286 1431 2315 eum
1453 2275 1635 2315 veniret
1657 2277 1962 2316 contristatus

320 2346 478 2396 valde,
519 2358 573 2386 eo
608 2346 733 2397 quod
767 2352 988 2397 parentes
1020 2347 1148 2386 nulla
1183 2358 1377 2397 prorsus
1412 2347 1502 2386 hac
1538 2347 1584 2386 in
1619 2354 1752 2398 parte
1781 2348 1962 2388 ratione

321 2423 526 2468 utantur,
550 2423 599 2457 ut
621 2429 670 2457 se
693 2422 842 2457 totum
865 2417 1156 2457 existimaret
1178 2428 1280 2457 esse
1310 2416 1365 2457 de
1392 2416 1648 2468 Societate,
1679 2424 1724 2458 et
1755 2419 1818 2458 ita
1851 2431 1953 2459 cun—

322 2494 397 2528 cta
422 2499 508 2528 sua
536 2488 804 2540 disponeret
832 2487 981 2528 donec
1008 2487 1239 2528 Dominus
1268 2488 1553 2538 provideret.
1592 2488 1643 2529 In
1670 2489 1758 2529 hoc
1791 2490 1961 2541 optime

321 2560 591 2600 consolatus
609 2559 826 2600 discessit
846 2558 874 2597 ⁴.

378 2745 388 2764 1
427 2744 509 2771 “Hic
524 2743 587 2771 fuit
602 2742 768 2777 Magister
784 2742 988 2770 Franciscus
1004 2741 1195 2776 Costerus.„
1208 2742 1375 2777 POLANCO,
1388 2742 1554 2775 Cltron.,t.
1570 2750 1605 2778 11,
1622 2750 1699 2777 pag.
1716 2743 1778 2776 593,
1791 2751 1867 2770 ann.
1883 2744 1959 2777 1552,

324 2800 354 2819 n.
370 2792 433 2820 412.

378 2840 391 2858 ‘2
429 2839 463 2866 P.
481 2839 680 2868 Leonardus
694 2839 824 2867 Kessel.

377 2888 391 2907 5
428 2887 532 2920 “JEAN
549 2887 627 2914 Vm
642 2895 707 2914 DER
721 2887 855 2914 LINDEN
869 2888 931 2920 (DE
952 2885 1081 2920 Tum),
1098 2888 1139 2912 ne
1161 2893 1201 2912 en
1224 2885 1389 2920 Gueldre,
1406 2886 1547 2913 docteur
1562 2893 1603 2912 en
1615 2886 1802 2920 theologie,
1819 2887 1927 2915 admis
1942 2889 1961 2914 a

325 2936 472 2969 Cologne
495 2943 535 2961 cn
560 2935 642 2968 1552,
670 2940 758 2962 mort
783 2937 803 2962 a
823 2935 967 2963 Lorette
990 2936 1019 2962 le
1043 2934 1077 2961 24
1099 2936 1180 2961 aofit
1203 2934 1300 2967 1559.„
1319 2933 1513 2966 DELPLACE,
1529 2933 1839 2962 L'etablzssement
1862 2936 1904 2963 de
1925 2936 1960 2962 la

326 2983 537 3017 Compagnie
552 2983 594 3010 de
608 2982 717 3017 jesus
733 2990 804 3009 aux
819 2982 1014 3018 Pays-Bas,
1030 2982 1237 3016 Appendice,
1259 2981 1394 3009 AJK-De
1411 2989 1449 3008 eo
1465 2983 1563 3016 plura
1580 2982 1612 3008 in
1628 2981 1791 3009 Historia
1808 2982 1958 3010 Societa-

325 3030 371 3056 tis
386 3033 418 3057 et
434 3030 466 3056 in
483 3029 609 3057 Cartas
623 3030 665 3056 de
681 3030 752 3057 San
772 3029 927 3064 Ignacz'o.

375 3078 390 3098 4
428 3077 537 3104 Hicin
552 3077 698 3111 paginae
714 3085 774 3105 ora
789 3077 947 3111 apposuit
961 3076 1132 3104 Arnoldus
1148 3076 1282 3110 signum
1299 3077 1324 3104 Λ
1349 3079 1382 3103 et
1398 3076 1484 3103 haee
1499 3076 1618 3102 verba:
1634 3074 1742 3109 plura
1760 3075 1892 3112 z'nfine.
1907 3076 1961 3104 Ea
