2168 3437
358 219 405 255 46
869 221 1098 258 LITTERAE
1124 232 1484 265 QUADRIMESTRES

357 316 640 368 ornatiores,
673 318 770 358 vita
799 319 1016 359 meliores
1044 318 1263 359 evadant.
1303 319 1374 359 De
1406 320 1584 372 reliquo
1615 321 1830 363 Christus
1857 323 1999 376 Jesus

356 398 442 426 nos
462 398 545 427 sua
566 390 722 439 gratia
742 390 991 441 opituletur
1014 396 1152 441 atque
1174 390 1347 430 excitet
1369 391 1428 431 ad
1445 403 1499 431 ea
1518 393 1772 443 cogitanda
1795 400 1839 435 et
1859 407 1992 447 prae-

356 457 576 508 dicanda,
603 471 721 511 quae
742 472 855 501 suae
875 461 1105 501 Voluntati
1132 466 1238 500 sunt
1265 461 1468 502 maxime
1502 470 1832 505 consentanea.
1859 465 1994 517 Quod

356 533 405 568 ut
430 536 502 580 tu,
531 529 586 569 R.
615 529 664 570 P.
695 530 840 582 (cujus
871 543 1035 583 preces
1065 531 1167 571 Deo
1199 538 1364 583 gratas
1395 544 1497 573 esse
1528 539 1572 574 et
1601 535 1827 585 probatas
1861 543 1995 588 puta-

355 601 491 651 mus),
513 601 649 641 nobis
670 602 727 642 ab
748 602 825 643 illo
847 603 1117 654 suppliciter
1133 608 1288 654 petas,
1311 614 1398 643 nos
1416 616 1443 644 a
1459 610 1503 644 te
1526 604 1773 656 diligenter
1791 607 1997 659 petimus

355 681 411 710 ac
431 673 738 722 postulamus.

431 742 718 793 Florentiae,
744 744 817 784 die
834 744 899 784 8²²
920 745 1138 786 Octobris
1165 745 1279 786 1552.

433 812 487 853 Τ.
511 813 560 853 Ρ.
583 813 638 854 R.
661 815 882 866 indignus
902 816 1045 867 filius,

1468 960 1566 1000 LEo
1597 959 1770 1000 Limus.

1021 1386 1319 1440 CLXXIX

421 1611 468 1650 P.
490 1612 750 1651 Leonardus
770 1613 929 1651 Kessel

468 1678 590 1716 Patri
608 1678 777 1726 Ignatio
799 1678 851 1716 de
869 1679 1054 1726 Loyola.

516 1742 719 1791 Colonia,
740 1744 782 1781 31
805 1743 1008 1782 Octobris
1030 1744 1122 1783 1552
1140 1745 1167 1782 ¹.

1115 2006 1213 2047 IHS

428 2238 594 2279 Gratia
615 2244 659 2278 et
680 2250 774 2290 pax
794 2237 868 2278 X.i
896 2237 1085 2278 Domini
1106 2239 1165 2279 sit
1185 2250 1370 2290 semper
1392 2250 1497 2279 cum
1520 2239 1736 2279 omnibus
1752 2240 1901 2281 nobis.

425 2308 526 2350 Rde
559 2310 606 2349 in
643 2309 727 2349 X.0
765 2309 837 2349 P!
881 2308 1147 2350 Secundum
1185 2310 1463 2350 laudabilem
1501 2316 1691 2350 nostrae
1737 2310 1988 2353 Societatis

346 2380 730 2421 consuetudinem
756 2381 816 2420 ad
843 2379 931 2420 Dei
959 2381 1289 2432 omnipotentis
1318 2381 1520 2431 gloriam
1548 2393 1745 2422 narrare
1777 2383 1987 2423 conabor

345 2464 464 2504 quae
485 2452 613 2492 Deus
634 2451 740 2504 Opt.
763 2451 887 2492 Max.
911 2452 1000 2492 hoc
1021 2463 1180 2492 mense
1203 2451 1419 2492 Octobris
1442 2453 1628 2504 operari
1650 2453 1872 2504 dignatus
1893 2461 1981 2494 est.

425 2523 582 2564 Primo
613 2524 755 2574 igitur
776 2523 831 2563 de
861 2522 1082 2563 studiosis
1111 2517 1484 2563 adolescentibus
1514 2523 1745 2575 dicemus,
1779 2525 1858 2576 qui
1886 2537 1981 2565 ma-

344 2606 439 2646 gno
461 2606 654 2634 numero
677 2594 764 2634 hoc
787 2605 945 2633 mense
973 2605 1058 2633 nos
1088 2599 1388 2634 accesserunt
1417 2606 1559 2634 causa
1592 2595 1880 2646 intelligendi
1908 2607 1979 2635 ra-

343 2665 517 2705 tionem
539 2665 737 2705 instituti
758 2664 868 2705 novi
889 2663 1086 2714 Collegii
1108 2664 1391 2715 Germanici3
1415 2665 1551 2705 huius
1574 2666 1697 2705 euim
1713 2666 1837 2706 bona
1854 2666 1980 2707 fama

344 2747 426 2787 per
448 2742 594 2776 totam
615 2736 859 2777 Coloniam
880 2735 1160 2787 pervulgata
1191 2740 1281 2785 est3
1314 2747 1457 2787 quare
1489 2737 1700 2777 maxima
1729 2736 1864 2777 nobis
1893 2736 1980 2778 fuit

344 2808 500 2848 oblata
531 2807 720 2847 occasio
752 2805 1033 2846 admonendi
1064 2806 1353 2846 iuventutem
1384 2807 1439 2846 de
1469 2807 1568 2846 vita
1589 2814 1633 2847 et
1661 2808 1827 2848 studiis
1858 2807 1978 2848 ordi-

396 2992 406 3012 ¹
446 2991 533 3019 Tota
548 2990 774 3025 autographa,
791 2988 914 3023 duplici
931 2988 1094 3022 s01i0‚sub
1109 2989 1160 3015 n.‘³
1177 2988 1245 3023 127;
1268 2990 1324 3016 sed
1347 2990 1456 3023 prima
1479 2991 1620 3018 alterius
1643 2991 1712 3018 solii
1729 2991 1854 3026 pagina
1869 2991 1978 3020 nitida

342 3039 475 3066 omnino
491 3042 553 3066 est.
