2168 3437
307 254 357 291 57
370 254 382 289 l
823 248 1050 285 LITTERAE
1078 255 1440 287 QUADRIMESTRES

393 350 454 390 Di
474 346 710 397 Pei-uggia
733 357 759 385 a
780 344 805 384 4
825 344 871 384 di
890 343 1000 384 Feb.
1029 342 1145 382 1554.

397 419 456 459 Di
476 418 535 459 V.
561 417 610 457 P.

393 491 481 530 Per
504 487 832 529 commissione
854 486 927 526 del
948 485 997 525 Ρ.
1020 484 1158 525 Mtro.
1183 483 1441 534 Everardo,

393 545 541 601 Servo
565 559 725 599 inutile
746 558 793 598 in
815 557 1020 607 Christo,

1282 698 1479 738 EMONDO
1509 696 1740 737 AUGERIO.

398 916 510 957 Alia
544 927 689 956 mmm
718 915 767 954 ιἰι
802 917 976 966 quarta
997 912 1211 964 pagina:
1251 910 1366 951 1554.
1406 910 1555 962 Quad.
1588 920 1725 961 peug.
1757 908 1869 960 (sic)
1897 907 1960 949 4⁰

322 987 368 1027 di
389 987 499 1028 Feb.

588 1399 871 1427 Praecedentium
885 1398 1053 1426 Edmundi
1071 1397 1213 1432 Augerii
1229 1397 1424 1424 litterarum
1439 1396 1547 1424 latina
1562 1403 1620 1424 ver
1628 1396 1676 1423 sio
1694 1395 1715 1422 ¹.

1105 1589 1203 1666 Iffls

413 1839 513 1878 Pax
539 1838 636 1889 X‚i,
667 1844 755 1879 etc.

409 1909 510 1950 Etsi
531 1910 578 1949 in
605 1910 703 1950 dies
729 1921 854 1949 nova
883 1909 929 1949 in
956 1910 1224 1961 proximum
1252 1908 1404 1949 officia
1430 1915 1696 1960 praestare,
1728 1918 1869 1959 quam
1897 1918 1971 1946 ve-

327 1987 431 2021 tera
462 1981 667 2021 scribere
696 1981 840 2020 multo
869 1980 927 2020 sit
963 1986 1006 2020 et
1033 1980 1190 2020 utilius
1225 1985 1269 2019 et
1298 1980 1561 2031 acceptius,
1602 1980 1679 2019 illa
1702 1986 1861 2018 tamen
1892 1982 1972 2017 tuo

326 2052 540 2104 imperio,
564 2051 858 2092 observande
880 2051 926 2091 in
949 2050 1087 2091 Chro.
1119 2049 1190 2091 Py
1215 2083 1222 2102 ,
1252 2062 1346 2090 non
1368 2051 1520 2090 minus
1541 2056 1731 2101 gratum
1753 2049 1839 2089 erit
1864 2048 1975 2089 scri-

330 2124 503 2174 psisse,
534 2134 674 2175 quam
699 2134 824 2162 nova
852 2122 1144 2173 praestitisse
1172 2121 1447 2172 iucundum;
1472 2122 1583 2161 illud
1612 2121 1757 2170 enim,
1792 2121 1831 2160 si
1861 2119 1978 2160 nihil

332 2195 482 2245 aliud,
525 2193 747 2245 ignaviae
788 2194 953 2233 saltem
992 2198 1182 2233 nostrae
1221 2193 1355 2233 nobis
1395 2192 1716 2244 cognitionem
1756 2197 1826 2231 est
1868 2191 1978 2230 alla-

332 2273 510 2306 turum.

413 2337 606 2376 Fratres
626 2335 871 2376 domestici
892 2341 1101 2375 veterem
1121 2336 1247 2375 illam
1269 2335 1316 2375 in
1338 2334 1552 2374 adversis
1574 2334 1889 2374 constantiam
1912 2333 1980 2373 sic

334 2407 554 2448 videntur
581 2418 823 2458 servasse,
855 2412 905 2446 ut
936 2418 985 2446 se
1012 2406 1198 2447 interim
1227 2418 1320 2446 non
1349 2406 1501 2445 solum
1530 2406 1720 2457 pietatis
1753 2405 1800 2444 in
1827 2404 1981 2456 proxi-

336 2491 463 2519 mum
501 2479 593 2518 hoc
632 2479 733 2530 ipso
767 2477 1003 2518 studiosos
1042 2489 1165 2528 esse,
1203 2488 1369 2517 Verum
1404 2477 1546 2516 etiam
1584 2476 1687 2517 aliis
1718 2487 1900 2528 quoque
1935 2475 1981 2515 in

336 2549 585 2590 Societatis
616 2555 802 2589 coetum
833 2548 1141 2599 adducendis,
1173 2549 1317 2588 multo
1354 2547 1562 2599 apertius
1598 2546 1981 2587 demonstrarint.

338 2621 543 2661 Numero
577 2620 700 2661 enim
726 2619 986 2660 undenario
1020 2619 1113 2659 iam
1144 2619 1235 2660 duo
1268 2619 1441 2659 Vellent
1471 2619 1752 2669 accessisse,
1788 2629 1984 2670 quorum

341 2693 472 2743 alter,
497 2692 574 2743 qui
594 2698 755 2732 scotus
776 2697 846 2731 est
867 2702 1062 2742 genere,
1087 2691 1133 2730 in
1154 2691 1305 2742 primo
1338 2691 1416 2730 illo
1447 2690 1593 2730 veluti
1622 2689 1819 2741 pistrino
1855 2701 1984 2729 exer-

344 2769 495 2814 cetur;
520 2763 558 2802 is
588 2768 657 2803 est
689 2768 733 2802 et
764 2762 977 2802 doctrina
1012 2768 1055 2802 et
1091 2773 1276 2802 morum
1309 2761 1599 2812 experientia
1639 2761 1816 2800 clarus.
1852 2759 1987 2800 Alter

340 2847 456 2874 vero
491 2835 584 2874 iam
610 2833 717 2874 inde
745 2839 1011 2885 exemptus,
1049 2833 1243 2873 maioris
1275 2838 1344 2873 est
1371 2832 1506 2873 nobis
1537 2832 1585 2872 in
1621 2831 1719 2872 dies
1750 2831 1875 2883 spei,
1909 2831 1986 2883 qui

399 3020 408 3039 ¹
448 3019 698 3054 Autographae
713 3020 746 3046 in
761 3018 841 3047 folio
857 3020 992 3055 duplici,
1008 3027 1039 3047 n.
1055 3019 1315 3053 cta—Quaedam
1330 3020 1364 3047 in
1378 3019 1419 3047 iis
1434 3019 1665 3054 explicatiora
1679 3022 1756 3046 sunt
1768 3025 1869 3053 quam
1884 3017 1989 3045 inita-

349 3066 543 3093 licis.—Eas
558 3066 753 3094 emendavit
769 3070 803 3094 et
818 3067 1014 3095 decurtavit
1033 3067 1207 3102 Polancus,
1223 3072 1259 3095 ut
1275 3067 1364 3095 infra
1381 3067 1447 3094 erit
1463 3066 1591 3094 videre.
