2168 3437
853 218 937 255 AN.
970 218 1061 255 1552
1622 207 1624 210 ’
1735 218 1782 255 39

143 323 343 367 statem,
385 314 550 366 majori
589 327 643 355 ac
685 315 955 355 modestiori
996 315 1250 355 attentione
1288 314 1589 365 moribusque
1629 315 1780 365 magis

142 387 418 439 compositis
438 392 482 426 et
504 386 734 426 desiderio
764 386 981 437 denique,
1012 398 1102 437 quo
1133 385 1196 425 illi
1224 391 1386 425 nostra
1417 385 1682 436 quaeritare
1710 397 1778 425 so-

144 460 252 498 lent.
290 458 432 497 Hisce
467 463 624 497 tamen
657 469 781 497 nunc
814 457 954 507 longe
989 455 1167 507 majora
1202 456 1413 508 polliceri
1447 456 1665 495 Videntur
1703 456 1779 495 ubi

140 535 272 569 certo
302 529 405 568 loco
433 528 571 568 rebus
603 528 836 576 omnibus,
867 539 986 579 quae
1007 533 1105 566 tum
1127 527 1184 566 ad
1213 527 1423 566 divinum
1451 527 1649 574 cultum,
1679 532 1777 566 tum

147 599 207 639 ad
229 599 491 639 animarum
511 599 852 650 promotionem
872 598 1129 650 pertinent,
1153 609 1237 637 suo
1260 598 1422 637 ordine
1444 597 1530 637 rite
1552 599 1775 648 composi-

144 670 225 720 tis,
267 669 534 709 divinorum
572 669 908 709 sacrificiorum
943 668 1226 708 suavitatem
1261 674 1452 718 gustare
1491 668 1697 718 dabitur;
1735 675 1779 708 et

143 753 237 781 non
266 746 447 780 tantum
486 746 681 780 externa
715 740 990 786 observare,
1024 750 1208 790 quaque
1236 739 1281 778 in
1313 739 1684 789 praesentiarum
1720 739 1779 778 ad

142 812 363 863 pietatem
393 811 583 862 egregie
617 816 935 861 provocantur
965 816 1411 861 promoventurque,
1444 810 1642 850 fratrum
1676 811 1776 850 reli-

142 882 276 933 giosa
310 882 479 933 ubique
515 881 757 921 modestia.
793 879 885 921 Sed
920 887 964 920 et
1000 881 1250 931 plurimum
1285 892 1551 932 puerorum,
1585 892 1700 932 quos
1735 886 1778 920 et

143 953 451 993 instituendos
487 953 798 1003 suscepimus,
842 952 1130 991 incremento
1165 958 1262 991 tam
1304 951 1349 991 in
1388 962 1597 1001 numerO,
1640 963 1779 1002 quam

143 1024 349 1063 moribus
377 1023 670 1075 praesertim,
696 1023 819 1074 quod
846 1023 893 1062 in
919 1022 1017 1062 dies
1047 1023 1268 1072 cernitur,
1292 1023 1400 1062 dum
1421 1022 1582 1062 vident
1603 1034 1684 1062 eos
1706 1034 1777 1062 co-

142 1106 245 1135 ram
273 1094 412 1134 altari
438 1099 700 1145 prostratos
728 1099 867 1145 atque
895 1094 988 1134 levi
1018 1080 1292 1133 labellorum
1322 1105 1558 1133 murmure
1595 1105 1777 1133 enume-

137 1171 302 1205 rantes
324 1165 668 1216 recitantesque
691 1165 953 1205 coronellas
976 1165 1026 1204 B.
1051 1164 1286 1215 Virginis,
1311 1177 1427 1216 quas
1445 1164 1779 1204 circumferunt

141 1247 322 1287 omnes;
352 1244 395 1276 et
425 1236 502 1287 qui
522 1236 642 1276 inter
674 1236 800 1287 ipsos
824 1235 921 1287 jam
951 1242 1057 1275 sunt
1083 1235 1424 1287 grandiusculi,
1450 1242 1779 1287 praeceptores

141 1319 250 1347 suos
267 1307 451 1358 ipsimet
472 1307 725 1346 sollicitare
747 1307 911 1357 solent,
931 1306 1129 1346 liceatne
1147 1312 1343 1357 peccata
1360 1307 1547 1358 saepius
1569 1306 1779 1347 confiteri

140 1390 198 1418 ac
233 1389 419 1418 sacram
454 1378 672 1429 synaxim
708 1389 892 1429 quoque
929 1389 1132 1427 sumere,
1171 1378 1293 1429 quod
1328 1389 1440 1417 sane
1480 1379 1554 1417 vel
1590 1379 1778 1418 duriora

143 1449 316 1502 alioqui
336 1455 527 1500 pectora
550 1449 758 1489 emollire
778 1449 942 1500 possit.
967 1448 1049 1488 Est
1070 1455 1316 1500 praeterea
1339 1449 1672 1488 concionatum
1701 1449 1776 1489 ali-

143 1520 324 1572 quoties
358 1519 405 1559 in
440 1520 762 1567 monasteriis,
799 1520 984 1571 templis
1019 1520 1388 1571 parochialibus,
1425 1520 1613 1571 plateis,
1644 1532 1698 1560 ac
1733 1520 1779 1560 in

142 1592 242 1643 ipso
265 1591 462 1642 denique
483 1590 608 1640 foro,
634 1598 683 1631 ut
704 1591 903 1642 tempori
925 1592 1127 1631 maxime
1147 1591 1400 1642 putabatur
1421 1591 1623 1642 servire,
1656 1592 1780 1642 quod

143 1670 187 1703 et
218 1663 374 1702 multis
402 1662 720 1714 perplacuisse
748 1663 1078 1702 intelleximus.
1110 1662 1494 1702 Confessionibus
1527 1674 1667 1713 porro
1702 1674 1778 1702 au-

142 1733 326 1773 diendis
362 1739 585 1773 vacatum
625 1740 694 1773 est
728 1733 930 1785 quidem,
967 1740 1014 1773 at
1050 1734 1097 1773 in
1131 1734 1428 1774 monasteriis
1464 1740 1643 1774 tantum
1681 1733 1778 1774 fere

140 1805 384 1844 hactenus.
409 1803 725 1854 Quamobrem
747 1805 1035 1856 excipiemus
1058 1805 1241 1854 (credo)
1266 1805 1536 1856 propediem
1557 1805 1777 1844 reforma-

137 1875 313 1915 tionem
348 1875 505 1925 uniu5‚
543 1875 621 1915 ubi
653 1881 761 1927 post
795 1876 1114 1916 confessiones
1148 1877 1355 1916 omnium
1388 1884 1607 1928 peractas
1641 1883 1779 1927 atque

132 1947 301 1986 crebro
334 1946 481 1986 etiam
503 1947 739 1998 repetitas,
764 1946 1057 1987 Sacramenti
1087 1959 1268 1999 quoque
1303 1948 1628 1988 Eucharistiae
1659 1959 1777 1987 sum-

138 2017 345 2068 ptionem
368 2029 422 2057 ac
443 2017 817 2069 exhortationes,
842 2018 932 2058 hac
954 2019 1009 2058 de
1032 2031 1081 2059 re
1110 2019 1270 2059 sedulo
1301 2020 1600 2059 meditantur.
1632 2019 1780 2058 Lubet

141 2095 186 2128 et
205 2089 282 2128 hic
303 2100 534 2140 pauperes
565 2090 806 2129 mendicos
837 2102 1171 2140 annumerare,
1206 2102 1404 2142 quorum
1434 2091 1643 2142 plerique
1674 2102 1777 2130 con-

142 2158 253 2199 fessi
282 2167 389 2199 sunt
418 2166 613 2211 peccata
642 2173 727 2200 sua
760 2160 899 2213 idque
925 2161 973 2201 in
999 2173 1181 2201 summo
1210 2162 1397 2213 templo,
1428 2173 1518 2212 quo
1547 2162 1779 2201 maximus

139 2230 216 2270 hic
242 2231 358 2270 solet
390 2243 494 2271 esse
526 2243 804 2281 concurSUS,
837 2239 1088 2284 postquam
1116 2233 1363 2284 provocati
1396 2239 1551 2273 essent
1579 2239 1622 2273 et
1653 2233 1779 2272 insti-

140 2301 227 2341 tuti
261 2302 441 2341 crebris
478 2303 882 2343 exhortationibus
907 2303 1126 2355 fratrum,
1160 2316 1278 2355 quae
1308 2304 1464 2344 omnia
1491 2305 1579 2344 hoc
1615 2303 1779 2355 majori

140 2377 239 2411 tum
260 2372 590 2423 admiratione,
615 2379 712 2414 tum
735 2374 1059 2415 aedificatione
1081 2382 1212 2426 gesta
1243 2382 1370 2426 sunt,
1404 2388 1495 2427 quo
1525 2376 1679 2415 rarius
1699 2375 1777 2414 hu-

137 2442 341 2494 jusmodi
363 2444 597 2484 videntur.
622 2444 969 2486 Tractabantur
991 2446 1218 2498 siquidem
1240 2447 1357 2486 haec
1378 2446 1581 2486 maxime
1608 2447 1655 2485 in
1676 2446 1777 2486 loco

143 2513 345 2564 publico.
386 2513 520 2554 Nunc
562 2527 676 2555 vero
717 2516 878 2557 diebus
918 2517 1164 2557 dominicis
1202 2529 1287 2557 nos
1326 2518 1497 2557 adeunt
1536 2517 1776 2557 doctrinae

143 2584 428 2624 christianae
456 2585 889 2637 interpretationem
920 2588 1138 2628 audituri.
1181 2588 1421 2628 Vocamur
1451 2587 1639 2627 tandem
1673 2588 1774 2627 sub-

141 2655 248 2695 inde
287 2655 347 2695 ad
393 2656 710 2698 confessiones
749 2659 1006 2699 audiendas
1045 2659 1412 2710 aegrotantium,
1454 2658 1619 2709 quibus
1659 2659 1772 2698 invi-

142 2726 299 2766 sendis
326 2727 575 2777 plurimum
611 2739 897 2780 occupamur
926 2729 1023 2781 jam
1058 2730 1114 2769 ab
1147 2730 1322 2781 aliquot
1351 2729 1670 2769 hebdomadis.
1706 2729 1773 2770 Id-

141 2796 294 2847 ipsum
326 2804 595 2848 praestatur
629 2810 655 2838 a
684 2799 819 2840 nobis
855 2807 900 2840 et
933 2800 981 2840 in
1015 2812 1226 2851 carcere,
1263 2801 1341 2840 ubi
1374 2812 1468 2840 non
1502 2801 1667 2840 desunt
1697 2800 1775 2852 qui

140 2866 410 2918 frequenter
439 2869 744 2921 adducantur,
775 2871 916 2911 etiam
946 2871 1005 2911 ad
1034 2871 1327 2912 §aeramenti
1359 2872 1672 2924 poenitentiae
1699 2883 1772 2922 pe-

142 2938 340 2978 riodum.
364 2938 619 2980 Doctrinae
641 2941 926 2982 christianae
946 2943 1297 2994 intepretationi
1323 2954 1418 2983 non
1444 2955 1552 2983 raro
1580 2943 1773 2982 interest

141 3007 199 3048 R.
224 3008 281 3048 D.
305 3010 548 3063 Vicarius3
572 3013 681 3053 item
703 3019 747 3054 et
767 3014 1058 3064 sacerdotes;
1084 3014 1166 3054 sed
1186 3021 1230 3055 et
1251 3015 1446 3055 subinde
1476 3014 1618 3054 etiam
1646 3013 1773 3053 nobi-
