2168 3437
909 277 993 314 AN.
1024 276 1115 314 1553
1450 254 1453 257 ’
1754 268 1824 305 423

186 379 386 431 denique
418 378 593 418 fratres
621 377 704 417 vix
738 381 930 428 possent
962 385 1075 426 prae
1107 371 1278 424 gaudio
1305 371 1541 421 lacrymas
1569 367 1822 415 continere,

189 449 363 490 nedum
385 449 443 490 ab
465 449 565 489 eius
586 447 876 499 amplexibus
897 444 1068 486 divelli.

269 519 360 561 Sed
379 532 530 572 pauca
551 519 607 559 de
627 519 749 570 ips0,
774 529 863 569 quo
885 515 1100 557 videlicet
1119 520 1257 566 pacto
1279 525 1328 553 se
1350 518 1455 564 post
1485 510 1718 562 baptisma
1748 519 1819 548 su-

188 597 402 643 sceptum
423 590 606 630 studeat
626 589 820 639 habere,
843 587 993 627 solum
1012 585 1317 637 proferemus.
1346 583 1529 624 Etenim
1561 581 1618 621 ab
1649 592 1705 620 ea
1734 579 1822 629 die,

189 662 238 702 in
264 674 356 713 qua
387 662 472 701 fuit
506 661 594 701 Dei
627 659 926 700 miseratione
953 662 1112 696 tantae
1139 655 1323 706 gratiae
1352 653 1588 706 particeps
1617 651 1822 700 effectus,

190 732 318 773 dedit
339 743 523 783 semper
548 741 754 782 operam,
774 741 867 769 non
888 739 972 768 sua
988 727 1134 767 fretus
1155 725 1416 778 prudentia,
1437 736 1519 764 seu
1535 723 1728 771 viribus,
1748 720 1830 762 sed

192 803 267 845 X.i
302 809 488 844 tantum
517 801 691 852 gratia,
726 805 776 840 ut
813 797 1194 839 candidissimam
1228 797 1356 836 illam
1393 801 1437 835 et
1476 794 1831 834 mundissimam

191 885 384 926 prorsus
419 872 718 913 innocentiae
750 877 931 910 vestem
967 869 1014 909 in
1050 880 1133 908 suo
1169 867 1373 907 candore
1408 870 1725 905 conservaret.
1757 864 1831 904 Ab

190 945 318 986 omni
354 944 587 996 siquidem
620 946 815 994 peccato
851 947 896 981 et
929 940 986 980 ab
1022 939 1150 979 omni
1182 938 1298 978 vitio
1327 937 1548 986 abstinet,
1579 934 1832 975 aedificans

192 1016 400 1069 quotidie
422 1027 561 1066 super
591 1014 657 1064 id,
686 1012 809 1065 quod
829 1012 1004 1052 iactum
1025 1016 1114 1060 est,
1140 1008 1492 1049 fundamentum
1523 1013 1680 1047 rectae
1710 1006 1830 1056 fidei,

190 1088 418 1128 Virtutum
457 1085 804 1138 operationem,
842 1094 937 1123 non
977 1082 1172 1132 ignarus
1205 1080 1459 1120 verborum
1493 1077 1616 1129 Apli.
1652 1077 1830 1130 Jacobi:

189 1158 353 1199 Fidem
374 1158 473 1198 sine
495 1156 713 1209 operibus
734 1160 967 1195 mortuam
987 1163 1103 1192 esse.
1126 1151 1178 1192 In
1199 1150 1433 1199 omnibus,
1468 1160 1586 1200 quae
1619 1154 1698 1188 aut
1733 1147 1830 1198 agit

193 1235 274 1270 aut
311 1228 515 1281 loquitur
558 1226 805 1267 aedificare
845 1236 1008 1265 omnes
1048 1223 1258 1273 enititur,
1308 1221 1603 1261 humiliorem
1651 1230 1835 1270 semper

194 1302 349 1341 locum
371 1299 548 1350 deligit,
573 1297 765 1338 minima
787 1306 1002 1348 quaeque
1021 1299 1218 1346 peccata
1239 1292 1359 1332 vitat
1380 1298 1509 1331 tanto
1533 1290 1702 1340 studio,
1726 1296 1775 1329 ut
1796 1290 1835 1328 si

194 1369 334 1422 (quod
367 1370 577 1409 humana
615 1367 847 1419 fragilitas
881 1365 965 1416 est)
1000 1365 1048 1405 in
1080 1363 1267 1415 aliquod
1297 1362 1532 1412 inciderit,
1563 1361 1835 1412 priusquam

195 1441 306 1481 illud
342 1440 544 1492 explicet
585 1437 896 1488 confessario,
925 1435 1108 1488 pondus
1140 1435 1295 1475 Aetna
1330 1436 1394 1482 (ut
1428 1433 1610 1480 dicitur)
1640 1431 1835 1482 gravius

194 1518 327 1565 putat
357 1512 604 1552 sustinere.
636 1510 693 1550 Et
721 1508 844 1561 quod
878 1514 947 1549 est
977 1507 1103 1548 dictu
1131 1507 1323 1557 mirum,
1355 1510 1555 1557 quatuor
1585 1502 1834 1555 aliquando

196 1589 276 1624 aut
300 1583 502 1635 quinque
525 1582 623 1622 dies
646 1580 857 1631 effluunt,
881 1579 929 1619 in
949 1579 1115 1631 quibus
1136 1578 1312 1618 nullam
1337 1577 1385 1616 in
1416 1588 1465 1616 se
1493 1575 1684 1615 noxiam
1712 1574 1834 1624 cogi-

193 1655 425 1695 tationem
446 1652 764 1705 deprehendit.
788 1651 923 1692 Adde
945 1649 1068 1702 quod
1089 1650 1135 1690 in
1155 1649 1244 1689 fide
1264 1649 1328 1688 ita
1349 1652 1586 1697 constans,
1610 1647 1675 1686 ita
1701 1645 1833 1686 robu-

196 1733 297 1766 stus
325 1731 415 1776 est,
445 1731 493 1764 ut
524 1736 620 1764 non
648 1723 812 1763 mirari
838 1720 1047 1762 divinam
1077 1721 1124 1760 in
1153 1732 1207 1760 eo
1236 1719 1440 1771 gratiam
1466 1730 1558 1758 non
1587 1717 1831 1769 possimus

204 1796 465 1838 Asseverat
486 1795 609 1835 enim
630 1794 754 1846 quod
773 1794 813 1834 si
997 1790 1007 1811 ¹
1030 1791 1281 1843 aliquando
1308 1790 1480 1842 prioris
1507 1801 1612 1829 eum
1639 1801 1732 1829 non
1759 1787 1833 1828 ad-

203 1874 412 1909 moneret
432 1868 583 1918 vitae,
617 1866 748 1907 cuius
776 1864 915 1906 valde
946 1864 1174 1916 poenitet,
1207 1874 1447 1913 nunquam
1480 1861 1566 1902 sibi
1593 1867 1726 1901 turca
1755 1860 1836 1900 sed

202 1940 419 1991 xpianus.
452 1938 596 1978 fuisse
627 1948 810 1989 semper
840 1935 1093 1976 videretur.
1123 1934 1290 1974 Merito
1320 1944 1433 1984 ergo
1462 1932 1837 1984 potentissimum

203 2010 315 2051 illud
336 2010 524 2050 divinae
544 2008 805 2049 Maiestatis
825 2007 1069 2047 brachium
1090 2005 1391 2054 admirantes,
1413 2015 1581 2044 canere
1602 2015 1709 2043 cum
1728 2002 1836 2042 Pro-

206 2081 349 2133 pheta
369 2091 633 2132 possumus:
654 2079 783 2119 Haec
803 2084 872 2118 est
892 2077 1091 2118 mutatio
1113 2077 1339 2117 dexterae
1355 2074 1599 2115 Excelsffl:
1619 2074 1703 2126 qui
1709 2073 1837 2124 facit

208 2151 446 2192 mirabilia
465 2151 600 2191 solus
625 2151 672 2191 in
693 2150 823 2190 coelo
851 2155 897 2189 et
926 2149 972 2189 in
993 2156 1119 2189 terra
1144 2147 1173 2188 ⁵.
1202 2147 1382 2188 Verum
1409 2147 1465 2187 de
1494 2146 1566 2186 his
1593 2146 1833 2185 hactenus.

206 2223 409 2275 Tempus
430 2223 553 2263 enim
572 2234 658 2262 nos
683 2222 902 2262 admonet
917 2226 966 2261 ut
986 2220 1057 2271 iis,
1079 2231 1197 2272 quae
1217 2231 1311 2259 non
1332 2218 1525 2269 indigna
1546 2217 1666 2257 scitu
1685 2216 1836 2256 adhuc

205 2294 393 2334 narrari
429 2299 646 2345 possent,
682 2291 1051 2344 praetermissis,
1083 2291 1142 2331 ad
1168 2302 1223 2331 ea
1251 2301 1370 2342 quae
1397 2294 1647 2340 supersunt
1674 2299 1834 2339 prope-

205 2376 376 2405 remus

286 2435 366 2476 Nr.
390 2435 530 2475 Pater
550 2433 566 2453 ⁴
584 2434 712 2474 hisce
741 2434 902 2474 diebus
933 2434 1063 2474 iussu
1089 2432 1138 2473 P.
1167 2431 1500 2481 Provincialis,
1529 2430 1758 2470 Bivonam
1787 2440 1836 2469 se

205 2507 418 2557 contulit,
438 2506 563 2557 quod
582 2512 652 2546 est
675 2505 894 2557 oppidum
911 2504 1106 2545 Comitis
1122 2503 1353 2544 Lunensis
1370 2501 1399 2553 ⁵,
1421 2502 1584 2553 generi
1600 2500 1834 2551 Proregis‚

204 2583 255 2618 ut
275 2577 388 2618 inibi
409 2577 584 2629 aliquot
606 2576 703 2616 dies
724 2587 904 2616 moram
923 2575 1120 2625 faceret,
1143 2575 1220 2614 ubi
1240 2585 1323 2625 per
1344 2574 1446 2613 illos
1468 2573 1567 2612 dies
1588 2578 1631 2612 et
1656 2571 1837 2611 concio-

205 2654 344 2689 natus
374 2654 464 2696 est,
497 2654 541 2688 et
575 2647 881 2687 christianam
912 2646 1176 2687 doctrinam
1209 2645 1438 2697 exposuit.
1471 2643 1621 2694 Quam
1652 2642 1839 2694 quidem

261 2810 270 2829 ¹
311 2809 528 2837 Vocabulum
543 2812 593 2836 est
608 2808 663 2835 hic
679 2806 847 2842 quoddam
868 2806 1100 2840 emendatum,
1124 2805 1184 2833 sed
1204 2806 1254 2832 ita
1274 2805 1490 2831 emendatum
1509 2807 1545 2831 ut
1567 2807 1660 2831 certo
1682 2804 1754 2831 erui
1775 2811 1839 2831 non

207 2858 314 2892 possit
328 2865 371 2884 an
387 2857 554 2890 scriptum
567 2855 613 2883 sit
631 2856 794 2888 daemon,
807 2862 851 2882 an
865 2861 995 2887 sermo,
1006 2861 1049 2881 an
1064 2854 1250 2885 memoria,
1263 2856 1323 2879 aut
1337 2852 1416 2886 quid
1430 2851 1549 2879 simile.

261 2905 274 2924 ²
312 2904 367 2932 Ps.
382 2911 497 2937 Lxxw,
514 2904 556 2931 11.

261 2953 276 2973 3
311 2952 367 2979 Ρ5.
382 2959 475 2986 LXXI,
492 2951 534 2978 18.

260 3001 276 3021 4
311 2999 349 3027 P.
366 2999 494 3027 Paulus
509 2999 537 3026 d'
556 2998 714 3030 Achillis,
729 2996 970 3024 Panormitano
986 2996 1136 3031 Collegio
1151 2996 1378 3031 praepositus.

262 3048 276 3068 5
312 3048 435 3075 Petrus
450 3047 490 3074 de
504 3046 620 3080 Luna,
637 3045 757 3073 Comes
773 3045 812 3072 de
827 3044 925 3072 Luna
940 3048 973 3072 et
988 3045 1065 3072 Dux
1084 3044 1123 3071 de
1141 3044 1289 3078 Bibona,
1305 3044 1360 3078 qui
1375 3044 1475 3078 paulo
1491 3046 1571 3070 ante
1585 3049 1725 3070 uxorem
1741 3042 1840 3069 duxe-

209 3098 266 3124 rat
279 3095 471 3129 Elisabeth,
487 3093 626 3127 Joannis
641 3093 680 3120 de
695 3092 806 3127 Vega,
822 3092 957 3121 Siciliae
973 3092 1145 3127 Pro-regis
1156 3114 1162 3126 ,
1175 3091 1289 3120 filiam.
