2168 3437
876 238 961 276 AN.
993 238 1085 275 1554
1726 235 1797 272 575

153 338 342 380 tametsi
367 336 602 386 doctrina,
634 336 807 387 pietate
837 346 950 375 sane
982 335 1130 374 altero
1156 344 1455 385 nequaquam
1487 337 1556 372 est
1584 331 1792 373 inferior.

155 410 256 450 Hos
276 408 406 449 Deus
434 413 534 459 opt.
560 418 685 446 max.
718 405 876 446 fideles
903 405 1153 457 aliquando
1184 404 1321 444 huius
1348 404 1473 455 agri,
1508 401 1628 443 aridi
1658 402 1796 454 plane

158 486 203 520 et
225 479 373 520 divini
394 490 510 530 pene
531 476 720 517 seminis
742 476 961 527 expertis,
987 475 1155 515 efficiat
1177 476 1402 525 cultores,
1427 485 1628 526 quorum
1654 484 1796 525 penu-

157 551 278 591 riam
298 549 466 590 acerbe
486 547 729 597 deflemUS,
753 558 894 597 quam
913 545 1030 586 haec
1052 546 1163 586 urbs
1184 545 1405 598 perusina
1434 551 1619 596 praeter
1646 549 1795 584 caete-

161 633 241 662 ras
262 621 457 661 nimium
477 619 763 669 nimiumque
784 616 1043 668 experitur.

239 692 292 731 In
319 690 513 741 scholis,
548 689 587 730 si
615 700 710 728 non
735 698 976 736 numerus,
1009 692 1264 738 proventus
1291 692 1449 726 tamen
1476 686 1800 737 undecumque

163 768 377 814 augetur,
400 766 648 813 parentum
673 758 850 811 passim
876 757 1143 798 testimonio
1171 763 1323 807 ratus,
1354 758 1433 808 qui
1460 758 1639 809 prolem
1669 767 1804 796 suam

160 834 366 886 quotidie
388 838 433 873 et
453 831 836 883 compositiorem
856 836 900 869 et
922 828 1223 869 eruditiorem
1246 828 1621 880 deprehendunt.
1651 828 1804 879 Roga-

160 912 236 945 tus
263 904 452 957 quidam
483 915 566 943 cur
593 914 651 942 ex
682 902 881 942 aliorum
909 901 1145 952 palaestra
1175 899 1320 939 filium
1347 911 1482 940 suum
1516 900 1563 940 in
1594 905 1805 940 nostram

162 976 455 1025 deduxisset,
494 974 602 1024 hoc,
633 973 803 1025 inquit,
835 971 1036 1020 veritus,
1065 983 1123 1010 ne
1153 976 1198 1010 et
1219 971 1375 1010 animo
1399 982 1582 1022 quoque
1605 981 1806 1010 mancus

163 1058 357 1099 prorsus
377 1045 666 1095 redderetur;
691 1049 792 1084 erat
813 1043 936 1083 enim
956 1042 1063 1082 huic
1093 1041 1292 1081 monstri
1321 1042 1476 1092 potius
1497 1053 1638 1093 quam
1661 1041 1805 1081 homi-

164 1118 239 1158 nis
267 1116 457 1168 effigies.
482 1115 574 1156 Sed
594 1127 651 1155 ne
673 1115 829 1155 omnia
850 1114 1133 1163 studiorum,
1158 1124 1214 1152 ac
1235 1112 1514 1164 praesertim
1544 1112 1808 1152 rhetoricae

167 1195 212 1230 et
230 1199 433 1240 graecae
454 1186 799 1239 praelectionis,
825 1184 1072 1225 commoda
1095 1190 1138 1224 et
1160 1183 1357 1233 fruetus,
1383 1183 1460 1234 qui
1476 1184 1665 1234 plurimi
1683 1188 1806 1233 sunt,

168 1271 440 1312 persequar,
466 1258 557 1298 alio
581 1257 829 1297 divertam.

249 1330 319 1371 Ea
340 1330 463 1370 enim
483 1328 669 1369 tametsi
688 1328 946 1368 maximum
973 1337 1145 1366 nomen
1173 1337 1228 1365 ac
1254 1325 1414 1375 fidem,
1446 1336 1565 1377 quae
1594 1323 1813 1364 iuvandis

170 1402 398 1454 proximis
435 1400 664 1451 singulari
691 1399 959 1439 adiumento
991 1404 1082 1448 est,
1114 1396 1339 1437 Societati
1371 1396 1662 1447 pepererint,
1694 1407 1813 1435 rese-

171 1473 258 1513 ctis
279 1473 459 1513 interea
480 1482 694 1511 errorum
714 1470 929 1521 salebris,
955 1468 1086 1509 auxit
1107 1474 1266 1507 tamen
1286 1468 1439 1517 magis
1473 1467 1664 1506 assidua
1694 1478 1812 1518 pene

170 1544 470 1595 negotiorum
490 1541 850 1591 administratio,
875 1539 1040 1592 quibus
1062 1550 1156 1578 non
1183 1539 1337 1578 minus
1368 1537 1611 1577 daemonis
1645 1537 1817 1576 astutia

173 1621 242 1655 est
263 1616 497 1666 collapsa,
531 1625 672 1665 quam
701 1611 949 1652 instaurati
970 1611 1144 1650 civium
1176 1609 1340 1665 animi.
1368 1609 1522 1660 Atque
1549 1609 1668 1648 inter
1697 1608 1817 1648 haec

173 1686 370 1737 contigit
400 1691 451 1725 ut
478 1683 847 1724 famosissimum
873 1681 1004 1732 illud,
1038 1680 1164 1732 quod
1192 1686 1389 1729 vocant,
1419 1679 1696 1731 J‘ubilaeum,
1729 1690 1814 1730 pro

173 1757 411 1797 Britannis
433 1763 479 1796 et
502 1754 771 1803 Germanis,
807 1754 897 1794 illis
919 1753 1105 1804 quidem
1127 1751 1481 1801 confirmandis,
1507 1751 1580 1790 his
1610 1761 1724 1790 vero
1757 1749 1816 1790 ad

172 1827 312 1868 fidem
352 1826 661 1868 christianam
699 1824 998 1875 reducendis,
1035 1823 1082 1863 in
1116 1823 1288 1874 templo
1329 1827 1489 1862 nostro
1540 1821 1818 1861 consideret.

175 1899 323 1939 Porro
357 1898 433 1938 hic
460 1897 774 1937 confluentem
801 1895 1145 1935 multitudinem
1179 1905 1234 1933 ac
1271 1892 1582 1933 multitudinis
1617 1892 1823 1932 fructum

177 1970 333 2010 dicere
354 1981 440 2009 nec
463 1975 603 2008 vacat
625 1979 711 2007 nec
730 1978 942 2018 possum.
970 1965 1092 2005 Nam
1118 1965 1205 2004 etsi
1233 1963 1388 2004 aditus
1419 1963 1478 2003 sit
1508 1963 1824 2014 amplissimus

177 2053 263 2094 pro
285 2040 445 2092 templi
472 2039 714 2089 vastitate,
746 2037 847 2077 fieri
876 2047 1174 2088 nequaquam
1200 2035 1351 2087 potuit
1385 2035 1496 2086 quin
1526 2046 1609 2086 per
1637 2033 1823 2085 quinde-

183 2113 275 2153 cim
300 2111 397 2152 fere
424 2117 547 2151 totos
582 2110 680 2150 dies
715 2109 846 2160 ipsae
881 2114 1102 2148 catervae
1138 2107 1404 2157 ingressum
1442 2104 1823 2153 intercluderent,

185 2183 452 2235 optantibus
487 2182 720 2234 plerisque
754 2186 798 2220 et
829 2179 1087 2219 vastiorem
1121 2184 1165 2218 et
1191 2177 1456 2229 digniorem
1485 2176 1622 2216 nobis
1652 2176 1825 2215 locum.

185 2254 257 2294 Ac
285 2265 398 2294 sane
422 2260 532 2293 tunc
562 2251 787 2302 temporis
820 2250 1209 2301 benignissimum
1242 2247 1642 2288 Reverendissimi
1669 2246 1825 2286 Prole-

185 2326 285 2377 gati
309 2325 541 2375 totiusque
569 2329 759 2363 senatus
790 2322 997 2362 animum
1025 2332 1184 2360 sumus
1212 2319 1414 2371 experti,
1450 2318 1705 2358 visitarunt
1732 2323 1831 2357 tum

186 2397 251 2437 illi
270 2396 410 2436 aedes
431 2400 620 2434 nostras
641 2400 685 2434 et
706 2393 894 2444 saepius
917 2399 961 2432 et
982 2391 1253 2432 studiosius.
1278 2390 1495 2430 Patribus
1520 2389 1701 2429 interea
1719 2421 1725 2437 ,
1751 2388 1829 2440 qui

189 2468 263 2508 hic
285 2472 391 2507 sunt
412 2466 518 2515 duo,
542 2465 602 2505 ad
621 2465 807 2504 tertiam
829 2462 1169 2514 propemodum
1194 2461 1347 2501 noctis
1376 2461 1541 2500 horam
1571 2459 1830 2499 ministerio

188 2537 474 2579 sacramenti
512 2536 826 2587 poenitentiae
865 2533 1170 2583 vacantibus,
1214 2532 1293 2572 ubi
1330 2543 1472 2582 quam
1506 2531 1651 2570 multa
1687 2541 1835 2581 eaque

193 2609 349 2650 multis
369 2607 569 2648 saeculis
590 2607 775 2646 occulta
802 2605 1004 2656 flagitia,
1044 2617 1068 2644 e
1102 2603 1423 2644 confitentium
1457 2608 1647 2653 pectore
1683 2607 1835 2641 extor-

194 2680 361 2730 serint,
385 2690 526 2730 quam
546 2679 716 2718 multos
739 2676 798 2716 ad
823 2682 951 2716 recte
976 2677 1204 2727 beateque
1231 2673 1426 2714 vivendi
1454 2684 1669 2713 normam
1700 2672 1832 2712 redu-

196 2752 370 2798 xerint,
401 2756 531 2802 quot,
562 2749 728 2800 quibus
748 2749 843 2788 iam
869 2754 919 2788 ut
946 2746 1206 2799 desperatis
1235 2751 1446 2785 extrema
1477 2750 1579 2784 erat
1610 2743 1834 2793 anchora,

198 2821 526 2871 solidaverint,
550 2832 644 2860 non
664 2825 734 2859 est
761 2819 896 2859 huius
922 2818 1188 2867 brevitatiS‚
1224 2816 1301 2856 cui
1328 2827 1626 2866 summopere
1656 2814 1835 2864 studeo,

199 2893 370 2933 dicere.
394 2892 496 2932 Hoc
516 2891 688 2931 addam
708 2897 884 2940 tamen,
908 2889 1062 2941 quoad
1090 2887 1142 2928 S.
1161 2886 1504 2928 Eucharistiae
1528 2886 1838 2926 ministerium

201 2964 386 3014 attinet,
426 2963 552 3003 nullo
587 2972 793 3013 unquam
825 2966 1058 3011 tempore,
1091 2959 1130 2998 si
1163 2957 1539 2998 Resurrectionis
1575 2957 1841 2997 dominicae

202 3035 506 3075 festivitatem
542 3033 722 3083 demas,
752 3032 910 3083 plures
939 3041 1126 3071 sacram
1160 3028 1382 3081 synaxim
1415 3028 1685 3080 sumpsisse.
1723 3027 1841 3068 Effe-
