2168 3437
885 269 966 307 AN.
998 270 1089 308 1554
1734 273 1807 310 635

168 362 247 412 qui
267 362 404 414 hujus
425 364 492 403 rei
513 375 657 404 causa
679 365 738 405 ad
758 377 843 406 nos
864 366 1113 417 accedunt,
1145 368 1448 420 lubenterque
1470 377 1803 421 cooperatores

167 432 349 485 aliquos
370 434 429 474 ad
449 434 540 475 hoc
562 447 681 487 opus
702 437 1042 489 acciperemus,
1065 445 1203 490 prout
1225 438 1321 490 jam
1344 440 1420 480 diu
1441 447 1510 480 est
1531 441 1654 492 quod
1675 453 1701 481 a
1722 453 1799 481 no-

167 510 263 544 stro
283 504 332 544 P.
361 504 645 546 Provinciali
667 505 676 525 ¹
699 507 826 558 ipsos
851 509 1072 560 petimus,
1095 510 1186 550 nisi
1211 511 1469 551 necessitas
1498 512 1803 552 succurrendi

168 574 270 614 aliis
292 575 526 627 domibus,
559 588 677 628 quae
705 578 751 617 in
781 578 979 619 diversis
1008 580 1219 631 partibus
1247 581 1523 631 fundantur,
1556 583 1802 633 impediret

167 645 413 696 quominus
434 646 493 686 ad
514 659 601 687 nos
621 648 800 699 possint
830 650 949 689 mitti
980 655 1076 690 tam
1105 650 1357 692 desiderati
1379 651 1687 703 coadjutores.
1711 653 1801 693 Ve-

166 726 271 755 rum
292 716 566 757 confidimus
583 719 707 770 quod
724 718 953 760 Dominus
971 720 1048 772 qui
1069 720 1227 762 fideles
1244 732 1354 762 suos
1371 724 1523 774 tangit
1539 730 1583 763 et
1600 736 1801 764 messem

165 792 324 838 parat,
348 799 443 827 non
464 788 668 828 tardabit
689 789 872 830 mittere
896 792 1138 842 operarios
1160 792 1207 832 in
1228 793 1417 833 vineam
1434 805 1581 835 suam.

241 858 376 899 Unde
398 859 552 910 qualia
576 866 620 899 et
642 872 783 912 quam
810 867 974 902 notatu
1003 862 1146 913 digna
1174 862 1403 904 Dominus
1432 872 1653 915 operatus
1675 866 1733 906 sit
1754 867 1802 906 in

165 930 417 970 multorum
439 930 706 981 animabus,
731 943 790 971 ex
810 931 1018 983 ipsorum
1040 934 1258 984 operibus
1281 935 1396 974 satis
1416 935 1465 975 fit
1485 936 1799 987 manifestum;

165 1001 545 1053 quandoquidem
589 1002 912 1043 concubinarii
956 1015 1050 1043 non
1090 1005 1250 1055 pauci,
1296 1005 1447 1056 ipsam
1488 1007 1802 1048 damnationis

170 1072 299 1112 viam
319 1072 571 1123 fugientes,
597 1074 883 1114 concubinas
904 1085 1013 1114 suas
1033 1075 1344 1126 reliquerunt;
1378 1089 1432 1117 ac
1464 1090 1648 1118 omnem
1669 1091 1801 1119 occa-

168 1142 347 1183 sionem
370 1142 428 1183 ad
449 1143 537 1183 hoc
558 1144 785 1195 peccandi
816 1155 965 1195 genus
992 1145 1217 1185 redeundi
1242 1146 1554 1198 detestarunt,
1579 1149 1801 1201 falsisque

166 1214 404 1254 amoribus
435 1214 481 1253 in
511 1225 651 1254 veros
683 1215 1003 1267 commutatis,
1041 1216 1088 1255 in
1121 1216 1363 1268 frequente
1395 1227 1801 1261 sacramentorum

164 1296 253 1325 usu
273 1291 595 1336 perseverant.
632 1285 837 1338 Eratque
859 1292 990 1326 tanta
1016 1286 1285 1338 ignorantia
1310 1289 1411 1328 veri
1433 1290 1479 1329 in
1502 1291 1730 1342 aliquibus
1752 1298 1801 1332 ut

163 1356 481 1396 invenerimus
502 1356 730 1407 quosdam
757 1357 908 1408 pactis
939 1357 1217 1409 quibusdam
1247 1365 1290 1398 et
1327 1360 1691 1412 conditionibus,
1720 1362 1799 1402 fal-

162 1438 264 1467 sam
283 1427 505 1478 pietatem
526 1428 952 1479 praetendentibUS,
971 1428 1199 1480 peccandi
1215 1441 1350 1470 usum
1371 1431 1458 1470 sibi
1480 1431 1798 1473 confirmasse.

160 1497 407 1538 Voverant
428 1499 551 1538 enim
573 1499 660 1538 sibi
682 1499 884 1539 invicem
908 1498 1175 1550 juramento
1206 1501 1380 1551 medio,
1411 1502 1651 1553 videlicet,
1680 1504 1799 1555 ipsa,

160 1580 266 1609 cum
288 1569 492 1620 alioquin
513 1569 705 1609 haberet
726 1570 959 1621 maritum,
985 1571 1250 1611 castitatem
1270 1572 1359 1611 nisi
1381 1584 1486 1612 cum
1503 1573 1604 1624 ipso
1625 1586 1799 1614 concu-

158 1640 361 1690 binario;
386 1640 483 1692 ipse
505 1646 661 1680 autem
687 1647 736 1680 ut
763 1653 866 1681 eam
886 1642 1151 1682 institueret
1172 1642 1425 1683 haeredem
1446 1644 1674 1685 bonorum
1696 1657 1801 1686 suo-

162 1721 281 1760 rum;
315 1722 421 1751 cum
456 1711 559 1751 aliis
586 1711 929 1752 conditionibus
956 1712 1149 1764 illicitis,
1180 1713 1369 1754 inimico
1396 1716 1583 1765 generis
1610 1716 1799 1756 humani

159 1781 436 1833 instigante,
456 1793 559 1822 sese
580 1782 783 1822 invicem
805 1783 1125 1835 illaqueantes.
1158 1784 1257 1825 Hos
1283 1785 1512 1826 Dominus
1535 1787 1593 1827 ad
1614 1799 1699 1827 nos
1721 1788 1796 1828 ad-

156 1852 303 1903 duxit,
328 1853 420 1905 qui,
446 1853 646 1904 cognitis
668 1854 905 1894 erroribus
927 1855 1036 1906 suis,
1061 1856 1398 1907 poenitentiam
1419 1865 1630 1908 egerunt,
1651 1859 1797 1899 omni-

156 1924 335 1975 busque
356 1924 404 1964 in
425 1924 672 1975 pristinum
702 1931 876 1965 statum
906 1926 1132 1976 reductis,
1157 1933 1328 1967 octavo
1358 1940 1542 1980 quoque
1564 1929 1637 1968 die
1660 1929 1798 1969 confi-

156 1999 311 2034 tentur
331 2000 375 2034 et
397 1995 744 2036 communicant
765 2007 873 2036 cum
893 2008 1066 2048 magno
1088 2004 1131 2037 et
1146 1997 1359 2038 fervente
1380 1999 1621 2050 proposito
1643 2012 1796 2051 perse-

155 2064 367 2105 verandi.
391 2065 486 2106 Alii
509 2066 650 2106 etiam
672 2078 768 2107 non
796 2068 936 2118 pauci
961 2067 1051 2107 alia
1082 2068 1311 2119 peccandi
1330 2080 1521 2120 genera,
1544 2071 1686 2122 longo
1708 2082 1795 2111 usu

152 2136 249 2188 jam
265 2137 529 2178 inveterata
546 2143 590 2177 et
603 2138 827 2190 enormia,
853 2139 1153 2191 reliquerunt,
1178 2151 1312 2191 quae,
1333 2141 1440 2191 quia
1464 2142 1655 2193 longum
1672 2148 1794 2182 esset

156 2219 418 2259 recensere,
438 2214 588 2249 taceo.

235 2278 436 2330 Quidam
463 2286 698 2320 mercator
724 2279 860 2331 hujus
888 2281 1066 2333 oppidi,
1100 2281 1197 2334 jam
1226 2290 1481 2334 provectae
1508 2285 1691 2335 aetatis,
1720 2285 1793 2326 his

156 2349 318 2390 diebus
340 2350 511 2402 elapsis
532 2352 733 2391 accessit
754 2352 813 2392 ad
841 2364 927 2392 nos
953 2358 1003 2392 ut
1030 2353 1328 2393 confiteretur
1353 2360 1550 2405 peccata
1573 2366 1672 2406 sua,
1698 2356 1790 2407 qui,

155 2421 275 2460 inter
297 2420 389 2460 alia
404 2427 600 2472 peccata
618 2433 716 2472 sua,
736 2423 988 2463 multorum
1004 2423 1127 2463 bona
1144 2424 1269 2474 apud
1285 2436 1334 2464 se
1352 2423 1519 2475 injuste
1536 2425 1789 2477 detinebat,

153 2491 218 2531 ita
239 2497 290 2531 ut
309 2491 648 2543 restitutioneS,
673 2493 839 2544 quibus
860 2493 1089 2534 obnoxius
1110 2501 1234 2545 erat,
1258 2495 1539 2535 excederent
1560 2508 1792 2537 summam

155 2562 279 2602 mille
297 2562 589 2613 ducatorum,
609 2575 636 2603 a
652 2563 796 2614 longo
814 2569 1038 2616 tempore,
1058 2565 1146 2605 hoc
1163 2572 1246 2616 est,
1266 2566 1436 2606 abhinc
1454 2567 1622 2618 viginti
1638 2568 1788 2619 annis,

154 2633 430 2673 debitorum.
454 2633 576 2674 Huic
603 2634 650 2674 in
680 2635 783 2686 ipsa
814 2636 1107 2677 confessione
1137 2638 1202 2677 ita
1233 2637 1384 2677 illuxit
1413 2637 1642 2678 Dominus
1663 2645 1707 2678 et
1727 2639 1791 2678 ita

154 2703 254 2755 ejus
274 2704 556 2756 praecordia
576 2705 821 2756 percussit,
842 2712 890 2746 ut
908 2707 955 2746 in
971 2708 1132 2758 largas
1148 2719 1460 2760 prorumpens
1475 2709 1729 2749 lachrimas
1747 2715 1792 2750 et

152 2775 370 2826 gemitus,
403 2775 610 2826 seipsum
635 2776 848 2826 graviter
878 2777 1129 2829 increpans
1159 2778 1283 2829 quod
1310 2778 1538 2820 hactenus
1568 2792 1662 2819 non
1691 2786 1787 2820 tan-

153 2857 292 2897 quam
314 2845 598 2886 christianus
618 2846 700 2886 sed
720 2846 842 2887 sicut
861 2858 1076 2899 paganus
1104 2849 1299 2900 vixerit,
1330 2855 1379 2889 ut
1408 2850 1491 2890 vix
1513 2851 1790 2890 consolatio-

150 2928 258 2957 nem
278 2917 336 2957 ab
357 2917 458 2969 ipso
480 2916 770 2958 confessario
792 2918 1007 2970 accipere
1029 2920 1188 2971 vellet,
1213 2920 1287 2960 cui
1306 2920 1428 2961 bona
1450 2933 1535 2961 sua
1557 2921 1719 2962 obtulit
1740 2928 1789 2962 ut

206 3076 216 3096 1
255 3076 291 3104 P.
307 3077 478 3105 Antonius
491 3078 530 3105 de
545 3079 669 3107 Araoz.
