2168 3437
326 319 398 356 25⁴2
841 314 1068 351 LITTERAE
1095 324 1452 356 QUADRJMESTRES

315 422 423 455 ctus
457 412 603 463 signis
637 410 989 459 demonstratis,
1027 420 1200 460 magno
1238 409 1393 450 affecti
1425 409 1601 461 gaudio
1638 413 1953 448 recesserunt.

317 485 426 535 Alii,
450 490 495 524 et
511 483 558 523 hi
574 494 670 523 non
687 482 840 533 pauci,
859 481 1122 531 adfuerunt,
1143 481 1222 533 qui
1239 487 1345 521 ante
1361 481 1534 521 multos
1551 491 1700 520 annos
1716 490 1956 531 nunquam

318 555 571 597 salutiferis
592 553 903 593 sacramentis
923 552 996 592 usi
1025 552 1226 603 fuerant,
1251 564 1306 592 ac
1338 552 1464 592 vitiis
1494 551 1744 591 inveterati
1772 562 1829 591 ac
1860 557 1961 590 tan-

318 638 460 679 quam
481 625 689 666 membra
710 624 892 664 inutilia
914 635 969 663 ac
991 623 1123 663 arida
1147 623 1293 663 vitam
1314 621 1530 674 agebant,
1555 622 1674 662 inter
1692 633 1808 673 quos
1827 632 1957 673 prac-

317 698 481 739 sertim
502 702 717 748 repertus
739 695 823 735 fuit
845 707 965 735 unus
988 695 1066 746 qui
1089 700 1229 743 certe,
1253 694 1361 734 licet
1389 693 1557 734 aetatis
1587 698 1821 743 maturae,
1856 699 1963 732 ante

320 775 499 821 septem
529 774 609 808 aut
636 773 742 807 octo
771 778 921 807 annos
955 777 1197 818 nunquam
1232 765 1474 805 confessus
1510 770 1627 815 erat,
1666 770 1709 804 et
1745 764 1888 804 semel
1918 763 1964 803 in

320 841 449 881 omni
471 840 566 880 vita
590 839 649 879 ad
677 850 875 878 coenam
901 837 1091 878 Domini
1122 843 1406 877 accesserat.
1443 836 1698 876 Enimvero
1727 835 1776 875 hi
1805 846 1967 874 omnes

321 918 429 952 sunt
449 911 649 962 impulsi,
674 916 773 950 tum
794 909 854 950 ad
874 916 1179 961 peccatorum
1200 907 1409 948 dolorem
1426 913 1470 948 et
1486 909 1678 957 luctum,
1698 912 1797 946 tum
1814 905 1963 946 conci-

321 984 423 1024 liati
445 983 631 1024 Christo
654 981 873 1032 Domino,
893 993 948 1021 ac
966 981 1013 1020 in
1030 980 1153 1020 hanc
1172 979 1453 1020 sententiam
1471 978 1661 1019 adducti
1679 984 1729 1018 ut
1746 978 1968 1028 deinceps

324 1056 474 1096 vitam
490 1060 617 1094 recte
633 1053 772 1093 factis
789 1052 1035 1102 redimere,
1054 1064 1110 1092 ac
1128 1052 1362 1101 tenebras,
1382 1051 1428 1090 in
1447 1050 1612 1102 quibus
1623 1049 1788 1101 perdiu
1802 1048 1969 1089 misere

325 1126 504 1167 versati
525 1126 731 1175 fuerant,
755 1123 920 1175 fugere
942 1128 1217 1163 statuerent.

404 1197 625 1238 Nonnulli
645 1195 871 1236 haeretici
892 1195 1268 1244 intervenerunt,
1300 1193 1378 1245 qui
1408 1193 1551 1233 nimia
1580 1191 1880 1243 simplicitate
1913 1190 1971 1229 ab

328 1269 554 1322 improbis
571 1268 744 1309 Christi
760 1267 972 1307 hostibus
993 1266 1177 1317 decepti
1197 1265 1397 1306 fuerant:
1422 1276 1588 1305 verum
1605 1275 1749 1316 quum
1765 1263 1833 1302 rei
1849 1262 1967 1301 Veri-

326 1347 421 1382 tate
455 1340 629 1390 (divino
663 1339 828 1390 spiritu
864 1337 1168 1388 suffragante)
1206 1343 1362 1376 essent
1399 1335 1617 1377 instructi
1649 1347 1704 1375 ac
1732 1332 1969 1381 illustrati,

324 1412 588 1453 effuderunt
611 1410 904 1451 confessione
927 1421 1063 1449 omne
1093 1420 1328 1449 venenum
1350 1419 1563 1448 errorum
1584 1411 1880 1457 conceptum,
1912 1415 1967 1444 ac

327 1485 392 1524 ita
429 1483 629 1523 absoluti
664 1483 710 1522 in
752 1481 977 1531 Domino,
1024 1480 1252 1520 abierunt.
1291 1479 1535 1520 Venerunt
1570 1479 1628 1519 ad
1663 1489 1749 1518 nos
1783 1475 1972 1529 plurimi

272 1556 279 1565 ”
335 1555 413 1596 alii
434 1555 555 1595 varii
577 1553 763 1605 generis
792 1552 1012 1592 maximis
1040 1564 1096 1592 ac
1127 1551 1478 1592 detestabilibus
1504 1549 1712 1602 peccatis
1738 1547 1898 1589 infecti
1919 1558 1975 1587 ac

331 1626 555 1677 corrupti.

412 1698 719 1738 Elaboratum
749 1701 819 1735 est
849 1701 898 1735 ut
930 1694 1182 1734 nonnullae
1209 1694 1320 1734 item
1348 1693 1618 1749 meretrices
1646 1697 1691 1731 et
1712 1689 1976 1731 huiusmodi

332 1770 452 1810 aliae
487 1781 512 1808 a
547 1768 791 1808 libidinum
826 1766 1042 1807 sordibus
1076 1771 1407 1815 avocarentur,
1445 1764 1752 1815 effectumque
1783 1762 1975 1802 tandem

335 1847 404 1881 est
432 1846 481 1881 ut
510 1852 569 1880 ex
597 1840 686 1879 illis
715 1850 856 1879 unam
884 1849 995 1878 vere
1023 1849 1078 1878 ac
1111 1843 1237 1877 recte
1264 1835 1548 1888 poenituerit
1583 1845 1774 1875 suorum
1806 1844 1975 1885 pecca-

336 1920 511 1962 torum,
544 1918 642 1951 tum
671 1911 795 1950 vitae
823 1910 1107 1961 praeteritae
1135 1920 1331 1948 morum.
1362 1907 1493 1956 Alia,
1526 1918 1644 1958 quae
1666 1906 1807 1945 etiam
1838 1916 1864 1944 a
1886 1904 1976 1956 pie-

336 1990 432 2024 tate
463 1982 768 2031 abhorrebat,
806 1981 890 2021 fuit
927 1981 1179 2021 constituta
1211 1980 1257 2019 in
1294 1979 1607 2019 foeminarum
1641 1986 1979 2017 conversarum

337 2054 585 2104 coenobio,
623 2054 777 2104 ibique
809 2052 1149 2092 studiosissime
1186 2062 1235 2091 se
1266 2057 1413 2090 totam
1449 2049 1609 2089 divino
1639 2048 1782 2088 cultui
1817 2046 1975 2087 tradit.

338 2126 588 2167 Caeterum
617 2136 760 2176 quum
787 2124 833 2163 in
862 2124 1031 2163 harum
1067 2122 1378 2162 foeminarum
1412 2130 1676 2161 sermonem
1711 2118 1976 2167 incidimus,

336 2209 433 2238 non
450 2196 740 2236 committam
759 2195 870 2246 quin
886 2195 1091 2234 breviter
1109 2205 1272 2233 earum
1288 2193 1511 2244 pietatem
1529 2191 1859 2243 perstringam.
1879 2189 1980 2229 Hae

338 2269 496 2320 itaque
519 2267 665 2308 divini
692 2266 895 2306 numinis
922 2264 1157 2317 praesidio
1186 2264 1299 2304 satis
1327 2263 1521 2303 honeste
1550 2275 1604 2302 ac
1634 2262 1707 2314 pie
1735 2273 1783 2301 se
1810 2267 1980 2312 gerunt

339 2341 388 2380 in
422 2339 649 2390 religione
684 2344 727 2378 et
763 2338 954 2389 spiritus
989 2337 1172 2377 ratione
1209 2348 1263 2376 ac
1298 2336 1400 2386 via,
1435 2347 1490 2374 ac
1518 2334 1746 2385 singulari
1776 2333 1979 2384 flagrant

342 2411 495 2451 studio
518 2408 805 2450 resarciendi
833 2409 1056 2448 damnum
1077 2414 1120 2447 et
1144 2409 1344 2458 culpam,
1369 2418 1488 2457 quae
1510 2418 1536 2445 a
1559 2418 1607 2445 sc
1636 2406 1683 2445 in
1703 2404 1877 2444 mundo
1913 2410 1983 2443 est

342 2482 618 2531 commissa3
657 2481 920 2520 inserviunt
959 2479 1157 2520 viriliter
1197 2478 1404 2529 spiritui,
1443 2476 1774 2528 cupiditatibus
1809 2486 1982 2526 magno

340 2552 573 2605 imperant
595 2553 772 2602 animo,
802 2563 973 2603 corpus
1001 2550 1257 2600 castigant,
1290 2561 1344 2588 ac
1372 2548 1418 2588 id
1444 2548 1641 2588 rationis
1672 2547 1915 2598 obsequio,
1940 2552 1984 2586 et

341 2626 465 2665 hanc
500 2624 588 2664 Dei
622 2624 817 2675 imperio
853 2622 1127 2672 subiiciunt,
1168 2621 1374 2661 animum
1409 2619 1606 2670 vigiliis,
1641 2619 1905 2659 orationum
1939 2624 1984 2657 et

345 2701 750 2736 sacramentorum
784 2694 1046 2746 frequentia
1082 2694 1225 2741 alunt,
1266 2698 1404 2744 atque
1439 2691 1627 2742 quidem
1662 2690 1903 2730 declarant
1938 2689 1985 2728 in

344 2767 483 2807 rebus
505 2766 700 2817 agendis
723 2776 896 2816 magna
918 2764 1185 2804 constantia
1213 2774 1347 2803 suam
1368 2762 1683 2802 vocationem.

428 2837 518 2878 Sed
541 2837 677 2877 modo
701 2836 759 2876 ad
782 2836 828 2876 id
849 2835 970 2876 unde
993 2835 1293 2875 discessimus
1313 2833 1575 2874 redeamus.
1605 2831 1825 2872 Nonnulli
1845 2831 1986 2871 etiam

347 2914 654 2950 accurrerunt
667 2908 725 2948 ad
739 2919 839 2959 nos,
854 2907 933 2958 qui
945 2906 1053 2946 alibi
1065 2912 1261 2957 peccata
1274 2905 1459 2945 fuerant
1473 2903 1691 2953 confessi,
1707 2908 1864 2942 tamen
1881 2913 1985 2942 cum

346 2981 555 3020 animum
577 2980 783 3031 quietum
804 2985 847 3018 et
869 2978 1081 3018 sedatum
1108 2977 1281 3017 habere
1308 2987 1401 3015 non
1432 2981 1647 3026 possent,
1682 2985 1738 3013 ac
1768 2974 1823 3013 de
1851 2973 1988 3013 nobis

350 3051 604 3097 audissent,
629 3062 714 3089 nos
735 3049 913 3100 precati
936 3055 1043 3088 sunt
1064 3056 1112 3087 ut
1134 3048 1180 3087 in
1198 3048 1284 3087 hoc
1303 3047 1566 3086 animarum
1584 3047 1776 3085 lavacro
1795 3044 1986 3084 adiuva-

349 3128 526 3168 rentur,
549 3133 604 3161 ac
627 3132 759 3161 suam
784 3120 1127 3160 confessionem
1147 3118 1539 3169 redintegrantes,
1573 3116 1727 3156 exacti
1758 3115 1989 3155 examinis
