<?xml version="1.0" encoding="UTF-8"?>
<!DOCTYPE html PUBLIC "-//W3C//DTD XHTML 1.0 Transitional//EN"
    "http://www.w3.org/TR/xhtml1/DTD/xhtml1-transitional.dtd">
<html xmlns="http://www.w3.org/1999/xhtml" xml:lang="en" lang="en">
 <head>
  <title>
</title>
<meta http-equiv="Content-Type" content="text/html;charset=utf-8" />
  <meta name='ocr-system' content='tesseract 3.04.00' />
  <meta name='ocr-capabilities' content='ocr_page ocr_carea ocr_par ocr_line ocrx_word'/>
</head>
<body>
  <div class='ocr_page' id='page_1' title='image "./litteraequadrime1402lain_0230.png"; bbox 0 0 2168 3437; ppageno 0'>
   <div class='ocr_carea' id='block_1_1' title="bbox 333 289 1463 332">
    <p class='ocr_par' dir='ltr' id='par_1_1' title="bbox 333 289 1463 332">
     <span class='ocr_line' id='line_1_1' title="bbox 333 289 1463 332; baseline -0.002 -5"><span class='ocrx_word' id='word_1_1' title='bbox 333 291 403 328; x_wconf 82' lang='lat'>226</span> <span class='ocrx_word' id='word_1_2' title='bbox 844 289 1073 326; x_wconf 81' lang='lat' dir='ltr'>LITTERAE</span> <span class='ocrx_word' id='word_1_3' title='bbox 1099 299 1463 332; x_wconf 81' lang='lat' dir='ltr'>QUADRIMESTRES</span> 
     </span>
    </p>
   </div>
   <div class='ocr_carea' id='block_1_2' title="bbox 320 384 1984 2924">
    <p class='ocr_par' dir='ltr' id='par_1_2' title="bbox 321 384 1984 2152">
     <span class='ocr_line' id='line_1_2' title="bbox 332 384 1983 439; baseline -0.001 -12"><span class='ocrx_word' id='word_1_4' title='bbox 332 388 464 439; x_wconf 86' lang='lat' dir='ltr'>ginta</span> <span class='ocrx_word' id='word_1_5' title='bbox 486 387 698 427; x_wconf 90' lang='lat' dir='ltr'>homines</span> <span class='ocrx_word' id='word_1_6' title='bbox 720 392 858 437; x_wconf 90' lang='lat' dir='ltr'>atque</span> <span class='ocrx_word' id='word_1_7' title='bbox 879 385 1019 426; x_wconf 90' lang='lat' dir='ltr'>etiam</span> <span class='ocrx_word' id='word_1_8' title='bbox 1049 384 1248 436; x_wconf 89' lang='lat' dir='ltr'>amplius</span> <span class='ocrx_word' id='word_1_9' title='bbox 1277 385 1338 426; x_wconf 89' lang='lat' dir='ltr'>ad</span> <span class='ocrx_word' id='word_1_10' title='bbox 1369 391 1580 426; x_wconf 91' lang='lat' dir='ltr'>mutuum</span> <span class='ocrx_word' id='word_1_11' title='bbox 1609 397 1818 426; x_wconf 90' lang='lat' dir='ltr'>amorem</span> <span class='ocrx_word' id='word_1_12' title='bbox 1845 386 1983 426; x_wconf 87' lang='lat' dir='ltr'>redu-</span> 
     </span>
     <span class='ocr_line' id='line_1_3' title="bbox 333 455 1984 509; baseline -0.001 -10"><span class='ocrx_word' id='word_1_13' title='bbox 333 463 526 508; x_wconf 87' lang='lat' dir='ltr'>xerunt,</span> <span class='ocrx_word' id='word_1_14' title='bbox 550 469 694 509; x_wconf 90' lang='lat' dir='ltr'>quum</span> <span class='ocrx_word' id='word_1_15' title='bbox 715 468 817 497; x_wconf 90' lang='lat' dir='ltr'>sese</span> <span class='ocrx_word' id='word_1_16' title='bbox 839 462 978 497; x_wconf 91' lang='lat' dir='ltr'>antea</span> <span class='ocrx_word' id='word_1_17' title='bbox 999 456 1078 496; x_wconf 89' lang='lat' dir='ltr'>alii</span> <span class='ocrx_word' id='word_1_18' title='bbox 1099 456 1218 496; x_wconf 92' lang='lat' dir='ltr'>alios</span> <span class='ocrx_word' id='word_1_19' title='bbox 1239 456 1441 508; x_wconf 78' lang='lat' dir='ltr'>pessime</span> <span class='ocrx_word' id='word_1_20' title='bbox 1463 456 1684 496; x_wconf 91' lang='lat' dir='ltr'>odissent.</span> <span class='ocrx_word' id='word_1_21' title='bbox 1707 455 1785 497; x_wconf 92' lang='lat' dir='ltr'>Ad</span> <span class='ocrx_word' id='word_1_22' title='bbox 1806 456 1984 497; x_wconf 83' lang='lat' dir='ltr'>Castel-</span> 
     </span>
     <span class='ocr_line' id='line_1_4' title="bbox 332 528 1980 579; baseline -0.001 -10"><span class='ocrx_word' id='word_1_23' title='bbox 332 531 426 569; x_wconf 91' lang='lat' dir='ltr'>lum</span> <span class='ocrx_word' id='word_1_24' title='bbox 449 529 590 569; x_wconf 85' lang='lat' dir='ltr'>etiam</span> <span class='ocrx_word' id='word_1_25' title='bbox 616 528 852 579; x_wconf 81' lang='lat' dir='ltr'>quoddam</span> <span class='ocrx_word' id='word_1_26' title='bbox 877 528 1084 579; x_wconf 85' lang='lat' dir='ltr'>regium,</span> <span class='ocrx_word' id='word_1_27' title='bbox 1117 528 1155 568; x_wconf 87' lang='lat' dir='ltr'>T</span> <span class='ocrx_word' id='word_1_28' title='bbox 1159 539 1291 567; x_wconf 87' lang='lat' dir='ltr'>omar</span> <span class='ocrx_word' id='word_1_29' title='bbox 1320 529 1464 579; x_wconf 84' lang='lat' dir='ltr'>vulgo</span> <span class='ocrx_word' id='word_1_30' title='bbox 1495 528 1784 579; x_wconf 88' lang='lat' dir='ltr'>nominatur,</span> <span class='ocrx_word' id='word_1_31' title='bbox 1808 528 1980 568; x_wconf 71' lang='lat' dir='ltr'>missus</span> 
     </span>
     <span class='ocr_line' id='line_1_5' title="bbox 331 598 1979 651; baseline -0.001 -11"><span class='ocrx_word' id='word_1_32' title='bbox 331 600 415 640; x_wconf 84' lang='lat' dir='ltr'>fuit</span> <span class='ocrx_word' id='word_1_33' title='bbox 436 599 486 640; x_wconf 82' lang='lat' dir='ltr'>P.</span> <span class='ocrx_word' id='word_1_34' title='bbox 510 599 712 640; x_wconf 75' lang='lat' dir='ltr'>Michael</span> <span class='ocrx_word' id='word_1_35' title='bbox 735 599 790 639; x_wconf 93' lang='lat' dir='ltr'>de</span> <span class='ocrx_word' id='word_1_36' title='bbox 819 598 990 648; x_wconf 84' lang='lat' dir='ltr'>Sousa,</span> <span class='ocrx_word' id='word_1_37' title='bbox 1023 599 1124 650; x_wconf 91' lang='lat' dir='ltr'>ipso</span> <span class='ocrx_word' id='word_1_38' title='bbox 1153 599 1281 650; x_wconf 83' lang='lat' dir='ltr'>Rege</span> <span class='ocrx_word' id='word_1_39' title='bbox 1296 598 1354 645; x_wconf 50' lang='lat' dir='ltr'>,id</span> <span class='ocrx_word' id='word_1_40' title='bbox 1381 599 1667 651; x_wconf 80' lang='lat' dir='ltr'>postulante,</span> <span class='ocrx_word' id='word_1_41' title='bbox 1699 599 1776 639; x_wconf 93' lang='lat' dir='ltr'>ubi</span> <span class='ocrx_word' id='word_1_42' title='bbox 1802 605 1881 639; x_wconf 91' lang='lat' dir='ltr'>aut</span> <span class='ocrx_word' id='word_1_43' title='bbox 1907 599 1979 640; x_wconf 90' lang='lat' dir='ltr'>bis</span> 
     </span>
     <span class='ocr_line' id='line_1_6' title="bbox 332 670 1974 722; baseline 0.001 -11"><span class='ocrx_word' id='word_1_44' title='bbox 332 678 411 711; x_wconf 88' lang='lat' dir='ltr'>aut</span> <span class='ocrx_word' id='word_1_45' title='bbox 439 677 510 711; x_wconf 89' lang='lat' dir='ltr'>ter</span> <span class='ocrx_word' id='word_1_46' title='bbox 536 671 734 722; x_wconf 85' lang='lat' dir='ltr'>singulis</span> <span class='ocrx_word' id='word_1_47' title='bbox 761 670 1069 711; x_wconf 74' lang='lat' dir='ltr'>hebdomadis</span> <span class='ocrx_word' id='word_1_48' title='bbox 1097 671 1296 711; x_wconf 85' lang='lat' dir='ltr'>docebat</span> <span class='ocrx_word' id='word_1_49' title='bbox 1323 671 1569 722; x_wconf 90' lang='lat' dir='ltr'>populum,</span> <span class='ocrx_word' id='word_1_50' title='bbox 1600 671 1820 712; x_wconf 80' lang='lat' dir='ltr'>audiebat</span> <span class='ocrx_word' id='word_1_51' title='bbox 1848 684 1974 713; x_wconf 84' lang='lat' dir='ltr'>arca-</span> 
     </span>
     <span class='ocr_line' id='line_1_7' title="bbox 331 741 1978 794; baseline 0.001 -12"><span class='ocrx_word' id='word_1_52' title='bbox 331 754 417 782; x_wconf 91' lang='lat' dir='ltr'>nas</span> <span class='ocrx_word' id='word_1_53' title='bbox 437 742 775 794; x_wconf 89' lang='lat' dir='ltr'>poenitentium</span> <span class='ocrx_word' id='word_1_54' title='bbox 797 741 1138 792; x_wconf 86' lang='lat' dir='ltr'>confessiones,</span> <span class='ocrx_word' id='word_1_55' title='bbox 1163 741 1525 782; x_wconf 77' lang='lat' dir='ltr'>administrabat</span> <span class='ocrx_word' id='word_1_56' title='bbox 1551 748 1770 782; x_wconf 90' lang='lat' dir='ltr'>sanctum</span> <span class='ocrx_word' id='word_1_57' title='bbox 1796 743 1978 783; x_wconf 88' lang='lat' dir='ltr'>Eucha-</span> 
     </span>
     <span class='ocr_line' id='line_1_8' title="bbox 330 813 1976 866; baseline 0.001 -12"><span class='ocrx_word' id='word_1_58' title='bbox 330 814 492 855; x_wconf 88' lang='lat' dir='ltr'>ristiae</span> <span class='ocrx_word' id='word_1_59' title='bbox 525 819 895 864; x_wconf 89' lang='lat' dir='ltr'>sacramentum,</span> <span class='ocrx_word' id='word_1_60' title='bbox 930 814 989 853; x_wconf 93' lang='lat' dir='ltr'>ad</span> <span class='ocrx_word' id='word_1_61' title='bbox 1020 813 1146 865; x_wconf 89' lang='lat' dir='ltr'>quod</span> <span class='ocrx_word' id='word_1_62' title='bbox 1180 813 1313 853; x_wconf 90' lang='lat' dir='ltr'>multi</span> <span class='ocrx_word' id='word_1_63' title='bbox 1342 825 1482 866; x_wconf 90' lang='lat' dir='ltr'>saepe</span> <span class='ocrx_word' id='word_1_64' title='bbox 1512 825 1596 866; x_wconf 91' lang='lat' dir='ltr'>pro</span> <span class='ocrx_word' id='word_1_65' title='bbox 1627 825 1757 854; x_wconf 92' lang='lat' dir='ltr'>more</span> <span class='ocrx_word' id='word_1_66' title='bbox 1788 815 1976 855; x_wconf 90' lang='lat' dir='ltr'>accede-</span> 
     </span>
     <span class='ocr_line' id='line_1_9' title="bbox 330 879 1978 938; baseline 0 -12"><span class='ocrx_word' id='word_1_67' title='bbox 330 887 464 937; x_wconf 84' lang='lat' dir='ltr'>bant,</span> <span class='ocrx_word' id='word_1_68' title='bbox 487 885 671 926; x_wconf 87' lang='lat' dir='ltr'>incitati</span> <span class='ocrx_word' id='word_1_69' title='bbox 691 885 751 926; x_wconf 93' lang='lat' dir='ltr'>ad</span> <span class='ocrx_word' id='word_1_70' title='bbox 772 885 818 926; x_wconf 94' lang='lat' dir='ltr'>id</span> <span class='ocrx_word' id='word_1_71' title='bbox 838 885 1105 926; x_wconf 89' lang='lat' dir='ltr'>faciendum</span> <span class='ocrx_word' id='word_1_72' title='bbox 1126 885 1175 925; x_wconf 83' lang='lat' dir='ltr'>P.</span> <span class='ocrx_word' id='word_1_73' title='bbox 1199 885 1258 925; x_wconf 89' lang='lat' dir='ltr'>D.</span> <span class='ocrx_word' id='word_1_74' title='bbox 1282 885 1478 926; x_wconf 87' lang='lat' dir='ltr'>Gonzali</span> <span class='ocrx_word' id='word_1_75' title='bbox 1507 885 1834 938; x_wconf 82' lang='lat' dir='ltr'>concionibus,</span> <span class='ocrx_word' id='word_1_76' title='bbox 1861 879 1978 938; x_wconf 87' lang='lat' dir='ltr'>quas</span> 
     </span>
     <span class='ocr_line' id='line_1_10' title="bbox 330 956 1975 1009; baseline 0.001 -12"><span class='ocrx_word' id='word_1_77' title='bbox 330 968 452 997; x_wconf 88' lang='lat' dir='ltr'>anno</span> <span class='ocrx_word' id='word_1_78' title='bbox 480 956 694 1009; x_wconf 84' lang='lat' dir='ltr'>proxime</span> <span class='ocrx_word' id='word_1_79' title='bbox 728 958 889 1009; x_wconf 90' lang='lat' dir='ltr'>elapso</span> <span class='ocrx_word' id='word_1_80' title='bbox 920 957 981 997; x_wconf 92' lang='lat' dir='ltr'>ibi</span> <span class='ocrx_word' id='word_1_81' title='bbox 1008 957 1237 997; x_wconf 86' lang='lat' dir='ltr'>habuerat</span> <span class='ocrx_word' id='word_1_82' title='bbox 1266 963 1310 997; x_wconf 89' lang='lat' dir='ltr'>et</span> <span class='ocrx_word' id='word_1_83' title='bbox 1337 956 1606 1009; x_wconf 88' lang='lat' dir='ltr'>frequentes</span> <span class='ocrx_word' id='word_1_84' title='bbox 1636 962 1680 997; x_wconf 92' lang='lat' dir='ltr'>et</span> <span class='ocrx_word' id='word_1_85' title='bbox 1709 957 1975 998; x_wconf 89' lang='lat' dir='ltr'>ardentissi-</span> 
     </span>
     <span class='ocr_line' id='line_1_11' title="bbox 327 1028 1974 1081; baseline 0.001 -12"><span class='ocrx_word' id='word_1_86' title='bbox 327 1040 444 1069; x_wconf 89' lang='lat' dir='ltr'>mas.</span> <span class='ocrx_word' id='word_1_87' title='bbox 467 1028 578 1069; x_wconf 91' lang='lat' dir='ltr'>Inde</span> <span class='ocrx_word' id='word_1_88' title='bbox 598 1040 733 1079; x_wconf 87' lang='lat' dir='ltr'>vero,</span> <span class='ocrx_word' id='word_1_89' title='bbox 758 1028 920 1069; x_wconf 90' lang='lat' dir='ltr'>diebus</span> <span class='ocrx_word' id='word_1_90' title='bbox 947 1028 1196 1069; x_wconf 81' lang='lat' dir='ltr'>dominicis</span> <span class='ocrx_word' id='word_1_91' title='bbox 1217 1034 1261 1068; x_wconf 91' lang='lat' dir='ltr'>et</span> <span class='ocrx_word' id='word_1_92' title='bbox 1281 1028 1411 1069; x_wconf 90' lang='lat' dir='ltr'>festis</span> <span class='ocrx_word' id='word_1_93' title='bbox 1440 1028 1559 1069; x_wconf 90' lang='lat' dir='ltr'>duas</span> <span class='ocrx_word' id='word_1_94' title='bbox 1586 1029 1839 1081; x_wconf 88' lang='lat' dir='ltr'>parochias</span> <span class='ocrx_word' id='word_1_95' title='bbox 1861 1030 1974 1070; x_wconf 90' lang='lat' dir='ltr'>vici-</span> 
     </span>
     <span class='ocr_line' id='line_1_12' title="bbox 327 1100 1974 1152; baseline 0.001 -12"><span class='ocrx_word' id='word_1_96' title='bbox 327 1112 434 1151; x_wconf 93' lang='lat' dir='ltr'>nas,</span> <span class='ocrx_word' id='word_1_97' title='bbox 467 1100 665 1141; x_wconf 82' lang='lat' dir='ltr'>alteram</span> <span class='ocrx_word' id='word_1_98' title='bbox 690 1112 849 1151; x_wconf 90' lang='lat' dir='ltr'>mane,</span> <span class='ocrx_word' id='word_1_99' title='bbox 882 1101 1079 1140; x_wconf 88' lang='lat' dir='ltr'>alteram</span> <span class='ocrx_word' id='word_1_100' title='bbox 1114 1100 1393 1152; x_wconf 82' lang='lat' dir='ltr'>vespertinis</span> <span class='ocrx_word' id='word_1_101' title='bbox 1421 1100 1570 1151; x_wconf 89' lang='lat' dir='ltr'>horis,</span> <span class='ocrx_word' id='word_1_102' title='bbox 1608 1101 1974 1141; x_wconf 89' lang='lat' dir='ltr'>concionaturus</span> 
     </span>
     <span class='ocr_line' id='line_1_13' title="bbox 328 1170 1975 1223; baseline 0 -11"><span class='ocrx_word' id='word_1_103' title='bbox 328 1172 537 1223; x_wconf 84' lang='lat' dir='ltr'>petebat,</span> <span class='ocrx_word' id='word_1_104' title='bbox 568 1184 626 1212; x_wconf 90' lang='lat' dir='ltr'>ex</span> <span class='ocrx_word' id='word_1_105' title='bbox 657 1170 788 1223; x_wconf 88' lang='lat' dir='ltr'>cujus</span> <span class='ocrx_word' id='word_1_106' title='bbox 815 1171 1026 1212; x_wconf 73' lang='lat' dir='ltr'>sollicitis</span> <span class='ocrx_word' id='word_1_107' title='bbox 1062 1171 1467 1212; x_wconf 83' lang='lat' dir='ltr'>adhortationibus</span> <span class='ocrx_word' id='word_1_108' title='bbox 1497 1172 1758 1213; x_wconf 90' lang='lat' dir='ltr'>uberrimos</span> <span class='ocrx_word' id='word_1_109' title='bbox 1792 1172 1975 1212; x_wconf 87' lang='lat' dir='ltr'>fructus</span> 
     </span>
     <span class='ocr_line' id='line_1_14' title="bbox 326 1242 1976 1295; baseline 0 -12"><span class='ocrx_word' id='word_1_110' title='bbox 326 1243 392 1283; x_wconf 91' lang='lat' dir='ltr'>illi</span> <span class='ocrx_word' id='word_1_111' title='bbox 408 1243 621 1283; x_wconf 91' lang='lat' dir='ltr'>homines</span> <span class='ocrx_word' id='word_1_112' title='bbox 650 1248 948 1294; x_wconf 87' lang='lat' dir='ltr'>acceperunt.</span> <span class='ocrx_word' id='word_1_113' title='bbox 983 1242 1072 1283; x_wconf 83' lang='lat' dir='ltr'>Sed</span> <span class='ocrx_word' id='word_1_114' title='bbox 1100 1243 1140 1283; x_wconf 93' lang='lat' dir='ltr'>is</span> <span class='ocrx_word' id='word_1_115' title='bbox 1167 1243 1253 1283; x_wconf 87' lang='lat' dir='ltr'>fuit</span> <span class='ocrx_word' id='word_1_116' title='bbox 1284 1244 1423 1294; x_wconf 81' lang='lat' dir='ltr'>longe</span> <span class='ocrx_word' id='word_1_117' title='bbox 1453 1243 1711 1293; x_wconf 88' lang='lat' dir='ltr'>maximus,</span> <span class='ocrx_word' id='word_1_118' title='bbox 1746 1243 1870 1295; x_wconf 92' lang='lat' dir='ltr'>quod</span> <span class='ocrx_word' id='word_1_119' title='bbox 1901 1243 1976 1283; x_wconf 83' lang='lat'>130</span> 
     </span>
     <span class='ocr_line' id='line_1_15' title="bbox 327 1314 1973 1367; baseline 0.001 -13"><span class='ocrx_word' id='word_1_120' title='bbox 327 1320 407 1355; x_wconf 86' lang='lat' dir='ltr'>aut</span> <span class='ocrx_word' id='word_1_121' title='bbox 431 1314 506 1354; x_wconf 79' lang='lat'>140</span> <span class='ocrx_word' id='word_1_122' title='bbox 525 1314 758 1365; x_wconf 89' lang='lat' dir='ltr'>homines,</span> <span class='ocrx_word' id='word_1_123' title='bbox 783 1314 1063 1365; x_wconf 88' lang='lat' dir='ltr'>capitalibus</span> <span class='ocrx_word' id='word_1_124' title='bbox 1090 1314 1208 1355; x_wconf 87' lang='lat' dir='ltr'>odiis</span> <span class='ocrx_word' id='word_1_125' title='bbox 1238 1314 1470 1366; x_wconf 85' lang='lat' dir='ltr'>impliciti,</span> <span class='ocrx_word' id='word_1_126' title='bbox 1503 1315 1761 1355; x_wconf 86' lang='lat' dir='ltr'>maximam</span> <span class='ocrx_word' id='word_1_127' title='bbox 1790 1320 1973 1367; x_wconf 89' lang='lat' dir='ltr'>partem</span> 
     </span>
     <span class='ocr_line' id='line_1_16' title="bbox 325 1385 1974 1438; baseline 0.001 -13"><span class='ocrx_word' id='word_1_128' title='bbox 325 1385 531 1436; x_wconf 91' lang='lat' dir='ltr'>diutinis,</span> <span class='ocrx_word' id='word_1_129' title='bbox 557 1385 615 1426; x_wconf 93' lang='lat' dir='ltr'>ad</span> <span class='ocrx_word' id='word_1_130' title='bbox 637 1385 939 1426; x_wconf 90' lang='lat' dir='ltr'>concordiam</span> <span class='ocrx_word' id='word_1_131' title='bbox 961 1391 1005 1425; x_wconf 93' lang='lat' dir='ltr'>et</span> <span class='ocrx_word' id='word_1_132' title='bbox 1026 1385 1396 1426; x_wconf 84' lang='lat' dir='ltr'>familiaritatem</span> <span class='ocrx_word' id='word_1_133' title='bbox 1416 1386 1629 1426; x_wconf 87' lang='lat' dir='ltr'>revocati</span> <span class='ocrx_word' id='word_1_134' title='bbox 1647 1392 1775 1436; x_wconf 85' lang='lat' dir='ltr'>sunt,</span> <span class='ocrx_word' id='word_1_135' title='bbox 1796 1397 1856 1426; x_wconf 92' lang='lat' dir='ltr'>ex</span> <span class='ocrx_word' id='word_1_136' title='bbox 1877 1386 1974 1438; x_wconf 93' lang='lat' dir='ltr'>qui-</span> 
     </span>
     <span class='ocr_line' id='line_1_17' title="bbox 325 1457 1971 1509; baseline 0 -12"><span class='ocrx_word' id='word_1_137' title='bbox 325 1457 411 1497; x_wconf 92' lang='lat' dir='ltr'>bus</span> <span class='ocrx_word' id='word_1_138' title='bbox 431 1457 563 1497; x_wconf 89' lang='lat' dir='ltr'>multi</span> <span class='ocrx_word' id='word_1_139' title='bbox 584 1457 791 1508; x_wconf 92' lang='lat' dir='ltr'>publice,</span> <span class='ocrx_word' id='word_1_140' title='bbox 818 1457 1088 1508; x_wconf 90' lang='lat' dir='ltr'>obortisque</span> <span class='ocrx_word' id='word_1_141' title='bbox 1118 1457 1399 1509; x_wconf 87' lang='lat' dir='ltr'>lachrymis,</span> <span class='ocrx_word' id='word_1_142' title='bbox 1434 1469 1490 1498; x_wconf 89' lang='lat' dir='ltr'>ac</span> <span class='ocrx_word' id='word_1_143' title='bbox 1516 1457 1780 1509; x_wconf 86' lang='lat' dir='ltr'>provolutis</span> <span class='ocrx_word' id='word_1_144' title='bbox 1802 1457 1861 1497; x_wconf 92' lang='lat' dir='ltr'>ad</span> <span class='ocrx_word' id='word_1_145' title='bbox 1883 1463 1971 1498; x_wconf 91' lang='lat' dir='ltr'>ter-</span> 
     </span>
     <span class='ocr_line' id='line_1_18' title="bbox 325 1528 1971 1580; baseline 0.001 -12"><span class='ocrx_word' id='word_1_146' title='bbox 325 1540 427 1569; x_wconf 90' lang='lat' dir='ltr'>ram</span> <span class='ocrx_word' id='word_1_147' title='bbox 454 1528 673 1580; x_wconf 84' lang='lat' dir='ltr'>genibus,</span> <span class='ocrx_word' id='word_1_148' title='bbox 708 1528 787 1568; x_wconf 89' lang='lat' dir='ltr'>alii</span> <span class='ocrx_word' id='word_1_149' title='bbox 816 1528 933 1568; x_wconf 89' lang='lat' dir='ltr'>alios</span> <span class='ocrx_word' id='word_1_150' title='bbox 967 1529 1156 1568; x_wconf 87' lang='lat' dir='ltr'>veniam</span> <span class='ocrx_word' id='word_1_151' title='bbox 1191 1529 1514 1580; x_wconf 89' lang='lat' dir='ltr'>postulabant,</span> <span class='ocrx_word' id='word_1_152' title='bbox 1549 1529 1654 1569; x_wconf 92' lang='lat' dir='ltr'>aliis</span> <span class='ocrx_word' id='word_1_153' title='bbox 1685 1540 1848 1569; x_wconf 88' lang='lat' dir='ltr'>omnes</span> <span class='ocrx_word' id='word_1_154' title='bbox 1883 1529 1971 1569; x_wconf 91' lang='lat' dir='ltr'>sibi</span> 
     </span>
     <span class='ocr_line' id='line_1_19' title="bbox 323 1598 1972 1651; baseline 0.001 -12"><span class='ocrx_word' id='word_1_155' title='bbox 323 1600 478 1640; x_wconf 87' lang='lat' dir='ltr'>illatas</span> <span class='ocrx_word' id='word_1_156' title='bbox 499 1598 695 1651; x_wconf 85' lang='lat' dir='ltr'>injurias</span> <span class='ocrx_word' id='word_1_157' title='bbox 712 1606 878 1651; x_wconf 92' lang='lat' dir='ltr'>sponte</span> <span class='ocrx_word' id='word_1_158' title='bbox 895 1600 1087 1651; x_wconf 89' lang='lat' dir='ltr'>propria</span> <span class='ocrx_word' id='word_1_159' title='bbox 1109 1599 1500 1641; x_wconf 88' lang='lat' dir='ltr'>condonantibus.</span> <span class='ocrx_word' id='word_1_160' title='bbox 1517 1600 1568 1641; x_wconf 90' lang='lat' dir='ltr'>In</span> <span class='ocrx_word' id='word_1_161' title='bbox 1586 1600 1750 1641; x_wconf 92' lang='lat' dir='ltr'>eodem</span> <span class='ocrx_word' id='word_1_162' title='bbox 1768 1599 1972 1640; x_wconf 90' lang='lat' dir='ltr'>Castello</span> 
     </span>
     <span class='ocr_line' id='line_1_20' title="bbox 322 1670 1971 1724; baseline 0.001 -13"><span class='ocrx_word' id='word_1_163' title='bbox 322 1672 392 1711; x_wconf 90' lang='lat' dir='ltr'>bis</span> <span class='ocrx_word' id='word_1_164' title='bbox 413 1683 693 1723; x_wconf 90' lang='lat' dir='ltr'>unoquoque</span> <span class='ocrx_word' id='word_1_165' title='bbox 715 1670 789 1711; x_wconf 92' lang='lat' dir='ltr'>die</span> <span class='ocrx_word' id='word_1_166' title='bbox 808 1671 955 1711; x_wconf 87' lang='lat' dir='ltr'>frater</span> <span class='ocrx_word' id='word_1_167' title='bbox 977 1671 1167 1723; x_wconf 89' lang='lat' dir='ltr'>quidam</span> <span class='ocrx_word' id='word_1_168' title='bbox 1189 1684 1247 1711; x_wconf 83' lang='lat' dir='ltr'>ex</span> <span class='ocrx_word' id='word_1_169' title='bbox 1268 1672 1445 1712; x_wconf 88' lang='lat' dir='ltr'>nostris</span> <span class='ocrx_word' id='word_1_170' title='bbox 1469 1671 1494 1723; x_wconf 93' lang='lat'>¹,</span> <span class='ocrx_word' id='word_1_171' title='bbox 1520 1683 1639 1724; x_wconf 92' lang='lat' dir='ltr'>quos</span> <span class='ocrx_word' id='word_1_172' title='bbox 1665 1679 1843 1712; x_wconf 86' lang='lat' dir='ltr'>vocant</span> <span class='ocrx_word' id='word_1_173' title='bbox 1865 1683 1971 1712; x_wconf 89' lang='lat' dir='ltr'>con-</span> 
     </span>
     <span class='ocr_line' id='line_1_21' title="bbox 323 1743 1973 1795; baseline 0.001 -13"><span class='ocrx_word' id='word_1_174' title='bbox 323 1743 546 1783; x_wconf 84' lang='lat' dir='ltr'>scientiae</span> <span class='ocrx_word' id='word_1_175' title='bbox 581 1754 742 1794; x_wconf 90' lang='lat' dir='ltr'>casus,</span> <span class='ocrx_word' id='word_1_176' title='bbox 775 1743 1078 1794; x_wconf 85' lang='lat' dir='ltr'>praelegebat</span> <span class='ocrx_word' id='word_1_177' title='bbox 1112 1743 1339 1783; x_wconf 90' lang='lat' dir='ltr'>ministris</span> <span class='ocrx_word' id='word_1_178' title='bbox 1373 1743 1634 1794; x_wconf 86' lang='lat' dir='ltr'>Ecclesiae,</span> <span class='ocrx_word' id='word_1_179' title='bbox 1673 1755 1872 1795; x_wconf 91' lang='lat' dir='ltr'>quorum</span> <span class='ocrx_word' id='word_1_180' title='bbox 1909 1743 1973 1783; x_wconf 90' lang='lat' dir='ltr'>ibi</span> 
     </span>
     <span class='ocr_line' id='line_1_22' title="bbox 324 1813 1970 1866; baseline 0 -12"><span class='ocrx_word' id='word_1_181' title='bbox 324 1814 488 1865; x_wconf 84' lang='lat' dir='ltr'>ingens</span> <span class='ocrx_word' id='word_1_182' title='bbox 517 1820 587 1854; x_wconf 90' lang='lat' dir='ltr'>est</span> <span class='ocrx_word' id='word_1_183' title='bbox 616 1826 862 1866; x_wconf 87' lang='lat' dir='ltr'>numerus,</span> <span class='ocrx_word' id='word_1_184' title='bbox 892 1814 939 1854; x_wconf 91' lang='lat' dir='ltr'>id</span> <span class='ocrx_word' id='word_1_185' title='bbox 974 1814 1098 1866; x_wconf 90' lang='lat' dir='ltr'>quod</span> <span class='ocrx_word' id='word_1_186' title='bbox 1133 1814 1245 1864; x_wconf 90' lang='lat' dir='ltr'>illis,</span> <span class='ocrx_word' id='word_1_187' title='bbox 1285 1814 1363 1866; x_wconf 91' lang='lat' dir='ltr'>qui</span> <span class='ocrx_word' id='word_1_188' title='bbox 1398 1814 1720 1855; x_wconf 87' lang='lat' dir='ltr'>confessiones</span> <span class='ocrx_word' id='word_1_189' title='bbox 1756 1813 1970 1862; x_wconf 82' lang='lat' dir='ltr'>audiunt,</span> 
     </span>
     <span class='ocr_line' id='line_1_23' title="bbox 321 1885 1965 1938; baseline 0 -12"><span class='ocrx_word' id='word_1_190' title='bbox 321 1886 574 1938; x_wconf 90' lang='lat' dir='ltr'>plurimum</span> <span class='ocrx_word' id='word_1_191' title='bbox 612 1886 845 1938; x_wconf 86' lang='lat' dir='ltr'>profuisse</span> <span class='ocrx_word' id='word_1_192' title='bbox 881 1885 1129 1926; x_wconf 79' lang='lat' dir='ltr'>credimus</span> <span class='ocrx_word' id='word_1_193' title='bbox 1169 1885 1241 1926; x_wconf 92' lang='lat' dir='ltr'>De</span> <span class='ocrx_word' id='word_1_194' title='bbox 1275 1886 1379 1926; x_wconf 89' lang='lat' dir='ltr'>aliis</span> <span class='ocrx_word' id='word_1_195' title='bbox 1419 1885 1697 1938; x_wconf 86' lang='lat' dir='ltr'>quibusdam</span> <span class='ocrx_word' id='word_1_196' title='bbox 1732 1885 1965 1936; x_wconf 87' lang='lat' dir='ltr'>Patribus,</span> 
     </span>
     <span class='ocr_line' id='line_1_24' title="bbox 321 1956 1970 2009; baseline 0 -12"><span class='ocrx_word' id='word_1_197' title='bbox 321 1969 439 2009; x_wconf 91' lang='lat' dir='ltr'>quos</span> <span class='ocrx_word' id='word_1_198' title='bbox 467 1957 526 1998; x_wconf 89' lang='lat' dir='ltr'>ad</span> <span class='ocrx_word' id='word_1_199' title='bbox 554 1957 907 2009; x_wconf 88' lang='lat' dir='ltr'>Episcopatum,</span> <span class='ocrx_word' id='word_1_200' title='bbox 941 1958 1087 2009; x_wconf 84' lang='lat' dir='ltr'>vulgo</span> <span class='ocrx_word' id='word_1_201' title='bbox 1109 1956 1165 1997; x_wconf 95' lang='lat' dir='ltr'>de</span> <span class='ocrx_word' id='word_1_202' title='bbox 1186 1957 1462 2008; x_wconf 82' lang='lat' dir='ltr'>Portalegre</span> <span class='ocrx_word' id='word_1_203' title='bbox 1483 1963 1721 2008; x_wconf 87' lang='lat' dir='ltr'>vocatum,</span> <span class='ocrx_word' id='word_1_204' title='bbox 1745 1958 1970 1998; x_wconf 87' lang='lat' dir='ltr'>miserant</span> 
     </span>
     <span class='ocr_line' id='line_1_25' title="bbox 322 2028 1971 2080; baseline 0 -11"><span class='ocrx_word' id='word_1_205' title='bbox 322 2029 710 2080; x_wconf 89' lang='lat' dir='ltr'>concionaturos,</span> <span class='ocrx_word' id='word_1_206' title='bbox 734 2028 850 2069; x_wconf 90' lang='lat' dir='ltr'>nihil</span> <span class='ocrx_word' id='word_1_207' title='bbox 871 2028 1100 2069; x_wconf 90' lang='lat' dir='ltr'>habemus</span> <span class='ocrx_word' id='word_1_208' title='bbox 1128 2028 1335 2068; x_wconf 90' lang='lat' dir='ltr'>scribere</span> <span class='ocrx_word' id='word_1_209' title='bbox 1365 2028 1494 2069; x_wconf 89' lang='lat' dir='ltr'>Tuae</span> <span class='ocrx_word' id='word_1_210' title='bbox 1520 2029 1646 2080; x_wconf 86' lang='lat' dir='ltr'>Pat.;</span> <span class='ocrx_word' id='word_1_211' title='bbox 1677 2041 1787 2069; x_wconf 86' lang='lat' dir='ltr'>nam</span> <span class='ocrx_word' id='word_1_212' title='bbox 1816 2040 1971 2080; x_wconf 88' lang='lat' dir='ltr'>neque</span> 
     </span>
     <span class='ocr_line' id='line_1_26' title="bbox 321 2100 1721 2152; baseline 0 -12"><span class='ocrx_word' id='word_1_213' title='bbox 321 2101 410 2152; x_wconf 89' lang='lat' dir='ltr'>ipsi</span> <span class='ocrx_word' id='word_1_214' title='bbox 431 2100 613 2141; x_wconf 86' lang='lat' dir='ltr'>reversi</span> <span class='ocrx_word' id='word_1_215' title='bbox 635 2106 762 2151; x_wconf 89' lang='lat' dir='ltr'>sunt,</span> <span class='ocrx_word' id='word_1_216' title='bbox 787 2111 939 2152; x_wconf 91' lang='lat' dir='ltr'>neque</span> <span class='ocrx_word' id='word_1_217' title='bbox 962 2101 1083 2140; x_wconf 91' lang='lat' dir='ltr'>ullas</span> <span class='ocrx_word' id='word_1_218' title='bbox 1108 2100 1167 2140; x_wconf 91' lang='lat' dir='ltr'>ad</span> <span class='ocrx_word' id='word_1_219' title='bbox 1188 2111 1276 2140; x_wconf 91' lang='lat' dir='ltr'>nos</span> <span class='ocrx_word' id='word_1_220' title='bbox 1297 2100 1458 2140; x_wconf 90' lang='lat' dir='ltr'>literas</span> <span class='ocrx_word' id='word_1_221' title='bbox 1480 2100 1721 2140; x_wconf 91' lang='lat' dir='ltr'>dederunt.</span> 
     </span>
    </p>

    <p class='ocr_par' dir='ltr' id='par_1_3' title="bbox 320 2170 1973 2924">
     <span class='ocr_line' id='line_1_27' title="bbox 402 2170 1966 2223; baseline -0.001 -11"><span class='ocrx_word' id='word_1_222' title='bbox 402 2171 478 2212; x_wconf 85' lang='lat' dir='ltr'>Ad</span> <span class='ocrx_word' id='word_1_223' title='bbox 499 2171 637 2212; x_wconf 89' lang='lat' dir='ltr'>Indos</span> <span class='ocrx_word' id='word_1_224' title='bbox 659 2172 863 2223; x_wconf 90' lang='lat' dir='ltr'>quinque</span> <span class='ocrx_word' id='word_1_225' title='bbox 880 2172 969 2211; x_wconf 93' lang='lat' dir='ltr'>hoc</span> <span class='ocrx_word' id='word_1_226' title='bbox 992 2183 1115 2211; x_wconf 87' lang='lat' dir='ltr'>anno</span> <span class='ocrx_word' id='word_1_227' title='bbox 1134 2171 1263 2211; x_wconf 89' lang='lat' dir='ltr'>missi</span> <span class='ocrx_word' id='word_1_228' title='bbox 1280 2178 1401 2221; x_wconf 89' lang='lat' dir='ltr'>sunt,</span> <span class='ocrx_word' id='word_1_229' title='bbox 1425 2178 1521 2211; x_wconf 87' lang='lat' dir='ltr'>tum</span> <span class='ocrx_word' id='word_1_230' title='bbox 1538 2171 1717 2222; x_wconf 86' lang='lat' dir='ltr'>Patres,</span> <span class='ocrx_word' id='word_1_231' title='bbox 1738 2176 1837 2211; x_wconf 90' lang='lat' dir='ltr'>tum</span> <span class='ocrx_word' id='word_1_232' title='bbox 1856 2170 1966 2211; x_wconf 87' lang='lat' dir='ltr'>Fra-</span> 
     </span>
     <span class='ocr_line' id='line_1_28' title="bbox 321 2243 1970 2295; baseline -0.001 -11"><span class='ocrx_word' id='word_1_233' title='bbox 321 2250 432 2295; x_wconf 80' lang='lat' dir='ltr'>tres3</span> <span class='ocrx_word' id='word_1_234' title='bbox 452 2243 511 2284; x_wconf 86' lang='lat' dir='ltr'>ad</span> <span class='ocrx_word' id='word_1_235' title='bbox 531 2243 833 2284; x_wconf 89' lang='lat' dir='ltr'>brasilienses</span> <span class='ocrx_word' id='word_1_236' title='bbox 854 2255 969 2283; x_wconf 81' lang='lat' dir='ltr'>vero</span> <span class='ocrx_word' id='word_1_237' title='bbox 991 2249 1183 2295; x_wconf 89' lang='lat' dir='ltr'>septem,</span> <span class='ocrx_word' id='word_1_238' title='bbox 1208 2243 1287 2295; x_wconf 93' lang='lat' dir='ltr'>qui</span> <span class='ocrx_word' id='word_1_239' title='bbox 1309 2255 1470 2284; x_wconf 89' lang='lat' dir='ltr'>omnes</span> <span class='ocrx_word' id='word_1_240' title='bbox 1491 2255 1664 2295; x_wconf 85' lang='lat' dir='ltr'>magno</span> <span class='ocrx_word' id='word_1_241' title='bbox 1687 2243 1843 2284; x_wconf 89' lang='lat' dir='ltr'>animo</span> <span class='ocrx_word' id='word_1_242' title='bbox 1865 2254 1970 2283; x_wconf 90' lang='lat' dir='ltr'>sese</span> 
     </span>
     <span class='ocr_line' id='line_1_29' title="bbox 320 2314 1969 2367; baseline -0.001 -12"><span class='ocrx_word' id='word_1_243' title='bbox 320 2315 561 2355; x_wconf 89' lang='lat' dir='ltr'>laboribus</span> <span class='ocrx_word' id='word_1_244' title='bbox 579 2315 822 2367; x_wconf 86' lang='lat' dir='ltr'>quibusvis</span> <span class='ocrx_word' id='word_1_245' title='bbox 839 2314 1146 2365; x_wconf 84' lang='lat' dir='ltr'>devoverunt,</span> <span class='ocrx_word' id='word_1_246' title='bbox 1167 2326 1312 2366; x_wconf 92' lang='lat' dir='ltr'>quum</span> <span class='ocrx_word' id='word_1_247' title='bbox 1332 2315 1540 2366; x_wconf 89' lang='lat' dir='ltr'>plerique</span> <span class='ocrx_word' id='word_1_248' title='bbox 1562 2326 1724 2355; x_wconf 93' lang='lat' dir='ltr'>eorum</span> <span class='ocrx_word' id='word_1_249' title='bbox 1740 2315 1969 2366; x_wconf 84' lang='lat' dir='ltr'>gravibus</span> 
     </span>
     <span class='ocr_line' id='line_1_30' title="bbox 322 2385 1973 2437; baseline 0 -11"><span class='ocrx_word' id='word_1_250' title='bbox 322 2387 496 2427; x_wconf 88' lang='lat' dir='ltr'>morbis</span> <span class='ocrx_word' id='word_1_251' title='bbox 519 2386 867 2436; x_wconf 85' lang='lat' dir='ltr'>cruciarentur;</span> <span class='ocrx_word' id='word_1_252' title='bbox 890 2398 999 2426; x_wconf 91' lang='lat' dir='ltr'>nam</span> <span class='ocrx_word' id='word_1_253' title='bbox 1032 2386 1194 2426; x_wconf 83' lang='lat' dir='ltr'>divina</span> <span class='ocrx_word' id='word_1_254' title='bbox 1224 2385 1432 2425; x_wconf 91' lang='lat' dir='ltr'>bonitate</span> <span class='ocrx_word' id='word_1_255' title='bbox 1460 2386 1569 2426; x_wconf 91' lang='lat' dir='ltr'>hinc</span> <span class='ocrx_word' id='word_1_256' title='bbox 1597 2386 1801 2426; x_wconf 90' lang='lat' dir='ltr'>indidem</span> <span class='ocrx_word' id='word_1_257' title='bbox 1831 2397 1973 2437; x_wconf 73' lang='lat' dir='ltr'>argu—</span> 
     </span>
     <span class='ocr_line' id='line_1_31' title="bbox 322 2457 1969 2508; baseline 0 -11"><span class='ocrx_word' id='word_1_258' title='bbox 322 2463 531 2497; x_wconf 88' lang='lat' dir='ltr'>mentum</span> <span class='ocrx_word' id='word_1_259' title='bbox 572 2457 738 2497; x_wconf 88' lang='lat' dir='ltr'>efficax</span> <span class='ocrx_word' id='word_1_260' title='bbox 777 2458 892 2497; x_wconf 88' lang='lat' dir='ltr'>satis</span> <span class='ocrx_word' id='word_1_261' title='bbox 931 2462 1256 2508; x_wconf 86' lang='lat' dir='ltr'>sumpserunt,</span> <span class='ocrx_word' id='word_1_262' title='bbox 1312 2468 1402 2508; x_wconf 95' lang='lat' dir='ltr'>quo</span> <span class='ocrx_word' id='word_1_263' title='bbox 1448 2457 1789 2508; x_wconf 86' lang='lat' dir='ltr'>profectionem</span> <span class='ocrx_word' id='word_1_264' title='bbox 1835 2469 1969 2498; x_wconf 90' lang='lat' dir='ltr'>suam</span> 
     </span>
     <span class='ocr_line' id='line_1_32' title="bbox 322 2528 1968 2580; baseline -0.001 -11"><span class='ocrx_word' id='word_1_265' title='bbox 322 2528 371 2569; x_wconf 91' lang='lat' dir='ltr'>P.</span> <span class='ocrx_word' id='word_1_266' title='bbox 402 2528 600 2569; x_wconf 90' lang='lat' dir='ltr'>Doctori</span> <span class='ocrx_word' id='word_1_267' title='bbox 630 2529 915 2580; x_wconf 90' lang='lat' dir='ltr'>persuadere</span> <span class='ocrx_word' id='word_1_268' title='bbox 943 2534 1155 2580; x_wconf 88' lang='lat' dir='ltr'>possent;</span> <span class='ocrx_word' id='word_1_269' title='bbox 1179 2534 1362 2568; x_wconf 88' lang='lat' dir='ltr'>tantum</span> <span class='ocrx_word' id='word_1_270' title='bbox 1390 2528 1521 2569; x_wconf 90' lang='lat' dir='ltr'>abest</span> <span class='ocrx_word' id='word_1_271' title='bbox 1557 2534 1607 2568; x_wconf 92' lang='lat' dir='ltr'>ut</span> <span class='ocrx_word' id='word_1_272' title='bbox 1636 2528 1968 2580; x_wconf 90' lang='lat' dir='ltr'>impedimento</span> 
     </span>
     <span class='ocr_line' id='line_1_33' title="bbox 323 2599 1968 2651; baseline -0.001 -11"><span class='ocrx_word' id='word_1_273' title='bbox 323 2600 476 2640; x_wconf 86' lang='lat' dir='ltr'>fuerit.</span> <span class='ocrx_word' id='word_1_274' title='bbox 503 2599 736 2640; x_wconf 85' lang='lat' dir='ltr'>Dicebant</span> <span class='ocrx_word' id='word_1_275' title='bbox 759 2599 967 2640; x_wconf 89' lang='lat' dir='ltr'>medicos</span> <span class='ocrx_word' id='word_1_276' title='bbox 988 2599 1035 2639; x_wconf 90' lang='lat' dir='ltr'>id</span> <span class='ocrx_word' id='word_1_277' title='bbox 1054 2600 1256 2651; x_wconf 90' lang='lat' dir='ltr'>probare</span> <span class='ocrx_word' id='word_1_278' title='bbox 1278 2600 1544 2640; x_wconf 91' lang='lat' dir='ltr'>consilium:</span> <span class='ocrx_word' id='word_1_279' title='bbox 1568 2600 1779 2651; x_wconf 87' lang='lat' dir='ltr'>morbos,</span> <span class='ocrx_word' id='word_1_280' title='bbox 1803 2599 1968 2651; x_wconf 89' lang='lat' dir='ltr'>quibus</span> 
     </span>
     <span class='ocr_line' id='line_1_34' title="bbox 325 2670 1964 2724; baseline -0.001 -13"><span class='ocrx_word' id='word_1_281' title='bbox 325 2671 618 2724; x_wconf 85' lang='lat' dir='ltr'>tenebantur,</span> <span class='ocrx_word' id='word_1_282' title='bbox 641 2671 713 2711; x_wconf 90' lang='lat' dir='ltr'>his</span> <span class='ocrx_word' id='word_1_283' title='bbox 742 2671 790 2711; x_wconf 89' lang='lat' dir='ltr'>in</span> <span class='ocrx_word' id='word_1_284' title='bbox 809 2670 924 2710; x_wconf 89' lang='lat' dir='ltr'>locis</span> <span class='ocrx_word' id='word_1_285' title='bbox 953 2681 1120 2710; x_wconf 88' lang='lat' dir='ltr'>curare</span> <span class='ocrx_word' id='word_1_286' title='bbox 1142 2682 1236 2710; x_wconf 91' lang='lat' dir='ltr'>non</span> <span class='ocrx_word' id='word_1_287' title='bbox 1263 2682 1421 2722; x_wconf 90' lang='lat' dir='ltr'>posse,</span> <span class='ocrx_word' id='word_1_288' title='bbox 1446 2682 1596 2723; x_wconf 87' lang='lat' dir='ltr'>neque</span> <span class='ocrx_word' id='word_1_289' title='bbox 1626 2670 1823 2711; x_wconf 85' lang='lat' dir='ltr'>forsitan</span> <span class='ocrx_word' id='word_1_290' title='bbox 1846 2670 1964 2711; x_wconf 89' lang='lat' dir='ltr'>aliis:</span> 
     </span>
     <span class='ocr_line' id='line_1_35' title="bbox 325 2741 1966 2794; baseline -0.001 -12"><span class='ocrx_word' id='word_1_291' title='bbox 325 2742 498 2782; x_wconf 91' lang='lat' dir='ltr'>sineret</span> <span class='ocrx_word' id='word_1_292' title='bbox 519 2742 714 2794; x_wconf 90' lang='lat' dir='ltr'>proinde</span> <span class='ocrx_word' id='word_1_293' title='bbox 736 2753 817 2782; x_wconf 91' lang='lat' dir='ltr'>eos</span> <span class='ocrx_word' id='word_1_294' title='bbox 838 2741 1093 2793; x_wconf 87' lang='lat' dir='ltr'>proficisci,</span> <span class='ocrx_word' id='word_1_295' title='bbox 1124 2741 1245 2781; x_wconf 89' lang='lat' dir='ltr'>inter</span> <span class='ocrx_word' id='word_1_296' title='bbox 1268 2741 1478 2782; x_wconf 87' lang='lat' dir='ltr'>infideles</span> <span class='ocrx_word' id='word_1_297' title='bbox 1499 2742 1666 2782; x_wconf 90' lang='lat' dir='ltr'>saltem</span> <span class='ocrx_word' id='word_1_298' title='bbox 1696 2742 1966 2782; x_wconf 86' lang='lat' dir='ltr'>morituros:</span> 
     </span>
     <span class='ocr_line' id='line_1_36' title="bbox 325 2811 1965 2865; baseline -0.001 -12"><span class='ocrx_word' id='word_1_299' title='bbox 325 2825 389 2863; x_wconf 91' lang='lat' dir='ltr'>se,</span> <span class='ocrx_word' id='word_1_300' title='bbox 414 2814 453 2853; x_wconf 95' lang='lat' dir='ltr'>si</span> <span class='ocrx_word' id='word_1_301' title='bbox 474 2826 567 2854; x_wconf 92' lang='lat' dir='ltr'>non</span> <span class='ocrx_word' id='word_1_302' title='bbox 589 2813 692 2853; x_wconf 92' lang='lat' dir='ltr'>aliis</span> <span class='ocrx_word' id='word_1_303' title='bbox 714 2813 873 2864; x_wconf 90' lang='lat' dir='ltr'>rebus,</span> <span class='ocrx_word' id='word_1_304' title='bbox 908 2818 955 2853; x_wconf 93' lang='lat' dir='ltr'>at</span> <span class='ocrx_word' id='word_1_305' title='bbox 985 2818 1111 2852; x_wconf 90' lang='lat' dir='ltr'>certe</span> <span class='ocrx_word' id='word_1_306' title='bbox 1138 2812 1448 2864; x_wconf 88' lang='lat' dir='ltr'>perdocendis</span> <span class='ocrx_word' id='word_1_307' title='bbox 1475 2813 1684 2865; x_wconf 90' lang='lat' dir='ltr'>puerulis</span> <span class='ocrx_word' id='word_1_308' title='bbox 1714 2824 1853 2865; x_wconf 92' lang='lat' dir='ltr'>posse</span> <span class='ocrx_word' id='word_1_309' title='bbox 1875 2811 1965 2852; x_wconf 87' lang='lat' dir='ltr'>suf-</span> 
     </span>
     <span class='ocr_line' id='line_1_37' title="bbox 326 2884 517 2924; baseline 0 0"><span class='ocrx_word' id='word_1_310' title='bbox 326 2884 465 2924; x_wconf 89' lang='lat' dir='ltr'>ficere</span> <span class='ocrx_word' id='word_1_311' title='bbox 488 2884 517 2924; x_wconf 64' lang='lat'>⁹².</span> 
     </span>
    </p>
   </div>
   <div class='ocr_carea' id='block_1_3' title="bbox 400 2979 612 2982">
    <p class='ocr_par' dir='ltr' id='par_1_4' title="bbox 400 2979 612 2982">
     <span class='ocr_line' id='line_1_38' title="bbox 400 2979 612 2982; baseline 0 0"><span class='ocrx_word' id='word_1_312' title='bbox 400 2979 612 2982; x_wconf 95' lang='lat' dir='ltr'> </span> 
     </span>
    </p>
   </div>
   <div class='ocr_carea' id='block_1_4' title="bbox 326 3018 1969 3148">
    <p class='ocr_par' dir='ltr' id='par_1_5' title="bbox 326 3018 1969 3148">
     <span class='ocr_line' id='line_1_39' title="bbox 382 3018 1502 3054; baseline 0.002 -9"><span class='ocrx_word' id='word_1_313' title='bbox 382 3020 389 3037; x_wconf 91' lang='lat'><strong>¹</strong></span> <span class='ocrx_word' id='word_1_314' title='bbox 432 3018 568 3046; x_wconf 86' lang='lat' dir='ltr'>Marcus</span> <span class='ocrx_word' id='word_1_315' title='bbox 584 3019 752 3053; x_wconf 86' lang='lat' dir='ltr'>Georgius</span> <span class='ocrx_word' id='word_1_316' title='bbox 768 3019 917 3054; x_wconf 74' lang='lat' dir='ltr'>(sorge).</span> <span class='ocrx_word' id='word_1_317' title='bbox 932 3019 1098 3051; x_wconf 56' lang='lat' dir='ltr'>Pomm-co.</span> <span class='ocrx_word' id='word_1_318' title='bbox 1116 3019 1207 3053; x_wconf 57' lang='lat' dir='ltr'>ibid„</span> <span class='ocrx_word' id='word_1_319' title='bbox 1222 3027 1301 3053; x_wconf 85' lang='lat' dir='ltr'>pag.</span> <span class='ocrx_word' id='word_1_320' title='bbox 1317 3019 1379 3050; x_wconf 64' lang='lat'>415,</span> <span class='ocrx_word' id='word_1_321' title='bbox 1393 3027 1423 3046; x_wconf 89' lang='lat' dir='ltr'>n.</span> <span class='ocrx_word' id='word_1_322' title='bbox 1439 3020 1502 3047; x_wconf 83' lang='lat'>913.</span> 
     </span>
     <span class='ocr_line' id='line_1_40' title="bbox 378 3066 1969 3102; baseline 0.001 -9"><span class='ocrx_word' id='word_1_323' title='bbox 378 3067 391 3084; x_wconf 88' lang='grc'>“-’</span> <span class='ocrx_word' id='word_1_324' title='bbox 431 3066 587 3094; x_wconf 82' lang='lat' dir='ltr'>Clariora</span> <span class='ocrx_word' id='word_1_325' title='bbox 614 3067 697 3094; x_wconf 80' lang='lat' dir='ltr'>haec</span> <span class='ocrx_word' id='word_1_326' title='bbox 723 3068 829 3094; x_wconf 84' lang='lat' dir='ltr'>multo</span> <span class='ocrx_word' id='word_1_327' title='bbox 854 3067 934 3094; x_wconf 80' lang='lat' dir='ltr'>fient</span> <span class='ocrx_word' id='word_1_328' title='bbox 958 3067 1150 3101; x_wconf 84' lang='lat' dir='ltr'>legentibus</span> <span class='ocrx_word' id='word_1_329' title='bbox 1174 3075 1259 3101; x_wconf 78' lang='lat' dir='ltr'>quae</span> <span class='ocrx_word' id='word_1_330' title='bbox 1281 3067 1386 3094; x_wconf 84' lang='lat' dir='ltr'>habet</span> <span class='ocrx_word' id='word_1_331' title='bbox 1411 3067 1578 3102; x_wconf 79' lang='lat' dir='ltr'>POLANco,</span> <span class='ocrx_word' id='word_1_332' title='bbox 1606 3068 1638 3095; x_wconf 90' lang='lat' dir='ltr'>in</span> <span class='ocrx_word' id='word_1_333' title='bbox 1662 3068 1838 3099; x_wconf 77' lang='lat' dir='ltr'>Chronico,</span> <span class='ocrx_word' id='word_1_334' title='bbox 1866 3071 1888 3094; x_wconf 90' lang='lat' dir='ltr'>t.</span> <span class='ocrx_word' id='word_1_335' title='bbox 1915 3075 1969 3101; x_wconf 70' lang='lat'>111,</span> 
     </span>
     <span class='ocr_line' id='line_1_41' title="bbox 326 3113 1252 3148; baseline 0.002 -9"><span class='ocrx_word' id='word_1_336' title='bbox 326 3120 404 3146; x_wconf 84' lang='lat' dir='ltr'>pag.</span> <span class='ocrx_word' id='word_1_337' title='bbox 422 3113 484 3147; x_wconf 74' lang='lat'>411,</span> <span class='ocrx_word' id='word_1_338' title='bbox 500 3122 531 3141; x_wconf 89' lang='lat' dir='ltr'>n.</span> <span class='ocrx_word' id='word_1_339' title='bbox 547 3114 610 3147; x_wconf 70' lang='lat'>907,</span> <span class='ocrx_word' id='word_1_340' title='bbox 625 3119 655 3141; x_wconf 90' lang='lat' dir='ltr'>et</span> <span class='ocrx_word' id='word_1_341' title='bbox 672 3119 853 3148; x_wconf 67' lang='lat' dir='ltr'>sequentes</span> <span class='ocrx_word' id='word_1_342' title='bbox 868 3113 974 3141; x_wconf 86' lang='lat' dir='ltr'>Marci</span> <span class='ocrx_word' id='word_1_343' title='bbox 987 3114 1088 3148; x_wconf 79' lang='lat' dir='ltr'>Jorge</span> <span class='ocrx_word' id='word_1_344' title='bbox 1104 3114 1252 3142; x_wconf 84' lang='lat' dir='ltr'>litteras.</span> 
     </span>
    </p>
   </div>
   <div class='ocr_carea' id='block_1_5' title="bbox 2144 206 2168 252">
    <p class='ocr_par' dir='ltr' id='par_1_6' title="bbox 2144 206 2168 279">
     <span class='ocr_line' id='line_1_42' title="bbox 2144 206 2168 252; baseline 0 27"><span class='ocrx_word' id='word_1_345' title='bbox 2144 206 2168 252; x_wconf 59' lang='lat'>³</span> 
     </span>
    </p>
   </div>
  </div>
 </body>
</html>
