2168 3437
903 270 987 308 ΑΝ.
1019 270 1110 308 1554
1747 269 1818 306 633

188 367 443 407 Dominum
463 367 622 420 Jesum
641 378 726 418 pro
748 366 820 406 his
842 366 932 406 tuis
953 365 1058 406 filiis
1086 377 1222 406 orare
1249 371 1299 406 ut
1325 366 1442 406 tales
1468 378 1570 406 esse
1600 377 1816 406 curemus

186 438 350 490 quales
371 438 446 479 hie
467 443 546 478 tua
568 449 688 489 resp.
715 436 726 456 ¹
757 438 849 477 imo
873 437 1046 478 Christi
1079 436 1189 489 Jesu
1215 436 1427 478 Societas
1454 437 1623 489 exigit,
1654 437 1817 489 quales

187 521 288 549 esse
315 514 424 549 tuae
453 509 570 549 istae
599 508 925 549 sanctissimae
957 509 1086 559 leges
1116 514 1160 548 et
1191 508 1359 548 docent
1385 514 1429 548 et
1462 509 1641 548 volunt.
1678 508 1813 559 Vale,

184 579 323 620 Pater
344 581 391 620 in
411 579 548 629 Chro.
571 579 682 631 Jesu
705 579 1145 630 observandissime,
1175 585 1311 631 teque
1346 579 1425 620 diu
1450 579 1540 620 Dei
1569 580 1816 620 elementia

189 651 322 690 nobis
358 651 638 690 ineolumem
672 656 842 701 servet,
871 655 921 690 ut
950 650 996 690 in
1031 649 1130 690 dies
1157 649 1355 701 majora,
1392 662 1511 702 quae
1546 651 1817 702 propediem

185 732 445 772 speramus,
466 720 633 772 majori
650 733 756 761 eum
773 721 946 762 Christi
961 721 1129 772 gloria,
1153 721 1237 761 sub
1258 726 1337 761 tuo
1353 721 1721 762 fortunatissimo
1739 732 1816 760 au-

189 792 351 843 spicio,
374 791 478 842 geri
499 790 650 831 adhue
669 792 930 842 longaevus
951 791 1128 831 videas.

264 862 513 913 Compluti,
539 862 690 912 pridie
710 861 908 902 Kalend.
937 862 1049 902 Maii
1071 874 1193 902 anno
1215 862 1405 903 Domini
1424 863 1550 916 Jesu,
1578 862 1692 902 1554.

266 933 320 972 R.
344 932 392 973 P.
418 933 470 972 T.

265 1003 440 1044 Servus
465 1003 512 1043 in
534 1003 694 1044 Chisto
717 1004 905 1055 inutilis,

1365 1145 1598 1187 AEGIDIUS.

264 1357 620 1409 Scherscrz’ptc'o
645 1358 693 1397 in
715 1361 883 1398 octava
898 1358 1105 1409 pagina:
1125 1359 1152 1406 †
1172 1359 1322 1411 Jesus.
1347 1358 1463 1399 Rdo.
1488 1360 1535 1399 in
1565 1358 1704 1399 Chro.
1733 1359 1815 1399 Pa-

185 1428 245 1468 tri
265 1428 326 1468 M.
351 1428 533 1479 Ignatio
556 1429 612 1469 de
638 1428 839 1481 L0y01a‚
868 1428 1142 1481 Praeposito
1169 1428 1389 1470 Generali
1414 1428 1661 1470 Societatis
1688 1430 1814 1483 Jesu.

263 1498 456 1539 Romae.

264 1569 376 1610 Alia
396 1582 558 1610 manet:
583 1570 697 1611 1554.
724 1571 872 1622 Quad.
897 1571 1160 1623 Compluto,
1184 1570 1259 1611 P.i
1281 1571 1387 1622 (sic)
1408 1571 1534 1623 Maji.

190 1675 244 1682 ..⁴-

239 1730 250 1750 1
291 1730 355 1764 Sic,
370 1731 577 1765 respublica?
