2168 3437
359 172 408 210 66
878 169 1107 208 LITTERAE
1134 178 1493 213 QUADRIMESTRES

443 269 586 309 Brevi
605 268 796 320 quidam
815 267 1044 317 Phrysius
1065 265 1125 306 ad
1146 265 1373 306 exercitia
1395 276 1444 304 se
1465 269 1718 304 venturum
1745 263 2013 303 certissime

362 340 604 381 constituit
624 339 680 380 de
707 350 798 391 quo
827 345 871 378 et
898 336 1133 378 nonnullis
1159 336 1261 376 aliis
1294 335 1468 387 optima
1496 346 1583 375 nos
1609 334 1750 375 habet
1778 345 1899 385 spes.
1935 333 2005 374 Sit

363 423 535 452 nomen
557 410 816 451 dulcissimi
836 409 940 449 Iesu
960 407 1273 448 benedictum.

445 482 562 523 Cum
582 482 753 523 vicinis
774 480 947 521 nostris
969 490 1142 530 magna
1162 489 1280 530 pace
1301 477 1514 517 fruimur.
1540 476 1714 517 Omnes
1735 476 1870 517 nobis
1892 477 2003 516 mul-

364 561 463 594 tum
495 553 678 601 favent,
711 551 992 604 praesertim
1026 550 1084 590 D.
1123 549 1379 590 Abbatissa
1415 548 1459 589 S.
1498 548 1721 597 Ursulae,
1757 559 1875 599 quae
1911 559 2005 587 non

365 631 519 665 cessat
554 630 742 664 nostras
777 629 935 675 partes
975 622 1117 673 tueri,
1151 621 1282 661 cuius
1318 621 1393 660 vel
1427 619 1515 659 hoc
1559 626 1888 669 argumentum
1919 624 2004 668 est,

364 696 488 749 quod
514 696 712 736 multum
739 694 945 746 gaudeat
972 693 1242 733 venerabile
1271 692 1454 743 Corpus
1481 690 1670 730 Domini
1705 701 1763 729 ex
1792 689 2009 730 manibus

365 767 457 808 R.di
485 767 640 808 Patris
661 765 897 806 Leonardi
925 765 1160 817 accipere,
1192 764 1385 814 eiusque
1413 762 1607 802 missam
1637 761 1826 802 audire.v
1848 760 2007 801 Domi-

366 839 473 879 nica
502 838 652 890 prima
684 837 916 877 adventus
945 837 1083 876 simul
1115 847 1222 876 cum
1254 834 1479 874 fratribus
1519 833 1567 872 in
1596 844 1741 872 aurea
1777 843 1964 872 camera
2003 830 2010 849 ¹

367 909 735 952 communicavit
756 909 803 949 in
831 908 1107 949 admiranda
1133 906 1416 956 humilitate,
1446 905 1585 945 nullis
1612 903 1905 956 pedissequis
1932 903 2008 942 sti-

367 988 495 1034 pata,
519 981 647 1022 humi
668 981 817 1021 instar
844 980 1160 1032 pauperculae
1188 983 1440 1030 prostrata.
1472 976 1705 1026 Dignetur
1732 975 1919 1015 humilis
1949 974 2014 1014 Ie-

371 1065 451 1095 sus
471 1053 618 1094 hacce
641 1052 812 1093 celebri
832 1051 1126 1092 solemnitate
1148 1051 1196 1090 in
1217 1050 1352 1090 ulnas
1376 1060 1486 1089 suas
1509 1047 1741 1099 amplecti.

451 1125 602 1166 Pestis
631 1125 828 1165 multum
858 1123 1011 1174 coepit
1036 1122 1112 1162 hic
1141 1121 1364 1162 Coloniae
1391 1120 1624 1171 grassari,
1658 1117 1937 1170 praesertim
1968 1117 2011 1156 in

372 1203 536 1238 nostra
557 1196 800 1248 parochia.
825 1195 1031 1235 Tueatur
1051 1205 1139 1233 nos
1159 1193 1390 1233 Dominus
1414 1191 1628 1231 Christus
1661 1202 1746 1241 pro
1776 1200 1861 1229 sua
1888 1188 2014 1228 boni-

374 1275 484 1310 tate.
508 1268 700 1308 Interim
727 1277 813 1307 nos
842 1266 953 1306 totis
979 1264 1270 1317 praecordiis
1298 1262 1682 1303 commendamus
1711 1259 2018 1312 flagrantissi-

379 1340 468 1381 mis
489 1340 540 1380 T.
565 1339 615 1379 P.
639 1338 858 1391 precibus
879 1343 924 1377 et
944 1335 1208 1388 purissimis
1230 1333 1489 1375 sacrificiis.

462 1411 685 1452 Coloniae
706 1410 822 1461 ipsis
843 1407 1050 1449 calendis
1070 1406 1348 1447 Decembris
1373 1405 1489 1445 1552.

459 1483 532 1524 EX
553 1481 882 1523 commissione
910 1478 1004 1519 Rdi
1025 1478 1172 1530 patris
1202 1477 1458 1527 Leonardi,
1493 1484 1599 1516 tuus
1628 1476 1850 1526 indignus
1878 1473 2024 1523 filius‚.

972 1621 1232 1662 GERARDUS
1254 1620 1485 1660 BRAssICA
1508 1618 1885 1660 DORDRACENSIS.

463 1839 555 1879 His
576 1838 760 1879 addidit
780 1848 925 1877 mmm
941 1835 1146 1888 propria
1169 1834 1453 1874 Leonardus
1474 1832 1667 1873 Kessel:

465 1910 566 1951 Rssle
594 1910 756 1950 Pater:
793 1908 993 1948 nuncius
1020 1906 1301 1957 expectabat
1339 1911 1382 1945 et
1409 1911 1592 1956 tempus
1625 1910 1725 1944 erat
1759 1910 1810 1943 ut
1844 1903 2024 1943 amicos

386 1981 575 2024 Rflisssiffli
608 1981 734 2032 Epis.
765 1980 851 2020 nri.
881 1978 1170 2028 accederem3
1195 1978 1261 2017 sic
1290 1988 1385 2016 non
1409 1977 1577 2026 scribo,
1599 1975 1681 2016 sed
1701 1975 1833 2015 brevi
1850 1974 2023 2023 omnia,

388 2054 620 2107 quomodo
643 2051 956 2093 successerint
978 2049 1152 2090 scribat
1174 2048 1282 2099 (sic)
1306 2047 1364 2088 ad
1386 2060 1429 2100 p.
1454 2060 1499 2088 v.

471 2122 843 2177 superscriptio,
867 2120 1259 2170 Gerardzsmanu,
1281 2119 1330 2159 in
1352 2121 1527 2170 quarta
1541 2117 1755 2169 pagina:
1779 2115 1880 2157 R.d0
1903 2117 2026 2168 patri

389 2197 572 2249 Ignatio
588 2208 615 2235 a
632 2194 815 2243 Loiola,
828 2192 1078 2233 Societatis
1097 2191 1200 2231 Iesu
1222 2190 1420 2230 antistiti
1435 2188 1812 2240 vigilantissimo,
1832 2187 2025 2227 Romae.

471 2267 584 2308 Alia
612 2276 782 2306 manu:
811 2263 1005 2304 Colonia
1039 2262 1161 2313 1552,
1193 2262 1248 2302 de
1276 2260 1490 2301 Gerardo
1522 2259 1761 2310 Brassica,
1792 2259 1942 2310 primo
1970 2259 2026 2298 de

392 2339 653 2381 decembre.

474 2411 564 2451 Est
586 2413 629 2449 et
650 2406 911 2458 vestigium
933 2404 1103 2455 sigilli.

449 2570 459 2589 ¹
499 2570 616 2596 Aurea
638 2574 775 2595 camera
797 2565 943 2600 (Golden
967 2563 1165 2597 Kammer).
1188 2562 1243 2589 Sic
1266 2564 1411 2588 vocatur
1432 2561 1525 2588 locus
1539 2561 1647 2588 sacris
1661 2560 1815 2595 reliquiis
1830 2559 2030 2590 destinatus,

395 2618 472 2645 aliis
485 2618 519 2644 in
534 2617 617 2644 locis
637 2615 840 2643 Thesaurus
855 2612 989 2645 dicitur,
1012 2612 1044 2638 in
1066 2618 1129 2645 quo
1145 2610 1309 2645 reliquiae
1326 2608 1359 2635 S.
1382 2608 1527 2636 Ursulae
1550 2608 1710 2636 Coloniae
1731 2611 1965 2635 asservantur.
1983 2606 2038 2632 In·

394 2672 534 2692 numera
549 2664 719 2691 sociarum
734 2662 807 2697 ejus
821 2668 909 2695 ossa,
924 2659 1106 2694 praecipue
1121 2658 1154 2685 in
1169 2657 1334 2693 superiori
1358 2656 1451 2684 chori
1474 2660 1592 2691 parte,
1609 2656 1642 2683 in
1657 2655 1776 2690 parvis
1786 2654 1899 2682 aureis
1914 2661 2034 2687 capsu-

394 2714 436 2741 lis
450 2716 527 2740 sunt
543 2713 722 2740 collocata.
