2168 3437
863 256 948 293 ΑΝ.
979 255 1071 294 1554
1719 258 1790 295 640

153 355 266 404 gani
285 360 392 394 sunt
414 360 458 394 et
479 366 505 394 a
529 355 644 394 vicis
667 354 942 406 oppidisque
969 353 1106 394 huius
1134 353 1376 394 Dioecesis
1398 355 1487 394 huc
1515 354 1787 396 addiscendi

145 436 248 476 gra.
291 425 678 476 commigrarunt.
721 425 883 465 Plures
922 425 1151 476 siquidem
1191 437 1218 464 a
1254 426 1548 477 parentibus,
1591 438 1787 467 suavem

144 496 449 536 sentientibus
486 497 679 537 odorem
718 497 961 536 literarum
995 496 1335 548 probitatisque
1373 509 1577 548 morum,
1620 499 1787 550 quibus

145 567 511 608 adolescentium
551 567 693 607 animi
730 567 1014 618 imbuuntur,
1052 567 1143 608 huc
1178 569 1424 608 mittuntur
1456 575 1500 609 et
1540 569 1587 609 in
1621 570 1787 610 studiis

145 639 344 678 aluntur.
376 638 536 679 Solent
564 639 610 678 in
638 639 757 678 festo
790 638 1052 678 nativitatis
1081 638 1188 679 Dni.
1220 645 1264 679 et
1299 640 1657 680 resurrectionis
1690 641 1785 681 uni-

144 711 271 750 versi
291 710 435 750 ferme
458 709 729 750 scholastici
752 709 810 749 ad
830 709 1010 760 patrias
1030 709 1265 760 proficisci
1287 719 1377 761 ‘per
1409 710 1456 750 10
1483 718 1561 751 aut
1589 711 1640 751 *15
1671 712 1783 761 dies,

144 793 341 832 quorum
362 781 590 820 modestia
613 787 658 820 et
678 781 877 820 honesta
900 781 1260 821 conversatione
1282 782 1416 831 moti,
1453 783 1499 822 ni
1526 783 1676 832 fallor,
1709 784 1785 823 ali-

144 863 341 903 quorum
363 858 582 903 parentes
602 851 775 891 liberos
806 863 916 890 suos
949 851 1039 890 huc
1068 851 1277 903 mittunt,
1308 853 1456 893 literis
1487 854 1786 905 moribusque

142 923 474 973 instituendos;
506 934 638 973 spem
666 934 849 962 summo
880 922 966 961 deo
1000 921 1247 973 habemus,
1283 923 1382 963 fore
1413 930 1461 964 ut
1487 937 1708 965 numerus
1740 926 1786 965 in

143 993 240 1034 dies
264 1001 509 1045 augeatur.
533 994 747 1045 Ipsorum
769 993 923 1033 studia
951 993 1067 1033 bene
1096 993 1287 1042 habent;
1322 997 1521 1035 sentitur
1548 996 1786 1047 profectus

142 1065 188 1105 in
209 1065 426 1117 singulis3
451 1077 565 1105 cura
587 1065 710 1105 enim
732 1076 787 1105 ac
810 1063 1051 1115 diligentia
1074 1076 1169 1103 non
1191 1077 1337 1116 parua
1371 1074 1439 1106 est
1471 1068 1785 1119 praeceptori-

142 1137 227 1177 bus
262 1137 489 1177 exercitia
526 1136 661 1176 varia
701 1136 958 1187 modosque
999 1147 1159 1175 omnes
1198 1137 1574 1188 pervestigandi,
1617 1139 1784 1190 quibus

145 1207 224 1248 fiat
245 1214 293 1248 ut
315 1209 404 1259 ipsi
424 1209 617 1259 pulchre
639 1207 685 1247 in
708 1208 951 1247 literarum
972 1207 1204 1247 curriculo
1226 1196 1508 1259 procedant;
1533 1221 1590 1249 ex
1621 1211 1787 1261 quibus

143 1279 231 1320 hoc
255 1291 399 1320 unum
420 1286 512 1330 est,
539 1291 629 1331 quo
659 1279 928 1319 excitantur
959 1279 1162 1318 maxime
1194 1284 1237 1318 et
1268 1279 1591 1321 stimulantur:
1624 1281 1672 1321 in
1702 1293 1785 1322 sua

146 1351 345 1402 quisque
367 1341 518 1391 classe
541 1351 657 1391 alios
680 1351 783 1390 aliis
806 1350 1106 1390 adversarios
1129 1350 1390 1401 constituit,
1422 1351 1484 1391 ita
1513 1358 1562 1392 ut
1593 1353 1789 1404 singulis

148 1423 407 1474 quibusque
434 1434 546 1463 suus
575 1423 632 1462 sit
661 1429 817 1462 certus
849 1434 904 1462 ac
933 1421 1206 1473 designatus
1234 1422 1281 1462 in
1308 1422 1472 1463 eadem
1500 1425 1650 1464 classe
1682 1437 1785 1465 con-

144 1493 367 1543 flictator3
412 1494 579 1534 horum
619 1500 776 1534 autem
811 1493 1018 1533 omnium
1058 1505 1113 1533 ac
1154 1494 1444 1544 singulorum
1480 1495 1681 1536 officium
1720 1503 1788 1536 est

145 1576 321 1615 magna
363 1577 467 1606 cum
507 1565 748 1616 diligentia
786 1565 845 1605 ad
880 1576 1066 1604 errores
1105 1565 1486 1605 adversariorum
1526 1567 1786 1618 attendere,

143 1636 324 1687 quoties
358 1637 729 1687 interrogantur,
761 1642 810 1676 ut
838 1647 918 1676 eos
950 1636 1133 1687 publice
1164 1637 1429 1688 corrigant;
1464 1638 1584 1678 unde
1615 1640 1694 1690 qui
1724 1639 1787 1679 in-

141 1713 461 1758 terrogantur,
497 1708 542 1747 id
570 1707 871 1747 emolumenti
903 1708 1121 1758 capiunt,
1152 1714 1201 1747 ut
1231 1708 1449 1749 studeant
1481 1722 1574 1749 non
1609 1720 1784 1758 errare;

143 1778 214 1818 sui
241 1790 355 1818 vero
384 1779 647 1819 adversarii
677 1777 948 1829 emendare3
991 1784 1129 1829 atque
1158 1779 1222 1819 ita
1249 1780 1433 1831 utrique
1465 1781 1713 1832 proficiunt
1744 1789 1786 1822 et

141 1850 325 1902 utrique
347 1851 406 1891 ad
428 1851 632 1891 studium
653 1851 897 1891 literarum
918 1850 1246 1891 incenduntur.
1280 1851 1486 1903 Singulis
1517 1853 1678 1894 diebus
1708 1852 1787 1894 Sa-

141 1921 266 1961 turni
287 1923 527 1962 axiomata
548 1933 662 1962 suae
681 1922 918 1962 facultatis
940 1921 1208 1973 defendunt,
1241 1924 1465 1974 privatim
1486 1925 1533 1964 in
1555 1936 1638 1965 sua
1667 1927 1786 1977 quis-

143 2004 231 2043 que
259 1993 429 2042 classe,
454 2005 510 2033 ac
532 1993 694 2033 diebus
717 1993 826 2032 item
850 1992 1040 2033 Saturni
1070 1994 1233 2044 primis
1261 1995 1484 2046 cuiusque
1515 1997 1687 2036 mensis
1709 2008 1784 2047 pu-

141 2063 260 2103 blice
294 2075 456 2104 omnes
486 2064 682 2115 pariter,
711 2064 758 2103 in
792 2075 975 2104 summo
1003 2065 1123 2104 atrio
1155 2065 1463 2116 confluentes3
1497 2066 1632 2115 haec,
1667 2079 1786 2118 quae

141 2134 324 2185 publice
347 2135 486 2174 modo
508 2140 614 2186 post
635 2134 806 2174 festum
833 2136 1039 2186 paschae
1069 2141 1175 2175 acta
1206 2141 1334 2187 sunt,
1369 2136 1626 2177 celebriora
1656 2137 1785 2178 fuere

143 2204 301 2254 solito;
340 2217 472 2256 nam,
503 2211 837 2257 praeterquam
865 2206 989 2257 quod
1021 2207 1257 2247 orationes
1285 2214 1330 2247 et
1359 2208 1699 2259 disputationes
1731 2209 1787 2250 de

143 2286 273 2315 more
299 2275 485 2316 habitae
512 2283 642 2327 sunt,
676 2277 852 2328 aliquot
883 2277 1025 2317 etiam
1052 2277 1295 2328 Aeglogas
1321 2279 1579 2319 recitarunt
1610 2279 1665 2319 de
1702 2280 1786 2320 Re-

144 2346 446 2386 surrectione.
472 2346 558 2386 His
580 2347 644 2386 illi
667 2347 832 2387 studiis
854 2347 914 2387 ad
933 2348 1144 2388 laborem
1164 2356 1503 2400 provocantur,
1533 2357 1576 2390 et
1605 2357 1654 2390 ut
1676 2353 1784 2391 ulte-

144 2416 241 2456 rius
281 2416 529 2468 diligenter
564 2424 765 2469 pergant
804 2418 942 2458 facile
980 2420 1316 2470 perducuntur.
1358 2420 1539 2461 Horum
1577 2423 1786 2462 nonnulli

144 2487 388 2527 variarum
425 2488 705 2538 religionum
744 2489 957 2529 instituta
993 2497 1321 2542 susceperunt,
1359 2492 1437 2531 alii
1476 2491 1587 2532 Scti.
1628 2492 1785 2533 Domi-

144 2557 258 2608 mici,
289 2558 368 2598 alii
401 2557 511 2598 Soti.
551 2558 800 2607 ssernardi‚
838 2571 967 2600 nrae.
997 2573 1110 2601 vero
1139 2560 1408 2613 Societatis‚
1446 2563 1518 2602 his
1548 2565 1784 2604 mensibus

144 2627 254 2679 ΑΜ,
280 2628 371 2668 duo
394 2635 472 2669 aut
492 2628 594 2680 385,
628 2630 732 2670 aliis
764 2631 996 2681 exceptis,
1034 2632 1111 2684 qui
1127 2632 1328 2683 idipsum
1358 2645 1385 2672 a
1416 2633 1553 2674 Patre
1583 2637 1783 2685 postula-

145 2705 265 2739 runt.
304 2699 411 2740 Illos
439 2701 487 2740 in
513 2700 725 2741 doctrina
757 2702 1014 2742 christiana
1044 2710 1376 2755 praeceptores
1403 2705 1669 2756 instituunt,
1709 2718 1784 2746 ve-

145 2781 279 2821 spere
313 2770 404 2810 diei
439 2771 661 2812 dominici
694 2772 917 2823 privatim
946 2773 993 2813 in
1027 2785 1110 2814 sua
1139 2775 1334 2826 quisque
1368 2776 1539 2826 classe,
1576 2776 1785 2828 ipsorum

145 2841 305 2892 captui
334 2853 383 2881 se
406 2843 832 2884 accommodantes.
862 2844 913 2884 In
945 2845 1004 2884 La
1024 2846 1175 2886 classe
1195 2846 1285 2886 hoc
1305 2847 1443 2887 modo
1465 2847 1784 2888 instituuntur:

145 2912 237 2951 alio
270 2912 343 2952 die
375 2912 622 2954 Dominico
651 2926 743 2954 una
771 2916 1002 2966 quaedam
1031 2917 1263 2968 particula
1285 2929 1343 2957 ex
1370 2918 1522 2958 dnica.
1555 2920 1782 2970 oratione,

145 2981 390 3034 Aplorum.
423 2984 636 3036 symbolo
666 2991 745 3025 aut
769 2986 864 3037 ,alio
892 2988 1058 3038 quovis
1087 2988 1227 3044 simili
1256 2988 1545 3040 declaratur3
1578 2990 1637 3030 ad
1667 2991 1784 3030 haec

145 3054 373 3103 prolixius
395 3055 707 3096 admonentur
729 3057 784 3097 de
806 3057 898 3108 his,
922 3069 1041 3109 quae
1064 3059 1325 3100 conducere
1353 3063 1570 3103 videntur
1601 3061 1661 3102 ad
1688 3073 1781 3101 mo<
