2168 3437
889 244 973 281 AN.
1002 243 1096 281 1553
1752 242 1817 278 179

170 346 380 382 caeteros
400 353 562 381 omnes
582 341 830 390 modestia,
851 344 895 380 et
915 341 1106 380 tandem
1123 338 1402 379 deliberavit
1423 338 1472 377 ιἰι
1494 338 1699 389 quodam
1723 349 1815 377 mo-

172 412 381 454 uas-terso
405 411 453 451 in
475 411 570 451 Dei
585 411 715 451 cultu
737 412 887 451 vitam
908 423 1069 461 agere.
1100 410 1229 450 Haec
1258 411 1370 450 urbs
1396 417 1588 461 stupore
1617 409 1817 449 afficitur

175 497 282 525 cum
304 484 420 524 haec
442 484 664 533 intuetur,
684 490 728 523 et
746 483 973 535 imprimis
992 494 1098 522 cum
1115 485 1264 522 cernit
1283 480 1559 521 modestiam
1575 481 1820 521 scholasti-

178 567 355 604 corum,
389 555 611 606 qnoniam
639 560 937 605 summopere
966 554 1041 593 ln's
1062 553 1287 604 partibus
1314 553 1631 592 desideratur.
1659 552 1820 592 Homi-

179 639 263 667 nes
283 626 469 678 quidem
491 626 682 666 honesti
698 633 886 666 nostros
909 637 1063 666 mores
1086 632 1129 664 et
1147 625 1357 664 instituta
1376 623 1722 675 commendant;
1741 623 1821 663 im-

177 698 450 750 probissimi
471 701 628 737 antem
646 697 916 748 vituperant
933 700 976 736 et
993 696 1043 735 in
1065 695 1296 735 invidiam
1313 698 1485 734 vocant
1507 706 1562 734 ac
1579 706 1666 734 nos
1683 701 1727 734 et
1745 706 1823 746 pa-

179 770 292 810 riter
314 768 570 820 discipulos
592 769 964 808 dissimulatores
984 767 1210 807 vocitant.
1234 767 1336 806 Nos
1364 770 1520 807 antem
1541 766 1695 819 parvi
1710 771 1823 817 pen-

178 840 337 880 dimus
359 840 505 879 verba
526 851 688 879 eornm
711 850 765 879 ac
784 839 1051 879 maledicta.

258 910 429 951 Habita
452 917 521 951 est
542 911 589 950 in
610 917 773 951 nostro
797 911 969 961 templo
992 909 1144 949 oratio
1172 910 1339 960 latina,
1370 921 1463 960 qua
1492 916 1590 949 tum
1618 909 1823 960 explica—

178 984 374 1023 cabatur
396 994 527 1022 mens
549 988 593 1021 et
616 981 799 1022 animus
821 980 1014 1021 Patrum
1034 981 1080 1020 in
1103 980 1325 1031 Collegiis
1346 981 1705 1030 construendz'S,
1726 986 1825 1020 tum

177 1054 297 1094 ratio
320 1052 569 1093 Societatis
591 1053 637 1092 in
659 1052 947 1092 instituenda
969 1052 1226 1102 iuventute,
1250 1059 1348 1092 tum
1379 1052 1532 1092 studia
1562 1052 1826 1092 humanita—

179 1125 238 1165 tis
264 1132 307 1165 et
340 1125 655 1176 ingenuarum
687 1124 857 1164 artium
886 1124 1201 1164 laudabantur
1228 1131 1273 1163 et
1301 1123 1360 1163 ad
1388 1134 1467 1163 eas
1494 1123 1826 1175 percipiendas

180 1197 463 1236 incitabatur
486 1197 719 1246 iuventus,
745 1196 818 1236 cui
840 1195 1047 1235 interfuit
1076 1195 1335 1246 Episcopus
1366 1194 1374 1213 ¹
1404 1202 1448 1235 et
1476 1195 1665 1247 plurimi
1692 1206 1827 1235 cano-

181 1268 289 1318 nici,
321 1269 502 1319 equites
532 1275 576 1307 et
605 1267 748 1307 cives.
778 1266 957 1307 Verum
985 1267 1206 1318 quoniam
1235 1267 1281 1306 in
1312 1267 1450 1306 huius
1478 1266 1830 1317 vigilantissimi

181 1340 387 1391 pastoris
409 1351 675 1379 sermonem
696 1338 852 1385 incidi,
878 1350 971 1378 non
993 1338 1286 1378 committam
1303 1338 1414 1390 quin
1431 1350 1620 1378 narrem
1639 1349 1729 1390 quo
1749 1349 1827 1390 pa-

184 1416 283 1462 cto,
315 1416 365 1450 ut
391 1411 594 1462 primum
622 1411 670 1450 in
697 1410 820 1450 hanc
855 1409 1018 1449 urbem
1045 1410 1248 1460 ingressi
1282 1421 1457 1460 sumus,
1490 1421 1577 1449 nos
1604 1416 1832 1461 tanquam

184 1481 302 1522 filios
322 1482 529 1522 maximo
553 1493 713 1522 amore
737 1482 1026 1533 complexus,
1050 1481 1186 1521 nobis
1208 1493 1256 1521 se
1278 1487 1427 1521 totum
1445 1493 1503 1521 ex
1524 1481 1681 1521 animo
1704 1481 1830 1520 obtu—

184 1554 235 1593 lit
263 1560 308 1594 et
337 1553 542 1594 studium
577 1565 713 1593 suum
748 1553 983 1604 pollicitus
1012 1559 1097 1604 est;
1136 1553 1261 1604 quod
1289 1553 1476 1604 quidem
1503 1556 1666 1604 aperte
1694 1553 1831 1592 modo

111 1623 115 1628 ’
178 1624 476 1676 perspicitur
502 1625 548 1664 in
571 1636 684 1665 cura
706 1632 751 1665 et
773 1624 1101 1674 sollicitudine,
1122 1636 1264 1675 quam
1286 1624 1332 1664 in
1350 1624 1487 1664 rebus
1505 1624 1678 1664 nostris
1695 1635 1832 1674 agen-

186 1696 256 1736 dis
278 1696 486 1748 suscipit.
521 1695 619 1736 Iam
640 1696 710 1736 bis
732 1702 863 1736 terve
885 1696 1046 1735 invisit
1067 1696 1293 1745 scholam,
1318 1707 1373 1736 ac
1395 1707 1568 1747 magno
1597 1695 1831 1747 perfundi-

185 1774 259 1808 tur
279 1768 453 1819 gaudio
476 1780 583 1808 cum
605 1779 780 1819 pueros
803 1774 935 1808 tanta
963 1767 1225 1808 humilitate
1253 1774 1297 1807 et
1324 1768 1498 1818 pietate
1529 1775 1721 1808 ornatos
1749 1768 1834 1807 cir-

186 1839 466 1891 cumspiciat
488 1851 574 1879 nec
591 1851 687 1879 non
703 1839 830 1879 haud
847 1851 1048 1890 parvum
1066 1851 1124 1879 ex
1144 1840 1293 1879 literis
1310 1851 1389 1879 eos
1411 1839 1608 1879 haurire
1630 1839 1833 1879 fructum

183 1911 428 1962 intelligat.
451 1910 578 1952 Solet
599 1923 951 1962 nonnumquam
972 1911 1128 1952 dicere
1149 1912 1337 1952 nomine
1359 1911 1602 1951 doctrinae
1624 1913 1826 1951 virtutes

187 1994 288 2023 esse
309 1983 599 2023 inserendas.
622 1982 665 2023 Is
686 1983 845 2034 itaque
866 1982 913 2022 in
936 1983 1118 2022 cunctis
1140 1982 1279 2022 rebus
1306 1983 1440 2022 nobis
1469 1994 1605 2034 opem
1633 1987 1678 2022 et
1705 1982 1833 2022 salu-

186 2058 277 2094 tem
299 2054 402 2103 fert,
428 2067 483 2095 ac
504 2056 580 2094 ille
602 2054 804 2106 quidem,
829 2055 868 2094 si
890 2054 1064 2094 divitiis
1088 2061 1132 2094 et
1150 2054 1308 2094 mundi
1327 2055 1493 2105 opibus
1510 2054 1735 2105 afflueret,
1754 2066 1833 2094 no-

186 2126 256 2166 bis
276 2138 469 2178 prorsus
496 2125 763 2166 consuleret
792 2129 835 2165 et
865 2138 942 2165 res
970 2126 1266 2166 necessarias
1289 2126 1585 2177 elargiretur.
1623 2126 1687 2166 At
1719 2138 1833 2166 vero

186 2209 271 2249 pro
293 2198 388 2238 suis
408 2197 609 2238 fortunis
630 2198 680 2240 in
701 2209 788 2238 nos
810 2197 1014 2238 maxima
1038 2197 1218 2237 confert
1240 2197 1478 2237 beneficia.
1505 2197 1685 2237 Verum
1708 2204 1756 2237 ut
1774 2197 1834 2236 ad

188 2268 248 2319 id,
273 2269 393 2309 unde
414 2269 622 2319 discessi,
646 2276 876 2320 revertar,
902 2269 1054 2309 oratio
1078 2269 1239 2309 habita
1267 2269 1386 2309 adeo
1413 2269 1611 2320 placuit,
1642 2273 1695 2308 ut
1722 2268 1833 2319 Epi-

188 2345 361 2392 scopus
382 2341 570 2381 diceret:
594 2340 643 2381 Si
667 2341 1000 2392 cognovissem
1021 2352 1120 2380 rem
1142 2346 1239 2380 tam
1261 2347 1367 2391 apte
1389 2346 1434 2380 et
1456 2347 1619 2380 ornate
1637 2340 1833 2380 efficien-

191 2412 314 2461 dam,
339 2424 678 2452 convocassem
701 2412 879 2464 (inquit)
903 2412 1176 2452 universum
1197 2413 1436 2463 populum.
1467 2411 1630 2452 Oratio
1654 2412 1833 2451 satisfe-

192 2483 254 2523 cit
274 2484 414 2524 etiam
436 2484 632 2534 civibus,
658 2483 741 2535 qui
758 2495 860 2523 eam
882 2483 1194 2523 audiverunt.
1218 2483 1437 2523 Nonnulli
1454 2495 1565 2522 vero
1584 2483 1661 2534 qui
1678 2483 1834 2523 hacte-

192 2566 278 2595 nus
310 2555 415 2595 odio
442 2567 527 2595 nos
555 2555 979 2607 prosequebantur,
1014 2565 1139 2594 nnnc
1168 2566 1281 2594 vero
1311 2562 1418 2594 sunt
1447 2554 1581 2594 nobis
1610 2554 1748 2593 amici
1779 2565 1834 2593 ac

194 2626 358 2666 studiis
379 2627 553 2667 nostris
573 2626 750 2666 favent.
776 2625 1000 2666 Oratione
1022 2626 1167 2677 igitur
1188 2632 1423 2677 perorata,
1449 2625 1638 2677 quidam
1659 2625 1737 2664 vir
1758 2625 1835 2664 lto-

195 2701 399 2738 moratus
419 2698 536 2738 adeo
558 2698 643 2738 fuit
664 2704 927 2738 commotus
949 2704 998 2737 ut
1019 2698 1082 2737 ad
1099 2697 1268 2747 fletum
1295 2708 1408 2748 prae
1436 2696 1610 2747 gaudio
1637 2697 1835 2736 adduce-

195 2772 331 2808 retur
350 2780 405 2809 ac
429 2770 586 2820 palam
612 2768 879 2820 predicaret
905 2768 1136 2809 Mutinam
1162 2768 1287 2808 haud
1320 2768 1512 2819 dignam
1540 2779 1643 2808 esse
1672 2775 1835 2808 nostra

197 2840 533 2880 consuetudine
554 2846 598 2880 et
620 2840 801 2890 studiis,
827 2839 997 2891 quippe
1027 2851 1133 2880 cum
1163 2840 1319 2879 locum
1347 2839 1714 2879 commodiorem
1744 2851 1836 2879 non

197 2911 456 2962 praeberet.
490 2911 742 2952 Praeterea
772 2922 875 2951 sese
907 2916 1055 2950 totum
1085 2921 1258 2961 magna
1293 2910 1466 2950 amoris
1494 2910 1837 2962 significatione

253 3074 263 3093 ¹
303 3073 469 3107 Aegidius
485 3073 680 3105 Foscarari,
698 3072 735 3100 O.
753 3072 788 3099 P.
