<?xml version="1.0" encoding="UTF-8"?>
<!DOCTYPE html PUBLIC "-//W3C//DTD XHTML 1.0 Transitional//EN"
    "http://www.w3.org/TR/xhtml1/DTD/xhtml1-transitional.dtd">
<html xmlns="http://www.w3.org/1999/xhtml" xml:lang="en" lang="en">
 <head>
  <title>
</title>
<meta http-equiv="Content-Type" content="text/html;charset=utf-8" />
  <meta name='ocr-system' content='tesseract 3.04.00' />
  <meta name='ocr-capabilities' content='ocr_page ocr_carea ocr_par ocr_line ocrx_word'/>
</head>
<body>
  <div class='ocr_page' id='page_1' title='image "./litteraequadrime1402lain_0486.png"; bbox 0 0 2168 3437; ppageno 0'>
   <div class='ocr_carea' id='block_1_1' title="bbox 329 255 1449 306">
    <p class='ocr_par' dir='ltr' id='par_1_1' title="bbox 329 255 1449 306">
     <span class='ocr_line' id='line_1_1' title="bbox 329 255 1449 306; baseline -0.004 -11"><span class='ocrx_word' id='word_1_1' title='bbox 329 258 394 296; x_wconf 73' lang='lat'><strong>182</strong></span> <span class='ocrx_word' id='word_1_2' title='bbox 515 301 523 306; x_wconf 14' lang='grc' dir='ltr'>ὓ</span> <span class='ocrx_word' id='word_1_3' title='bbox 834 255 1061 291; x_wconf 81' lang='lat' dir='ltr'><strong>LITTERAE</strong></span> <span class='ocrx_word' id='word_1_4' title='bbox 1088 264 1449 295; x_wconf 79' lang='lat' dir='ltr'><strong>QUADRIMESTRES</strong></span> 
     </span>
    </p>
   </div>
   <div class='ocr_carea' id='block_1_2' title="bbox 1008 635 1278 689">
    <p class='ocr_par' dir='ltr' id='par_1_2' title="bbox 1008 635 1278 689">
     <span class='ocr_line' id='line_1_2' title="bbox 1008 635 1278 689; baseline -0.004 0"><span class='ocrx_word' id='word_1_5' title='bbox 1008 635 1278 689; x_wconf 79' lang='lat' dir='ltr'>OOLXII</span> 
     </span>
    </p>
   </div>
   <div class='ocr_carea' id='block_1_3' title="bbox 390 871 1460 983">
    <p class='ocr_par' dir='ltr' id='par_1_3' title="bbox 390 871 1460 983">
     <span class='ocr_line' id='line_1_3' title="bbox 390 871 599 909; baseline 0 0"><span class='ocrx_word' id='word_1_6' title='bbox 390 871 599 909; x_wconf 87' lang='lat' dir='ltr'><strong>Nicolaus</strong></span> 
     </span>
     <span class='ocr_line' id='line_1_4' title="bbox 440 935 1460 983; baseline -0.001 -10"><span class='ocrx_word' id='word_1_7' title='bbox 440 935 509 973; x_wconf 87' lang='lat' dir='ltr'><strong>Ex</strong></span> <span class='ocrx_word' id='word_1_8' title='bbox 528 936 851 973; x_wconf 81' lang='lat' dir='ltr'><em>commissione</em></span> <span class='ocrx_word' id='word_1_9' title='bbox 871 936 1016 973; x_wconf 87' lang='lat' dir='ltr'><strong>Patris</strong></span> <span class='ocrx_word' id='word_1_10' title='bbox 1036 935 1199 973; x_wconf 80' lang='lat' dir='ltr'>Leonis</span> <span class='ocrx_word' id='word_1_11' title='bbox 1220 936 1460 983; x_wconf 85' lang='lat' dir='ltr'><strong>Enriquez‚</strong></span> 
     </span>
    </p>
   </div>
   <div class='ocr_carea' id='block_1_4' title="bbox 484 1001 1338 1113">
    <p class='ocr_par' dir='ltr' id='par_1_4' title="bbox 484 1001 1338 1113">
     <span class='ocr_line' id='line_1_5' title="bbox 484 1001 1072 1049; baseline -0.005 -9"><span class='ocrx_word' id='word_1_12' title='bbox 484 1002 607 1040; x_wconf 87' lang='lat' dir='ltr'><strong>Patri</strong></span> <span class='ocrx_word' id='word_1_13' title='bbox 624 1001 797 1049; x_wconf 82' lang='lat' dir='ltr'><strong>Ignatio</strong></span> <span class='ocrx_word' id='word_1_14' title='bbox 816 1001 869 1039; x_wconf 89' lang='lat' dir='ltr'><strong>de</strong></span> <span class='ocrx_word' id='word_1_15' title='bbox 888 1001 1072 1049; x_wconf 83' lang='lat' dir='ltr'><strong>Loyola.</strong></span> 
     </span>
     <span class='ocr_line' id='line_1_6' title="bbox 532 1066 1338 1113; baseline -0.005 -8"><span class='ocrx_word' id='word_1_16' title='bbox 532 1067 831 1113; x_wconf 80' lang='lat' dir='ltr'><strong>Conimbrica,</strong></span> <span class='ocrx_word' id='word_1_17' title='bbox 852 1067 898 1104; x_wconf 82' lang='lat'><strong>29</strong></span> <span class='ocrx_word' id='word_1_18' title='bbox 917 1066 1179 1104; x_wconf 77' lang='lat' dir='ltr'>Decembris</span> <span class='ocrx_word' id='word_1_19' title='bbox 1203 1066 1294 1104; x_wconf 79' lang='lat'>1553</span> <span class='ocrx_word' id='word_1_20' title='bbox 1313 1066 1338 1101; x_wconf 84' lang='lat'><strong>¹.</strong></span> 
     </span>
    </p>
   </div>
   <div class='ocr_carea' id='block_1_5' title="bbox 1013 1275 1255 1316">
    <p class='ocr_par' dir='ltr' id='par_1_5' title="bbox 1013 1275 1255 1316">
     <span class='ocr_line' id='line_1_7' title="bbox 1013 1275 1255 1316; baseline -0.004 0"><span class='ocrx_word' id='word_1_21' title='bbox 1013 1276 1136 1316; x_wconf 88' lang='lat' dir='ltr'><strong>Ihus.</strong></span> <span class='ocrx_word' id='word_1_22' title='bbox 1169 1275 1255 1316; x_wconf 64' lang='lat' dir='ltr'><strong>Ma</strong></span> 
     </span>
    </p>
   </div>
   <div class='ocr_carea' id='block_1_6' title="bbox 308 1489 1954 2897">
    <p class='ocr_par' dir='ltr' id='par_1_6' title="bbox 393 1489 1360 1543">
     <span class='ocr_line' id='line_1_8' title="bbox 393 1489 1360 1543; baseline -0.004 -11"><span class='ocrx_word' id='word_1_23' title='bbox 393 1492 492 1532; x_wconf 81' lang='lat' dir='ltr'><strong>Pax</strong></span> <span class='ocrx_word' id='word_1_24' title='bbox 515 1490 588 1532; x_wconf 82' lang='lat' dir='ltr'><strong>X.i</strong></span> <span class='ocrx_word' id='word_1_25' title='bbox 617 1492 676 1531; x_wconf 86' lang='lat' dir='ltr'><strong>s-it</strong></span> <span class='ocrx_word' id='word_1_26' title='bbox 699 1503 883 1543; x_wconf 90' lang='lat' dir='ltr'><strong>semper</strong></span> <span class='ocrx_word' id='word_1_27' title='bbox 907 1491 1167 1531; x_wconf 89' lang='lat' dir='ltr'><strong>nobiscum.</strong></span> <span class='ocrx_word' id='word_1_28' title='bbox 1192 1489 1360 1530; x_wconf 85' lang='lat' dir='ltr'><strong>Amen.</strong></span> 
     </span>
    </p>

    <p class='ocr_par' dir='ltr' id='par_1_7' title="bbox 308 1560 1954 2825">
     <span class='ocr_line' id='line_1_9' title="bbox 391 1560 1951 1614; baseline -0.002 -11"><span class='ocrx_word' id='word_1_29' title='bbox 391 1562 677 1614; x_wconf 84' lang='lat' dir='ltr'><strong>Scripturus‚</strong></span> <span class='ocrx_word' id='word_1_30' title='bbox 701 1568 835 1614; x_wconf 91' lang='lat' dir='ltr'><strong>pater</strong></span> <span class='ocrx_word' id='word_1_31' title='bbox 856 1563 904 1602; x_wconf 92' lang='lat' dir='ltr'><strong>in</strong></span> <span class='ocrx_word' id='word_1_32' title='bbox 925 1562 1007 1602; x_wconf 85' lang='lat' dir='ltr'><strong>X.0</strong></span> <span class='ocrx_word' id='word_1_33' title='bbox 1026 1561 1335 1613; x_wconf 85' lang='lat' dir='ltr'><strong>observande,</strong></span> <span class='ocrx_word' id='word_1_34' title='bbox 1360 1573 1480 1613; x_wconf 87' lang='lat' dir='ltr'><strong>quae</strong></span> <span class='ocrx_word' id='word_1_35' title='bbox 1500 1560 1716 1612; x_wconf 82' lang='lat' dir='ltr'><strong>proximo</strong></span> <span class='ocrx_word' id='word_1_36' title='bbox 1739 1561 1827 1600; x_wconf 93' lang='lat' dir='ltr'><strong>hoc</strong></span> <span class='ocrx_word' id='word_1_37' title='bbox 1844 1572 1951 1611; x_wconf 86' lang='lat' dir='ltr'><strong>qua-</strong></span> 
     </span>
     <span class='ocr_line' id='line_1_10' title="bbox 311 1632 1954 1686; baseline -0.001 -12"><span class='ocrx_word' id='word_1_38' title='bbox 311 1634 547 1675; x_wconf 85' lang='lat' dir='ltr'><strong>drimestri</strong></span> <span class='ocrx_word' id='word_1_39' title='bbox 566 1645 649 1686; x_wconf 88' lang='lat' dir='ltr'><strong>per</strong></span> <span class='ocrx_word' id='word_1_40' title='bbox 668 1646 754 1674; x_wconf 92' lang='lat' dir='ltr'><strong>nos</strong></span> <span class='ocrx_word' id='word_1_41' title='bbox 775 1634 849 1674; x_wconf 91' lang='lat' dir='ltr'><strong>hic</strong></span> <span class='ocrx_word' id='word_1_42' title='bbox 871 1633 1100 1673; x_wconf 79' lang='lat' dir='ltr'>Dominus</span> <span class='ocrx_word' id='word_1_43' title='bbox 1121 1633 1232 1684; x_wconf 80' lang='lat' dir='ltr'><strong>egit,</strong></span> <span class='ocrx_word' id='word_1_44' title='bbox 1256 1632 1312 1673; x_wconf 91' lang='lat' dir='ltr'><strong>de</strong></span> <span class='ocrx_word' id='word_1_45' title='bbox 1333 1632 1389 1672; x_wconf 89' lang='lat' dir='ltr'><strong>iis</strong></span> <span class='ocrx_word' id='word_1_46' title='bbox 1409 1632 1631 1684; x_wconf 89' lang='lat' dir='ltr'><strong>primum,</strong></span> <span class='ocrx_word' id='word_1_47' title='bbox 1656 1644 1775 1684; x_wconf 88' lang='lat' dir='ltr'><strong>quae</strong></span> <span class='ocrx_word' id='word_1_48' title='bbox 1797 1632 1856 1672; x_wconf 90' lang='lat' dir='ltr'><strong>ad</strong></span> <span class='ocrx_word' id='word_1_49' title='bbox 1877 1632 1954 1672; x_wconf 96' lang='lat' dir='ltr'><strong>do-</strong></span> 
     </span>
     <span class='ocr_line' id='line_1_11' title="bbox 312 1704 1953 1757; baseline -0.002 -11"><span class='ocrx_word' id='word_1_50' title='bbox 312 1706 530 1746; x_wconf 86' lang='lat' dir='ltr'><strong>mesticos</strong></span> <span class='ocrx_word' id='word_1_51' title='bbox 551 1706 807 1757; x_wconf 78' lang='lat' dir='ltr'>pertinent,</span> <span class='ocrx_word' id='word_1_52' title='bbox 831 1705 987 1745; x_wconf 81' lang='lat' dir='ltr'><strong>dicere</strong></span> <span class='ocrx_word' id='word_1_53' title='bbox 1009 1704 1279 1756; x_wconf 81' lang='lat' dir='ltr'><strong>aggrediar3</strong></span> <span class='ocrx_word' id='word_1_54' title='bbox 1299 1704 1376 1755; x_wconf 89' lang='lat' dir='ltr'><strong>qui</strong></span> <span class='ocrx_word' id='word_1_55' title='bbox 1392 1715 1553 1744; x_wconf 90' lang='lat' dir='ltr'><strong>omnes</strong></span> <span class='ocrx_word' id='word_1_56' title='bbox 1570 1704 1617 1743; x_wconf 92' lang='lat' dir='ltr'><strong>in</strong></span> <span class='ocrx_word' id='word_1_57' title='bbox 1634 1715 1816 1743; x_wconf 87' lang='lat' dir='ltr'><strong>summa</strong></span> <span class='ocrx_word' id='word_1_58' title='bbox 1838 1715 1953 1754; x_wconf 88' lang='lat' dir='ltr'><strong>pace</strong></span> 
     </span>
     <span class='ocr_line' id='line_1_12' title="bbox 311 1774 1953 1828; baseline -0.002 -11"><span class='ocrx_word' id='word_1_59' title='bbox 311 1777 545 1828; x_wconf 78' lang='lat' dir='ltr'><strong>animique</strong></span> <span class='ocrx_word' id='word_1_60' title='bbox 567 1776 719 1827; x_wconf 88' lang='lat' dir='ltr'><strong>quiete</strong></span> <span class='ocrx_word' id='word_1_61' title='bbox 739 1776 920 1827; x_wconf 85' lang='lat' dir='ltr'><strong>vivunt,</strong></span> <span class='ocrx_word' id='word_1_62' title='bbox 945 1781 1044 1816; x_wconf 85' lang='lat' dir='ltr'><strong>tum</strong></span> <span class='ocrx_word' id='word_1_63' title='bbox 1065 1775 1370 1826; x_wconf 89' lang='lat' dir='ltr'><strong>orationibus,</strong></span> <span class='ocrx_word' id='word_1_64' title='bbox 1394 1781 1494 1815; x_wconf 92' lang='lat' dir='ltr'><strong>tum</strong></span> <span class='ocrx_word' id='word_1_65' title='bbox 1510 1774 1613 1815; x_wconf 89' lang='lat' dir='ltr'><strong>aliis</strong></span> <span class='ocrx_word' id='word_1_66' title='bbox 1634 1774 1953 1826; x_wconf 78' lang='lat' dir='ltr'><strong>spiritualibus</strong></span> 
     </span>
     <span class='ocr_line' id='line_1_13' title="bbox 310 1846 1952 1899; baseline -0.002 -11"><span class='ocrx_word' id='word_1_67' title='bbox 310 1848 546 1889; x_wconf 81' lang='lat' dir='ltr'><strong>exercitiis</strong></span> <span class='ocrx_word' id='word_1_68' title='bbox 568 1848 747 1898; x_wconf 89' lang='lat' dir='ltr'><strong>intenti,</strong></span> <span class='ocrx_word' id='word_1_69' title='bbox 772 1847 1020 1899; x_wconf 85' lang='lat' dir='ltr'><strong>multisque</strong></span> <span class='ocrx_word' id='word_1_70' title='bbox 1042 1847 1089 1887; x_wconf 92' lang='lat' dir='ltr'><strong>in</strong></span> <span class='ocrx_word' id='word_1_71' title='bbox 1112 1847 1210 1887; x_wconf 90' lang='lat' dir='ltr'><strong>dies</strong></span> <span class='ocrx_word' id='word_1_72' title='bbox 1230 1846 1482 1887; x_wconf 85' lang='lat' dir='ltr'><strong>Virtutibus</strong></span> <span class='ocrx_word' id='word_1_73' title='bbox 1510 1851 1757 1898; x_wconf 77' lang='lat' dir='ltr'><strong>augentur,</strong></span> <span class='ocrx_word' id='word_1_74' title='bbox 1781 1846 1952 1886; x_wconf 90' lang='lat' dir='ltr'><strong>mirum</strong></span> 
     </span>
     <span class='ocr_line' id='line_1_14' title="bbox 310 1917 1952 1970; baseline -0.001 -11"><span class='ocrx_word' id='word_1_75' title='bbox 310 1921 357 1960; x_wconf 90' lang='lat' dir='ltr'><strong>in</strong></span> <span class='ocrx_word' id='word_1_76' title='bbox 376 1918 566 1960; x_wconf 89' lang='lat' dir='ltr'><strong>modum</strong></span> <span class='ocrx_word' id='word_1_77' title='bbox 596 1919 655 1959; x_wconf 81' lang='lat' dir='ltr'><strong>ad</strong></span> <span class='ocrx_word' id='word_1_78' title='bbox 686 1919 732 1959; x_wconf 91' lang='lat' dir='ltr'><strong>id</strong></span> <span class='ocrx_word' id='word_1_79' title='bbox 762 1917 1094 1970; x_wconf 84' lang='lat' dir='ltr'><strong>adjuvantibus</strong></span> <span class='ocrx_word' id='word_1_80' title='bbox 1122 1919 1297 1970; x_wconf 85' lang='lat' dir='ltr'><strong>regulis</strong></span> <span class='ocrx_word' id='word_1_81' title='bbox 1325 1924 1464 1970; x_wconf 87' lang='lat' dir='ltr'><strong>atque</strong></span> <span class='ocrx_word' id='word_1_82' title='bbox 1495 1917 1903 1958; x_wconf 81' lang='lat' dir='ltr'><strong>constitutionibus</strong></span> <span class='ocrx_word' id='word_1_83' title='bbox 1925 1929 1952 1957; x_wconf 89' lang='lat' dir='ltr'><strong>a</strong></span> 
     </span>
     <span class='ocr_line' id='line_1_15' title="bbox 309 1989 1954 2042; baseline -0.002 -11"><span class='ocrx_word' id='word_1_84' title='bbox 309 1991 357 2031; x_wconf 82' lang='lat' dir='ltr'><strong>P.</strong></span> <span class='ocrx_word' id='word_1_85' title='bbox 390 1991 680 2042; x_wconf 81' lang='lat' dir='ltr'><strong>Hieronymo</strong></span> <span class='ocrx_word' id='word_1_86' title='bbox 715 1990 872 2031; x_wconf 89' lang='lat' dir='ltr'><strong>Natali</strong></span> <span class='ocrx_word' id='word_1_87' title='bbox 900 2002 1082 2030; x_wconf 90' lang='lat' dir='ltr'><strong>summa</strong></span> <span class='ocrx_word' id='word_1_88' title='bbox 1112 2001 1218 2030; x_wconf 90' lang='lat' dir='ltr'><strong>cum</strong></span> <span class='ocrx_word' id='word_1_89' title='bbox 1248 1990 1457 2030; x_wconf 91' lang='lat' dir='ltr'><strong>omnium</strong></span> <span class='ocrx_word' id='word_1_90' title='bbox 1489 1996 1533 2029; x_wconf 86' lang='lat' dir='ltr'><strong>et</strong></span> <span class='ocrx_word' id='word_1_91' title='bbox 1561 1989 1887 2041; x_wconf 79' lang='lat' dir='ltr'><strong>expectatione</strong></span> <span class='ocrx_word' id='word_1_92' title='bbox 1908 1994 1954 2028; x_wconf 91' lang='lat' dir='ltr'><strong>et</strong></span> 
     </span>
     <span class='ocr_line' id='line_1_16' title="bbox 308 2061 1950 2113; baseline -0.002 -11"><span class='ocrx_word' id='word_1_93' title='bbox 308 2062 486 2102; x_wconf 87' lang='lat' dir='ltr'><strong>laetitia</strong></span> <span class='ocrx_word' id='word_1_94' title='bbox 508 2063 659 2102; x_wconf 85' lang='lat' dir='ltr'><strong>editis.</strong></span> <span class='ocrx_word' id='word_1_95' title='bbox 691 2062 855 2102; x_wconf 86' lang='lat' dir='ltr'><strong>Itidem</strong></span> <span class='ocrx_word' id='word_1_96' title='bbox 879 2062 1019 2101; x_wconf 86' lang='lat' dir='ltr'><strong>etiam</strong></span> <span class='ocrx_word' id='word_1_97' title='bbox 1040 2062 1118 2113; x_wconf 87' lang='lat' dir='ltr'><strong>qui</strong></span> <span class='ocrx_word' id='word_1_98' title='bbox 1145 2061 1192 2101; x_wconf 94' lang='lat' dir='ltr'><strong>in</strong></span> <span class='ocrx_word' id='word_1_99' title='bbox 1215 2061 1351 2101; x_wconf 92' lang='lat' dir='ltr'><strong>domo</strong></span> <span class='ocrx_word' id='word_1_100' title='bbox 1372 2061 1663 2113; x_wconf 88' lang='lat' dir='ltr'><strong>probationis</strong></span> <span class='ocrx_word' id='word_1_101' title='bbox 1684 2066 1950 2110; x_wconf 81' lang='lat' dir='ltr'><strong>versantur,</strong></span> 
     </span>
     <span class='ocr_line' id='line_1_17' title="bbox 309 2131 1951 2185; baseline -0.001 -12"><span class='ocrx_word' id='word_1_102' title='bbox 309 2133 557 2185; x_wconf 85' lang='lat' dir='ltr'><strong>proficiunt</strong></span> <span class='ocrx_word' id='word_1_103' title='bbox 579 2145 763 2184; x_wconf 89' lang='lat' dir='ltr'><strong>semper</strong></span> <span class='ocrx_word' id='word_1_104' title='bbox 785 2133 831 2173; x_wconf 90' lang='lat' dir='ltr'><strong>in</strong></span> <span class='ocrx_word' id='word_1_105' title='bbox 852 2132 1072 2183; x_wconf 88' lang='lat' dir='ltr'><strong>Domino;</strong></span> <span class='ocrx_word' id='word_1_106' title='bbox 1097 2144 1293 2184; x_wconf 87' lang='lat' dir='ltr'><strong>cumque</strong></span> <span class='ocrx_word' id='word_1_107' title='bbox 1315 2133 1459 2172; x_wconf 89' lang='lat' dir='ltr'><strong>multa</strong></span> <span class='ocrx_word' id='word_1_108' title='bbox 1481 2133 1528 2172; x_wconf 93' lang='lat' dir='ltr'><strong>in</strong></span> <span class='ocrx_word' id='word_1_109' title='bbox 1546 2132 1634 2172; x_wconf 89' lang='lat' dir='ltr'><strong>illis</strong></span> <span class='ocrx_word' id='word_1_110' title='bbox 1652 2131 1755 2184; x_wconf 90' lang='lat' dir='ltr'><strong>jure</strong></span> <span class='ocrx_word' id='word_1_111' title='bbox 1777 2131 1951 2183; x_wconf 91' lang='lat' dir='ltr'><strong>optimo</strong></span> 
     </span>
     <span class='ocr_line' id='line_1_18' title="bbox 310 2202 1951 2255; baseline -0.001 -11"><span class='ocrx_word' id='word_1_112' title='bbox 310 2204 495 2244; x_wconf 88' lang='lat' dir='ltr'><strong>laudem</strong></span> <span class='ocrx_word' id='word_1_113' title='bbox 522 2211 808 2255; x_wconf 87' lang='lat' dir='ltr'><strong>mereantur,</strong></span> <span class='ocrx_word' id='word_1_114' title='bbox 844 2204 1109 2244; x_wconf 90' lang='lat' dir='ltr'><strong>constantia</strong></span> <span class='ocrx_word' id='word_1_115' title='bbox 1138 2204 1417 2255; x_wconf 86' lang='lat' dir='ltr'><strong>praesertim</strong></span> <span class='ocrx_word' id='word_1_116' title='bbox 1448 2203 1832 2255; x_wconf 87' lang='lat' dir='ltr'><strong>confirmatioque</strong></span> <span class='ocrx_word' id='word_1_117' title='bbox 1859 2202 1951 2242; x_wconf 89' lang='lat' dir='ltr'><strong>ani-</strong></span> 
     </span>
     <span class='ocr_line' id='line_1_19' title="bbox 309 2274 1953 2316; baseline -0.001 -1"><span class='ocrx_word' id='word_1_118' title='bbox 309 2275 371 2315; x_wconf 92' lang='lat' dir='ltr'><strong>mi</strong></span> <span class='ocrx_word' id='word_1_119' title='bbox 388 2276 435 2315; x_wconf 94' lang='lat' dir='ltr'><strong>in</strong></span> <span class='ocrx_word' id='word_1_120' title='bbox 456 2276 545 2316; x_wconf 89' lang='lat' dir='ltr'><strong>hoc</strong></span> <span class='ocrx_word' id='word_1_121' title='bbox 578 2282 740 2315; x_wconf 85' lang='lat' dir='ltr'><strong>nostro</strong></span> <span class='ocrx_word' id='word_1_122' title='bbox 769 2275 894 2315; x_wconf 86' lang='lat' dir='ltr'><strong>vitae</strong></span> <span class='ocrx_word' id='word_1_123' title='bbox 917 2275 1131 2315; x_wconf 87' lang='lat' dir='ltr'><strong>instituto</strong></span> <span class='ocrx_word' id='word_1_124' title='bbox 1162 2274 1398 2315; x_wconf 85' lang='lat' dir='ltr'><strong>laudanda</strong></span> <span class='ocrx_word' id='word_1_125' title='bbox 1426 2281 1508 2315; x_wconf 86' lang='lat' dir='ltr'><strong>est.</strong></span> <span class='ocrx_word' id='word_1_126' title='bbox 1539 2274 1682 2314; x_wconf 86' lang='lat' dir='ltr'><strong>Pares</strong></span> <span class='ocrx_word' id='word_1_127' title='bbox 1709 2274 1756 2314; x_wconf 84' lang='lat' dir='ltr'><strong>in</strong></span> <span class='ocrx_word' id='word_1_128' title='bbox 1785 2274 1953 2314; x_wconf 90' lang='lat' dir='ltr'><strong>litteris</strong></span> 
     </span>
     <span class='ocr_line' id='line_1_20' title="bbox 309 2345 1954 2398; baseline -0.001 -11"><span class='ocrx_word' id='word_1_129' title='bbox 309 2358 590 2398; x_wconf 84' lang='lat' dir='ltr'><strong>progressus</strong></span> <span class='ocrx_word' id='word_1_130' title='bbox 611 2346 789 2387; x_wconf 85' lang='lat' dir='ltr'><strong>faciunt</strong></span> <span class='ocrx_word' id='word_1_131' title='bbox 812 2347 1058 2386; x_wconf 85' lang='lat' dir='ltr'><strong>domestici</strong></span> <span class='ocrx_word' id='word_1_132' title='bbox 1074 2346 1359 2397; x_wconf 87' lang='lat' dir='ltr'><strong>scholastici,</strong></span> <span class='ocrx_word' id='word_1_133' title='bbox 1383 2357 1522 2398; x_wconf 86' lang='lat' dir='ltr'><strong>quam</strong></span> <span class='ocrx_word' id='word_1_134' title='bbox 1540 2345 1598 2385; x_wconf 88' lang='lat' dir='ltr'><strong>ad</strong></span> <span class='ocrx_word' id='word_1_135' title='bbox 1614 2357 1713 2386; x_wconf 89' lang='lat' dir='ltr'><strong>rem</strong></span> <span class='ocrx_word' id='word_1_136' title='bbox 1730 2356 1954 2396; x_wconf 85' lang='lat' dir='ltr'><strong>magnum</strong></span> 
     </span>
     <span class='ocr_line' id='line_1_21' title="bbox 310 2417 1953 2470; baseline -0.002 -11"><span class='ocrx_word' id='word_1_137' title='bbox 310 2418 358 2459; x_wconf 77' lang='lat' dir='ltr'><strong>P.</strong></span> <span class='ocrx_word' id='word_1_138' title='bbox 388 2418 706 2470; x_wconf 86' lang='lat' dir='ltr'><strong>Hieronymus</strong></span> <span class='ocrx_word' id='word_1_139' title='bbox 742 2418 924 2458; x_wconf 86' lang='lat' dir='ltr'><strong>Natalis</strong></span> <span class='ocrx_word' id='word_1_140' title='bbox 959 2417 1277 2469; x_wconf 87' lang='lat' dir='ltr'><strong>adjumentum</strong></span> <span class='ocrx_word' id='word_1_141' title='bbox 1312 2417 1591 2468; x_wconf 82' lang='lat' dir='ltr'><strong>(studiorum</strong></span> <span class='ocrx_word' id='word_1_142' title='bbox 1620 2417 1816 2468; x_wconf 86' lang='lat' dir='ltr'><strong>ratione,</strong></span> <span class='ocrx_word' id='word_1_143' title='bbox 1855 2428 1882 2456; x_wconf 89' lang='lat' dir='ltr'><strong>a</strong></span> <span class='ocrx_word' id='word_1_144' title='bbox 1908 2422 1953 2456; x_wconf 92' lang='lat' dir='ltr'><strong>te</strong></span> 
     </span>
     <span class='ocr_line' id='line_1_22' title="bbox 309 2487 1953 2540; baseline -0.001 -11"><span class='ocrx_word' id='word_1_145' title='bbox 309 2489 579 2539; x_wconf 84' lang='lat' dir='ltr'><strong>constituta,</strong></span> <span class='ocrx_word' id='word_1_146' title='bbox 604 2489 740 2529; x_wconf 88' lang='lat' dir='ltr'><strong>nobis</strong></span> <span class='ocrx_word' id='word_1_147' title='bbox 761 2488 1006 2538; x_wconf 87' lang='lat' dir='ltr'><strong>tradenda)</strong></span> <span class='ocrx_word' id='word_1_148' title='bbox 1030 2489 1198 2528; x_wconf 88' lang='lat' dir='ltr'><strong>attulit.</strong></span> <span class='ocrx_word' id='word_1_149' title='bbox 1220 2488 1293 2529; x_wconf 84' lang='lat' dir='ltr'><strong>Ac</strong></span> <span class='ocrx_word' id='word_1_150' title='bbox 1314 2489 1516 2540; x_wconf 88' lang='lat' dir='ltr'><strong>primum</strong></span> <span class='ocrx_word' id='word_1_151' title='bbox 1536 2489 1614 2538; x_wconf 88' lang='lat' dir='ltr'><strong>illi,</strong></span> <span class='ocrx_word' id='word_1_152' title='bbox 1639 2488 1806 2540; x_wconf 87' lang='lat' dir='ltr'><strong>quibus</strong></span> <span class='ocrx_word' id='word_1_153' title='bbox 1827 2487 1953 2528; x_wconf 92' lang='lat' dir='ltr'><strong>domi</strong></span> 
     </span>
     <span class='ocr_line' id='line_1_23' title="bbox 309 2559 1951 2611; baseline 0 -12"><span class='ocrx_word' id='word_1_154' title='bbox 309 2560 579 2600; x_wconf 84' lang='lat' dir='ltr'><strong>dialectices</strong></span> <span class='ocrx_word' id='word_1_155' title='bbox 600 2560 978 2611; x_wconf 82' lang='lat' dir='ltr'><strong>praelegebatur‚</strong></span> <span class='ocrx_word' id='word_1_156' title='bbox 1008 2560 1055 2599; x_wconf 91' lang='lat' dir='ltr'><strong>in</strong></span> <span class='ocrx_word' id='word_1_157' title='bbox 1077 2561 1315 2600; x_wconf 90' lang='lat' dir='ltr'><strong>communi</strong></span> <span class='ocrx_word' id='word_1_158' title='bbox 1342 2560 1548 2600; x_wconf 87' lang='lat' dir='ltr'><strong>civitatis</strong></span> <span class='ocrx_word' id='word_1_159' title='bbox 1574 2559 1825 2611; x_wconf 80' lang='lat' dir='ltr'><strong>gymnasio</strong></span> <span class='ocrx_word' id='word_1_160' title='bbox 1848 2570 1951 2599; x_wconf 86' lang='lat' dir='ltr'><strong>eam</strong></span> 
     </span>
     <span class='ocr_line' id='line_1_24' title="bbox 310 2630 1952 2682; baseline -0.001 -11"><span class='ocrx_word' id='word_1_161' title='bbox 310 2631 471 2671; x_wconf 82' lang='lat' dir='ltr'><strong>audire</strong></span> <span class='ocrx_word' id='word_1_162' title='bbox 504 2630 637 2682; x_wconf 87' lang='lat' dir='ltr'><strong>jussi,</strong></span> <span class='ocrx_word' id='word_1_163' title='bbox 677 2637 837 2671; x_wconf 88' lang='lat' dir='ltr'><strong>tantos</strong></span> <span class='ocrx_word' id='word_1_164' title='bbox 873 2631 921 2670; x_wconf 87' lang='lat' dir='ltr'><strong>in</strong></span> <span class='ocrx_word' id='word_1_165' title='bbox 951 2631 1052 2682; x_wconf 86' lang='lat' dir='ltr'><strong>ipsa</strong></span> <span class='ocrx_word' id='word_1_166' title='bbox 1082 2643 1363 2682; x_wconf 86' lang='lat' dir='ltr'><strong>progressus</strong></span> <span class='ocrx_word' id='word_1_167' title='bbox 1389 2631 1568 2671; x_wconf 86' lang='lat' dir='ltr'><strong>faciunt</strong></span> <span class='ocrx_word' id='word_1_168' title='bbox 1596 2637 1645 2671; x_wconf 92' lang='lat' dir='ltr'><strong>ut</strong></span> <span class='ocrx_word' id='word_1_169' title='bbox 1671 2637 1716 2671; x_wconf 87' lang='lat' dir='ltr'><strong>et</strong></span> <span class='ocrx_word' id='word_1_170' title='bbox 1746 2630 1952 2670; x_wconf 82' lang='lat' dir='ltr'><strong>externis</strong></span> 
     </span>
     <span class='ocr_line' id='line_1_25' title="bbox 310 2702 1952 2754; baseline -0.001 -12"><span class='ocrx_word' id='word_1_171' title='bbox 310 2702 642 2753; x_wconf 87' lang='lat' dir='ltr'><strong>condiscipulis</strong></span> <span class='ocrx_word' id='word_1_172' title='bbox 665 2702 968 2742; x_wconf 81' lang='lat' dir='ltr'><strong>admirationi</strong></span> <span class='ocrx_word' id='word_1_173' title='bbox 998 2702 1091 2742; x_wconf 87' lang='lat' dir='ltr'><strong>sint</strong></span> <span class='ocrx_word' id='word_1_174' title='bbox 1120 2708 1164 2742; x_wconf 86' lang='lat' dir='ltr'><strong>et</strong></span> <span class='ocrx_word' id='word_1_175' title='bbox 1190 2708 1550 2754; x_wconf 88' lang='lat' dir='ltr'><strong>praeceptorum</strong></span> <span class='ocrx_word' id='word_1_176' title='bbox 1571 2703 1710 2752; x_wconf 82' lang='lat' dir='ltr'><strong>longe</strong></span> <span class='ocrx_word' id='word_1_177' title='bbox 1730 2707 1952 2753; x_wconf 87' lang='lat' dir='ltr'><strong>superent</strong></span> 
     </span>
     <span class='ocr_line' id='line_1_26' title="bbox 309 2773 699 2825; baseline 0 -12"><span class='ocrx_word' id='word_1_178' title='bbox 309 2773 699 2825; x_wconf 80' lang='lat' dir='ltr'><strong>expectationem.</strong></span> 
     </span>
    </p>

    <p class='ocr_par' dir='ltr' id='par_1_8' title="bbox 391 2844 1949 2897">
     <span class='ocr_line' id='line_1_27' title="bbox 391 2844 1949 2897; baseline 0 -13"><span class='ocrx_word' id='word_1_179' title='bbox 391 2844 712 2896; x_wconf 88' lang='lat' dir='ltr'><strong>Condiscipuli</strong></span> <span class='ocrx_word' id='word_1_180' title='bbox 734 2844 922 2896; x_wconf 90' lang='lat' dir='ltr'><strong>quidem</strong></span> <span class='ocrx_word' id='word_1_181' title='bbox 944 2844 1176 2885; x_wconf 88' lang='lat' dir='ltr'><strong>affirmare</strong></span> <span class='ocrx_word' id='word_1_182' title='bbox 1197 2846 1385 2897; x_wconf 87' lang='lat' dir='ltr'><strong>saepius</strong></span> <span class='ocrx_word' id='word_1_183' title='bbox 1405 2857 1498 2885; x_wconf 89' lang='lat' dir='ltr'><strong>non</strong></span> <span class='ocrx_word' id='word_1_184' title='bbox 1526 2845 1739 2885; x_wconf 86' lang='lat' dir='ltr'><strong>dubitant</strong></span> <span class='ocrx_word' id='word_1_185' title='bbox 1765 2844 1949 2897; x_wconf 84' lang='lat' dir='ltr'><strong>peritio-</strong></span> 
     </span>
    </p>
   </div>
   <div class='ocr_carea' id='block_1_7' title="bbox 310 2979 1950 3111">
    <p class='ocr_par' dir='ltr' id='par_1_9' title="bbox 310 2979 1950 3111">
     <span class='ocr_line' id='line_1_28' title="bbox 367 2979 1950 3016; baseline 0.003 -11"><span class='ocrx_word' id='word_1_186' title='bbox 367 2979 375 2999; x_wconf 91' lang='lat'>¹</span> <span class='ocrx_word' id='word_1_187' title='bbox 417 2979 700 3015; x_wconf 82' lang='lat' dir='ltr'><strong>Autographum,</strong></span> <span class='ocrx_word' id='word_1_188' title='bbox 717 2980 842 3015; x_wconf 85' lang='lat' dir='ltr'><strong>duplici</strong></span> <span class='ocrx_word' id='word_1_189' title='bbox 864 2981 896 3008; x_wconf 92' lang='lat' dir='ltr'><strong>in</strong></span> <span class='ocrx_word' id='word_1_190' title='bbox 911 2980 1002 3014; x_wconf 86' lang='lat' dir='ltr'><strong>folio,</strong></span> <span class='ocrx_word' id='word_1_191' title='bbox 1026 2988 1057 3009; x_wconf 88' lang='lat' dir='ltr'><strong>n.</strong></span> <span class='ocrx_word' id='word_1_192' title='bbox 1079 2980 1245 3008; x_wconf 60' lang='lat' dir='ltr'><strong>awa—Est</strong></span> <span class='ocrx_word' id='word_1_193' title='bbox 1260 2984 1293 3008; x_wconf 84' lang='lat' dir='ltr'><strong>et</strong></span> <span class='ocrx_word' id='word_1_194' title='bbox 1308 2981 1544 3016; x_wconf 85' lang='lat' dir='ltr'><strong>apographum</strong></span> <span class='ocrx_word' id='word_1_195' title='bbox 1564 2982 1688 3016; x_wconf 86' lang='lat' dir='ltr'><strong>duplici</strong></span> <span class='ocrx_word' id='word_1_196' title='bbox 1708 2982 1789 3009; x_wconf 83' lang='lat' dir='ltr'><strong>item</strong></span> <span class='ocrx_word' id='word_1_197' title='bbox 1804 2981 1837 3009; x_wconf 91' lang='lat' dir='ltr'><strong>in</strong></span> <span class='ocrx_word' id='word_1_198' title='bbox 1858 2982 1950 3016; x_wconf 85' lang='lat' dir='ltr'><strong>folio,</strong></span> 
     </span>
     <span class='ocr_line' id='line_1_29' title="bbox 310 3026 1950 3064; baseline 0.003 -12"><span class='ocrx_word' id='word_1_199' title='bbox 310 3035 340 3053; x_wconf 86' lang='lat' dir='ltr'><strong>n.</strong></span> <span class='ocrx_word' id='word_1_200' title='bbox 356 3026 418 3059; x_wconf 65' lang='lat'><strong>453,</strong></span> <span class='ocrx_word' id='word_1_201' title='bbox 437 3027 525 3060; x_wconf 87' lang='lat' dir='ltr'><strong>quod</strong></span> <span class='ocrx_word' id='word_1_202' title='bbox 541 3027 583 3053; x_wconf 85' lang='lat' dir='ltr'><strong>ab</strong></span> <span class='ocrx_word' id='word_1_203' title='bbox 599 3028 815 3062; x_wconf 83' lang='lat' dir='ltr'><strong>autographo</strong></span> <span class='ocrx_word' id='word_1_204' title='bbox 832 3028 864 3055; x_wconf 88' lang='lat' dir='ltr'><strong>in</strong></span> <span class='ocrx_word' id='word_1_205' title='bbox 880 3027 1099 3062; x_wconf 80' lang='lat' dir='ltr'><strong>quibusdam,</strong></span> <span class='ocrx_word' id='word_1_206' title='bbox 1123 3029 1203 3056; x_wconf 89' lang='lat' dir='ltr'><strong>licet</strong></span> <span class='ocrx_word' id='word_1_207' title='bbox 1225 3036 1289 3055; x_wconf 89' lang='lat' dir='ltr'><strong>non</strong></span> <span class='ocrx_word' id='word_1_208' title='bbox 1304 3029 1418 3063; x_wconf 85' lang='lat' dir='ltr'><strong>magni</strong></span> <span class='ocrx_word' id='word_1_209' title='bbox 1434 3029 1593 3056; x_wconf 84' lang='lat' dir='ltr'><strong>momenti</strong></span> <span class='ocrx_word' id='word_1_210' title='bbox 1609 3029 1734 3056; x_wconf 83' lang='lat' dir='ltr'><strong>differt.</strong></span> <span class='ocrx_word' id='word_1_211' title='bbox 1750 3029 1817 3063; x_wconf 88' lang='lat' dir='ltr'><strong>Ea,</strong></span> <span class='ocrx_word' id='word_1_212' title='bbox 1834 3030 1866 3057; x_wconf 85' lang='lat' dir='ltr'><strong>in</strong></span> <span class='ocrx_word' id='word_1_213' title='bbox 1881 3030 1950 3064; x_wconf 90' lang='lat' dir='ltr'><strong>qui-</strong></span> 
     </span>
     <span class='ocr_line' id='line_1_30' title="bbox 310 3074 1806 3111; baseline 0.003 -11"><span class='ocrx_word' id='word_1_214' title='bbox 310 3076 372 3101; x_wconf 76' lang='lat' dir='ltr'><strong>bus</strong></span> <span class='ocrx_word' id='word_1_215' title='bbox 389 3074 514 3107; x_wconf 68' lang='lat' dir='ltr'><strong>differt,</strong></span> <span class='ocrx_word' id='word_1_216' title='bbox 531 3075 665 3107; x_wconf 76' lang='lat' dir='ltr'><strong>quando</strong></span> <span class='ocrx_word' id='word_1_217' title='bbox 680 3075 809 3110; x_wconf 83' lang='lat' dir='ltr'><strong>aliquid</strong></span> <span class='ocrx_word' id='word_1_218' title='bbox 824 3075 984 3103; x_wconf 78' lang='lat' dir='ltr'><strong>utilitatis</strong></span> <span class='ocrx_word' id='word_1_219' title='bbox 1000 3076 1184 3110; x_wconf 83' lang='lat' dir='ltr'><strong>habebunt,</strong></span> <span class='ocrx_word' id='word_1_220' title='bbox 1202 3076 1243 3103; x_wconf 90' lang='lat' dir='ltr'><strong>ad</strong></span> <span class='ocrx_word' id='word_1_221' title='bbox 1258 3077 1403 3111; x_wconf 82' lang='lat' dir='ltr'><strong>paginae</strong></span> <span class='ocrx_word' id='word_1_222' title='bbox 1419 3078 1548 3104; x_wconf 82' lang='lat' dir='ltr'><strong>calcem</strong></span> <span class='ocrx_word' id='word_1_223' title='bbox 1564 3078 1806 3105; x_wconf 85' lang='lat' dir='ltr'><strong>describemus.</strong></span> 
     </span>
    </p>
   </div>
  </div>
 </body>
</html>
