2168 3437
871 236 955 274 AN.
986 237 1081 274 1553
1723 240 1790 276 129

153 332 334 372 rivulus
373 330 628 372 dulcissimi
668 332 840 384 eloquii
872 333 1020 384 patris
1058 332 1312 385 Leonardi,
1353 334 1541 374 divinae
1580 337 1790 375 consola-

155 403 296 443 tionis
333 403 477 454 pleni,
515 414 596 443 cor
631 415 714 455 per
744 404 1070 444 amaritudinis
1103 405 1474 456 magnitudinem
1505 406 1793 447 exsiccatum

157 474 394 525 irrigavit,
419 475 633 525 protinus
659 475 879 515 exsiliunt
900 475 1144 516 scatebrae
1165 488 1315 528 aquae
1337 477 1485 518 dulcis
1506 478 1726 518 salientes
1747 480 1794 518 in

157 545 305 585 vitam
325 550 588 593 aeternam;
611 552 655 586 et
674 552 805 586 tanto
834 558 940 586 cum
966 546 1140 597 gaudio
1172 559 1274 588 sese
1306 549 1353 588 in
1383 549 1571 589 domum
1599 551 1792 601 recepit,

154 616 292 667 quasi
313 615 371 656 ad
391 616 532 668 pedes
553 612 742 657 Domini
762 619 1012 669 provoluta
1033 618 1287 658 salutarem
1314 620 1440 660 illam
1467 632 1635 661 vocem
1667 622 1794 661 audi-

159 687 326 727 visset:
349 686 552 738 Mulier,
574 688 886 728 remittuntur
906 687 1197 740 tz'bz'peccata
1216 693 1324 740 tua,
1345 692 1465 730 vade
1486 691 1534 731 in
1548 697 1667 743 pace
1692 691 1716 732 ¹.
1737 692 1795 732 Et

156 770 216 798 ex
235 758 313 798 illa
341 758 472 809 hora,
502 760 716 810 exemplo
743 759 921 800 Mariae
949 759 1259 811 Magdalenae
1287 768 1331 801 et
1352 761 1531 802 Mariae
1552 762 1795 815 Aegiptia-

154 840 257 879 cae,
282 841 456 869 novam
486 829 629 870 vitam
656 831 821 870 duram
851 836 894 870 et
925 836 1162 871 austeram
1182 842 1356 882 magna
1386 833 1529 873 animi
1552 834 1795 874 alacritate

160 910 403 951 aggressa,
428 901 474 940 in
495 913 586 953 qua
608 901 761 941 adhuc
782 901 963 941 fortiter
983 908 1277 953 perseverat,
1303 909 1347 942 et
1368 904 1414 943 in
1436 904 1535 944 dies
1556 905 1708 956 magis
1741 918 1797 946 ac

156 971 313 1022 magis
334 979 600 1023 promovet,
625 971 754 1012 Patri
779 972 975 1012 subinde
996 972 1258 1023 confitetur,
1283 974 1357 1014 cui
1378 975 1558 1025 gratias
1588 988 1681 1016 non
1703 988 1797 1016 ces-

160 1049 234 1082 sat
260 1053 402 1093 agere
430 1043 631 1094 ingenue
665 1043 892 1083 confitens
926 1044 1209 1095 colloquium
1242 1044 1397 1085 Patris
1428 1046 1619 1086 ianuam
1653 1046 1796 1087 fuisse

162 1119 381 1153 aeternae
402 1114 580 1154 salutis.
605 1114 803 1154 Miratur
820 1120 918 1154 tota
940 1114 1150 1166 Colonia;
1174 1122 1363 1167 stupent
1383 1117 1613 1157 malorum
1635 1129 1796 1158 conso-

159 1184 243 1235 cii,
268 1196 386 1236 quos
407 1185 645 1236 quondam
664 1185 1024 1236 pulchritudinis
1055 1197 1168 1226 suae
1190 1186 1330 1226 hamo
1358 1187 1417 1228 ad
1446 1187 1620 1228 inferos
1646 1190 1796 1230 trahe-

160 1255 256 1306 bat,
281 1255 374 1296 iam
397 1256 721 1296 conversionis
743 1268 855 1297 suae
877 1257 1088 1298 novitate
1109 1258 1169 1298 ad
1189 1258 1428 1299 Christum
1449 1267 1657 1300 revocat.

243 1326 395 1367 Huius
415 1327 604 1378 generis
625 1334 694 1367 est
717 1328 829 1368 illud
849 1328 972 1380 quod
994 1329 1088 1369 iam
1108 1329 1331 1370 referam:
1351 1331 1432 1370 lux
1448 1331 1526 1371 illa
1548 1343 1721 1383 magna
1744 1333 1799 1373 de

162 1409 256 1450 qua
272 1398 517 1449 psalmista
534 1399 660 1438 canit
680 1399 789 1439 Non
809 1403 881 1440 est
901 1399 985 1451 qni
1001 1411 1050 1439 se
1070 1401 1329 1441 abscondat
1349 1413 1377 1441 a
1394 1401 1550 1442 calore
1566 1403 1683 1454 eius,
1705 1405 1800 1444 suis·

165 1469 516 1509 misericordiae
537 1469 681 1510 radiis
701 1470 955 1511 illustravit
975 1483 1057 1511 cor
1076 1471 1337 1512 involutum
1547 1474 1627 1514 riis
1648 1477 1661 1493 ²
1679 1482 1800 1515 tene-

164 1540 260 1580 bris
281 1541 524 1580 cuiusdam
545 1541 879 1591 adolescentis,
903 1543 982 1594 qui
1002 1542 1164 1583 florem
1186 1544 1532 1585 adolescentiae
1561 1558 1673 1586 suae
1695 1558 1800 1587 con-

165 1611 362 1651 triverat
378 1623 460 1662 per
481 1612 681 1664 abrupta
702 1613 906 1653 libidinis
927 1620 971 1653 et
987 1614 1211 1655 vitiorum
1227 1615 1426 1667 ruendo,
1446 1628 1528 1668 per
1545 1630 1665 1669 quae
1686 1620 1799 1659 solet

165 1681 276 1723 ferri
296 1683 476 1723 lubrica
497 1683 574 1723 illa
597 1690 727 1724 aetas
748 1684 837 1724 nisi
853 1684 996 1725 frenis
1017 1685 1198 1726 timoris
1215 1685 1303 1726 Dei
1325 1694 1369 1727 et
1387 1688 1591 1739 capistro
1613 1689 1800 1730 virtutis

161 1754 452 1794 cohibeatur.
478 1754 560 1794 Est
587 1754 662 1795 hic
695 1761 938 1796 stemmate
966 1757 1121 1796 clarus
1149 1764 1195 1797 at
1218 1770 1332 1798 vera
1359 1759 1406 1798 in
1427 1759 1668 1800 nobilitate
1689 1761 1801 1800 nihil

165 1836 225 1865 veo
256 1825 504 1876 ignobilius
527 1825 553 1866 ⁵.
575 1825 740 1866 Incidit
770 1827 844 1867 hic
869 1828 1057 1868 tandem
1078 1829 1125 1868 in
1146 1830 1302 1869 lumen
1323 1830 1575 1871 verborum
1606 1831 1654 1871 P.
1687 1832 1798 1872 Leo-

164 1896 300 1936 nardi
322 1903 366 1937 et
387 1897 545 1937 statim
567 1897 853 1938 illuminatus
875 1905 958 1939 est.
977 1898 1174 1951 Saepius
1191 1901 1453 1942 confitetur.
1472 1902 1643 1943 Mirum
1660 1914 1798 1955 quan—

163 1973 264 2007 tum
298 1968 575 2008 brevissimo
602 1975 813 2020 tempore
840 1975 1045 2010 mutatus
1072 1971 1274 2012 Hectore
1297 1973 1355 2012 ab
1382 1973 1459 2013 illo
1485 1971 1514 2024 ⁴,
1543 1980 1593 2013 ut
1616 1974 1802 2025 Virgilii

166 2039 459 2080 hemistichio
480 2047 601 2080 utar.

247 2109 409 2151 Plures
431 2111 714 2161 sacerdotes,
740 2113 969 2164 canonici,
994 2113 1340 2163 bacchalaurei,
1363 2117 1564 2167 promoti
1581 2123 1624 2156 et
1644 2124 1802 2167 patres·

166 2181 429 2222 Vestalium
457 2180 470 2200 ⁵
500 2188 693 2222 utuntur
720 2182 859 2223 Patre
889 2184 1191 2225 confessario
1230 2185 1389 2237 Nuper
1415 2187 1655 2239 utriusque
1689 2188 1802 2227 iuris

223 2341 233 2360 ¹
271 2340 387 2375 Neque
402 2341 455 2368 his
469 2343 621 2376 pepercit
641 2347 757 2370 noster
772 2344 912 2376 flander.
929 2345 987 2371 sed
1003 2353 1023 2371 a
1038 2345 1181 2373 vocibus
1202 2345 1271 2373 Ali!
1286 2347 1371 2380 quid
1393 2347 1470 2375 dixi
1490 2349 1618 2376 delevit
1639 2352 1748 2376 totum
1769 2354 1801 2377 et

166 2388 308 2415 brevius
323 2388 386 2416 hoc
401 2389 436 2416 in
452 2396 512 2416 ora
527 2390 672 2424 paginae
687 2391 810 2425 posuit:
827 2391 980 2419 Famosa
999 2393 1175 2426 quaedam
1194 2402 1292 2427 mer„
1308 2401 1414 2428 qzcam
1433 2403 1563 2429 magna
1576 2399 1801 2430 peccatorum

170 2435 280 2462 moles
300 2436 504 2463 innumeris
526 2437 808 2465 adversitatibus
829 2439 974 2466 tandem
997 2441 1136 2473 cognita
1159 2441 1194 2468 in
1217 2442 1480 2476 desperationis
1501 2444 1712 2471 barathrum
1728 2445 1800 2471 iam

165 2483 406 2517 deprimebat,
421 2484 482 2511 ubi
496 2485 625 2512 intima
640 2486 757 2512 cordis
771 2494 906 2514 arcana
919 2495 1044 2515 ancare
1055 2488 1287 2524 laclzrymans
1302 2490 1432 2524 P(atri)
1447 2490 1659 2524 L(e0nardos
1672 2493 1801 2526 pandit

170 2532 204 2557 et
217 2531 452 2559 consolatoria
469 2532 546 2566 ejus
560 2533 668 2560 verba
684 2534 837 2568 audivit,
854 2536 1023 2569 protinus
1044 2538 1142 2563 tanto
1163 2537 1294 2571 gaudio
1310 2538 1465 2573 perfusa
1489 2540 1524 2565 in
1541 2539 1686 2567 domum
1701 2547 1738 2568 se
1754 2548 1803 2568 re-

169 2578 274 2612 cepit,
295 2580 333 2605 ut
353 2579 400 2606 ad
417 2580 528 2614 pedes
551 2580 689 2607 domini
705 2582 896 2615 provoluta
916 2583 1115 2610 salutarem
1139 2584 1239 2611 illam
1261 2592 1379 2613 vocem
1402 2586 1586 2613 audivisse
1607 2587 1803 2616 videretur:

171 2626 313 2659 mulier,
330 2629 565 2654 remittuntur
579 2628 645 2655 tzbz'
656 2631 804 2662 peccata
820 2631 894 2663 tua,
909 2631 1000 2658 vade
1016 2632 1052 2658 in
1065 2635 1165 2666 pace.

225 2673 238 2693 2
276 2674 481 2702 Atramento
496 2683 598 2710 super
612 2676 685 2702 fuso
700 2677 855 2704 velatum
870 2678 954 2705 adeo
970 2683 1021 2706 est
1038 2679 1100 2707 hoc
1116 2681 1322 2709 vocabulum
1343 2686 1378 2709 ut
1397 2683 1464 2716 legi
1488 2690 1552 2709 non
1567 2674 1684 2717 possit.
1703 2683 1805 2711 Vide-

172 2724 228 2747 tur
242 2725 356 2748 tamen
371 2723 537 2757 scriptum
553 2724 770 2756 cymmeriiS.

224 2768 239 2789 5
275 2768 392 2796 Etiam
411 2770 508 2803 haec,
529 2778 550 2797 a
573 2770 711 2798 vocibus
732 2771 794 2797 lux
817 2772 880 2800 illa
903 2781 1034 2808 magna
1055 2775 1168 2802 deleta
1192 2781 1270 2803 sunt
1293 2781 1327 2803 et
1350 2785 1465 2804 eorum
1487 2778 1558 2805 loco
1579 2780 1804 2814 sequentiam

170 2816 325 2850 margine
340 2817 382 2844 ab
397 2817 512 2844 eodem
528 2817 657 2845 flandi-o
673 2819 842 2852 apposita:
857 2819 1012 2853 ¹Quidam
1029 2822 1235 2850 adolescens
1248 2825 1439 2851 stemmate
1454 2825 1585 2858 claruS,
1599 2827 1660 2861 qui
1671 2827 1802 2862 florem

171 2863 433 2891 adolescentiae
450 2868 517 2899 per
531 2865 684 2900 abrupta
700 2867 891 2893 libidinum
914 2870 947 2895 et
961 2876 1063 2896 omne
1083 2877 1197 2904 genus
1217 2871 1387 2898 vitiorum
1404 2873 1560 2906 turpiter
1574 2876 1799 2903 contriverat.

224 2909 240 2930 ⁴
338 2914 510 2945 quantum
527 2915 689 2940 mutatus
704 2914 746 2941 ab
763 2914 823 2942 illo

243 2957 439 2986 Hectorem.
453 2960 607 2994 Aeneid.,
625 2967 660 2994 11,
684 2961 735 2988 274
753 2966 786 2989 et
798 2963 860 2990 275.

225 3005 239 3025 5
274 3007 430 3039 promoti
444 3008 477 3034 et
488 3009 614 3042 patres
629 3005 822 3036 vestalium
833 3032 842 3044 ,
855 3013 1003 3045 promoti
1019 3013 1062 3040 ad
1077 3014 1204 3048 gradus
1224 3014 1257 3042 in
1278 3014 1515 3044 Universitate
1539 3017 1741 3055 Coloniensi,
1757 3029 1803 3048 sc.

173 3053 341 3088 magistri,
359 3054 526 3089 doctoreS,
542 3058 619 3088 etc„
633 3060 667 3083 et
682 3058 899 3086 monasteriis
913 3060 1110 3088 monialium
1125 3062 1304 3096 praefecti.

366 3112 416 3151 T.
445 3125 488 3150 xi.
1595 3136 1616 3170 9
