2168 3437
842 260 924 296 AN.
956 259 1047 296 1554
1684 258 1754 293 657

124 358 287 398 obrem
307 369 414 398 eum
432 358 543 398 facti
571 359 792 398 continuo
825 357 1028 409 poenitet
1059 363 1103 397 et
1129 357 1299 396 rubore
1335 355 1625 396 suffunditur.
1663 355 1751 395 De-

127 440 252 468 mum
281 429 346 469 ita
370 440 519 480 prava
539 435 583 469 et
613 429 803 480 antiqua
831 428 1039 479 ipsorum
1065 426 1352 467 consuetudo
1381 433 1449 466 est
1480 432 1680 476 mutata,
1704 432 1753 466 ut

125 499 204 550 qui
225 505 364 539 antea
385 511 470 539 nec
491 499 578 539 sibi
599 511 683 539 nec
706 499 808 539 aliis
828 499 1039 538 homines
1060 498 1343 547 viderentur,
1367 498 1456 537 nisi
1478 509 1558 548 per
1586 496 1751 546 Deum,

127 569 346 621 Sanctos,
388 576 498 620 etc.‚
540 571 763 610 audacter
803 569 1029 618 iurarent,
1071 580 1195 608 nunc
1234 568 1297 607 illi
1335 568 1452 607 viles
1492 579 1547 607 ac
1587 567 1754 617 perditi

128 641 339 680 homines
362 640 636 691 iudicentur,
661 653 687 680 a
708 641 875 691 quibus
894 639 1218 679 iusiurandum
1248 651 1307 678 ex
1336 639 1408 678 his
1437 638 1643 689 aliquod,
1676 644 1755 678 aut

124 712 267 751 etiam
296 723 380 762 per
408 711 614 750 animum
641 711 882 762 proprium
913 709 1012 750 sive
1048 710 1187 749 aliam
1222 709 1438 761 quamvis
1472 715 1753 759 creaturam,

127 781 328 821 auditur.
353 780 530 832 Scripsi
549 781 690 821 etiam
713 781 771 821 ad
802 793 908 831 vos,
943 780 1114 820 fratres
1147 780 1428 830 charissimi,
1460 780 1515 819 de
1542 780 1658 820 viris
1688 778 1754 829 40,

126 852 205 902 qui
226 851 425 902 singulis
446 850 681 891 mensibus
702 851 969 891 fatebantur
988 856 1208 902 peccata;
1234 862 1357 890 nunc
1385 850 1508 900 (laus
1532 850 1655 901 Deo)
1684 849 1758 889 100

126 928 208 962 aut
229 933 284 962 eo
305 923 409 973 plus
430 921 669 962 habemus.
693 921 765 961 Ex
786 922 953 974 quibus
974 921 1185 961 nonnulli
1212 927 1319 961 sunt
1350 921 1527 961 nobiles
1555 928 1599 961 et
1629 921 1758 961 urbis

130 993 373 1044 primates,
397 993 476 1032 alii
496 993 744 1032 mediocris
766 993 1070 1042 conditionis,
1095 992 1174 1032 alii
1194 992 1435 1032 munifices
1456 992 1642 1043 optimis
1664 1003 1758 1032 mo-

128 1064 255 1104 ribus
281 1063 436 1104 ornati
462 1070 505 1103 et
533 1063 621 1103 Dei
649 1064 747 1104 zelo
769 1064 969 1113 incensi,
995 1063 1093 1114 qui,
1118 1063 1279 1103 mundi
1298 1062 1464 1102 solatia
1487 1068 1531 1102 et
1560 1062 1757 1102 delecta—

127 1136 276 1175 tiones
298 1135 618 1185 abhorrenteS‚
644 1134 941 1174 solitudinem
962 1139 1006 1174 et
1027 1135 1131 1174 loca
1154 1133 1339 1173 deserta
1360 1140 1611 1184 quaerunt,
1636 1134 1758 1173 libel-

128 1206 195 1245 los
224 1204 509 1255 adferentes,
543 1206 708 1256 quibus
743 1204 816 1245 dei
850 1216 1008 1245 amore
1039 1204 1407 1254 inflammentur;
1441 1211 1579 1255 atque
1614 1205 1676 1244 ita
1714 1205 1759 1243 in

126 1276 312 1316 sacellis
333 1276 553 1316 solitariis
575 1276 695 1316 diem
716 1276 993 1326 traducunt,
1028 1274 1181 1315 Deum
1207 1275 1452 1314 laudantes
1478 1281 1522 1314 et
1543 1274 1599 1315 de
1625 1276 1758 1315 bene-

129 1346 242 1386 ficiis
275 1358 403 1398 gras.
442 1352 659 1397 agentes,
698 1347 832 1386 cuius
866 1345 1091 1386 beneficio
1130 1345 1289 1385 mundi
1324 1345 1581 1386 vanitatem
1616 1356 1760 1396 agno-

128 1424 263 1458 scunt
298 1423 343 1458 et
374 1423 424 1458 ut
451 1418 661 1458 inutilem
688 1423 731 1457 et
758 1417 958 1457 miseriis
992 1417 1181 1468 plenam
1215 1422 1512 1456 contemnere
1546 1422 1755 1468 possunt.

128 1489 261 1529 Multi
295 1500 353 1528 ex
387 1489 461 1528 his
495 1495 664 1528 octavo
700 1500 882 1540 quoque
917 1488 990 1528 die
1026 1487 1318 1537 confitentur,
1357 1487 1416 1527 ad
1450 1499 1565 1538 quos
1600 1499 1760 1527 omnes

128 1560 324 1609 singulis
350 1559 439 1599 45³
465 1566 509 1598 et
539 1559 683 1599 sextis
710 1559 836 1599 feriis
865 1569 1128 1598 sermonem
1156 1558 1348 1597 brevem
1378 1557 1434 1597 de
1464 1558 1559 1597 vita
1589 1558 1761 1598 Christi

131 1630 204 1670 Pr.
242 1630 402 1680 habet,
442 1631 515 1670 cui
543 1630 773 1670 audiendo
802 1630 1033 1669 intersunt
1062 1630 1203 1669 etiam
1231 1630 1409 1669 nobiles
1438 1636 1481 1668 et
1508 1630 1635 1669 urbis
1668 1641 1761 1669 ma-

129 1708 319 1752 gnates;
357 1708 402 1741 et
436 1701 656 1752 quoniam
691 1707 871 1741 tantam
905 1701 1247 1740 multitudinem
1286 1701 1452 1741 domus
1491 1712 1584 1740 non
1618 1701 1758 1752 capit,

129 1772 318 1823 quidam
353 1772 481 1812 humi
515 1772 698 1818 sedent,
736 1771 926 1823 quidam
959 1778 1107 1821 stant,
1145 1772 1356 1811 lubenter
1391 1771 1596 1822 quidem,
1634 1772 1758 1812 dum-

130 1843 266 1883 modo
284 1843 329 1882 in
348 1850 559 1894 ‘ternpore
581 1843 823 1883 accedant.
847 1843 918 1883 Ex
941 1843 1210 1882 mulieribus
1238 1843 1379 1882 etiam
1406 1844 1653 1894 plusquam
1688 1842 1761 1881 140

130 1915 375 1964 nabemus,
399 1926 517 1965 quae
539 1914 735 1965 singulis
761 1914 997 1954 mensibus
1018 1913 1314 1963 confitentur,
1341 1914 1550 1964 exceptis
1578 1914 1759 1965 quibus-

127 1984 237 2024 dam
264 1985 389 2034 aliis,
420 1996 539 2036 quae
566 1992 738 2025 octavo
768 1997 950 2036 quoque
983 1985 1055 2024 die
1087 1992 1131 2024 et
1164 1985 1411 2035 aliquoties
1439 1985 1561 2024 intra
1590 1984 1755 2025 hebdo-

128 2055 315 2095 madam
344 2055 466 2095 idem
496 2055 687 2104 faciunt,
719 2068 837 2107 quae
869 2056 1052 2095 illarum
1092 2067 1336 2095 numerum
1375 2056 1641 2106 aequabunt
1681 2062 1760 2095 aut

131 2127 270 2166 etiam
291 2126 531 2166 excedent.
557 2126 662 2167 Oes.
687 2126 734 2166 hi
760 2125 1124 2167 Sacrosanctam
1152 2126 1496 2166 Eucharistiam
1526 2127 1661 2166 simul
1689 2138 1760 2166 ca-

127 2197 261 2248 piunt
283 2198 329 2237 in
350 2208 530 2238 summo
551 2199 737 2249 templo,
763 2209 935 2248 magno
957 2197 1125 2237 ardore
1147 2197 1415 2247 charitatis;
1439 2205 1580 2249 utque
1602 2209 1763 2237 omnes

130 2274 423 2318 moneantur,
447 2268 494 2308 in
520 2268 834 2319 hebdomada,
859 2280 949 2320 qua
979 2268 1324 2308 communicare
1346 2268 1532 2317 debent,
1565 2267 1682 2308 feria
1703 2268 1763 2307 La

130 2345 176 2378 et
194 2339 258 2379 232
278 2345 420 2379 noctu
441 2340 576 2390 pulsu
596 2339 860 2380 tintinabuli
881 2340 1068 2391 signum
1098 2339 1248 2379 datur.
1280 2339 1352 2379 Ex
1373 2351 1462 2390 quo
1483 2329 1760 2390 intelligunt,

130 2421 506 2461 unumquemque
541 2420 590 2450 se
622 2422 792 2461 parare
826 2411 994 2450 debere
1029 2411 1088 2450 ad
1123 2409 1466 2450 confessionem
1504 2422 1558 2450 ea
1598 2409 1764 2450 hebdo-

131 2482 271 2521 mada
290 2481 577 2531 faciendam,
609 2494 698 2533 quo
719 2481 769 2521 fit
788 2487 837 2522 ut
858 2488 903 2522 et
923 2481 1262 2522 confessarium
1283 2487 1511 2533 quaerant
1539 2487 1584 2521 et
1610 2493 1659 2521 se
1689 2493 1765 2532 pa-

132 2563 238 2592 rare
259 2552 398 2592 simul
418 2559 582 2592 curent
603 2551 661 2592 ad
682 2551 1039 2593 Sanctissimam
1059 2552 1405 2593 Eucharistiam
1424 2551 1672 2592 Dominico
1694 2552 1766 2592 die

133 2629 332 2663 venturo
355 2623 645 2674 capiendam.
670 2622 920 2663 Praeterea
950 2623 1188 2663 excercuit
1220 2622 1295 2663 Pr.
1327 2623 1598 2662 sacerdotes
1631 2623 1768 2662 huius

132 2694 259 2733 urbis
288 2693 336 2733 in
357 2693 734 2734 meditationibus
756 2693 1073 2745 spiritualibus
1108 2694 1189 2733 Lae
1221 2693 1564 2743 hebdomadae,
1595 2705 1681 2733 nec
1709 2694 1768 2733 ad

130 2766 265 2815 plura
303 2771 495 2815 propter
536 2764 627 2804 alia
668 2764 891 2816 cuiusque
925 2765 1114 2815 negotia
1155 2771 1337 2815 tempus
1376 2763 1476 2804 fuit.
1519 2763 1769 2804 Caeterum

124 2835 240 2874 hinc
262 2835 327 2875 ita
349 2834 502 2875 affecti
523 2846 783 2885 recessere,
814 2841 863 2875 ut
896 2835 942 2874 in
974 2836 1179 2875 animum
1208 2833 1501 2885 inducerent,
1536 2835 1769 2886 proximo-

134 2917 236 2945 rum
253 2905 441 2946 utilitati
457 2912 501 2945 et
518 2906 683 2957 spuali.
703 2905 965 2955 commodo,
980 2904 1224 2945 audiendis
1241 2905 1627 2956 confessionibus,
1647 2904 1770 2945 dein·

136 2987 246 3027 ceps
282 2987 476 3027 operam
510 2976 646 3026 dare,
684 2975 730 3016 id
762 2976 887 3027 quod
918 2976 1012 3016 iam
1047 2976 1366 3027 experimento
1401 2974 1606 3027 quotidie
1637 2975 1771 3016 disci-

136 3059 253 3087 mus.
277 3046 416 3097 Nam,
453 3059 746 3098 quocumque
768 3058 868 3097 eas,
901 3047 1112 3087 invenies
1134 3048 1298 3097 procul
1326 3047 1588 3098 dubi0,qui
1618 3047 1771 3087 luben-

291 3123 339 3158 T.
362 3135 403 3158 ιι.
1540 3133 1583 3166 42
