2168 3437
861 205 945 243 ΑΝ.
978 204 1068 244 1553
1715 201 1802 237 477.

150 307 376 361 pecuniae
396 305 682 355 lucrabatur,
706 303 785 355 qui
806 303 946 343 etiam
968 314 1051 343 suo
1073 301 1240 354 spiritu
1259 299 1534 353 prophetico
1562 310 1656 339 non
1676 310 1787 350 pau-

142 390 229 419 cos
250 378 468 429 angebat,
491 376 574 416 sed
593 375 796 415 Domino
818 374 885 414 sic
908 373 1198 425 disponente,
1221 372 1282 412 ad
1301 383 1388 412 nos
1405 371 1585 421 ductus,
1607 369 1784 410 inveni-

144 461 249 490 mus
270 449 476 500 maligno
497 447 664 499 spiritu
685 446 942 494 obsessum,
967 456 1023 484 ac
1043 444 1125 484 tali
1145 443 1331 495 spiritu,
1356 455 1384 483 a
1404 454 1495 494 quo
1525 453 1618 482 non
1648 440 1785 481 facile

144 520 335 561 liberari
355 519 539 571 poterit,
570 529 660 569 quo
694 527 856 556 omnes
883 527 989 555 cum
1016 515 1181 566 quibus
1212 519 1427 554 versatur
1454 512 1626 562 inficit,
1655 517 1700 552 et
1729 511 1788 551 ad

142 592 314 631 suimet
331 601 539 630 amorem
554 587 797 640 pertrahit,
816 592 860 626 et
877 585 1129 637 praecipue
1147 585 1289 624 viros.
1313 584 1402 624 Hic
1422 583 1561 624 homo
1582 594 1669 623 nec
1691 593 1786 622 mu-

146 663 232 702 lier
252 673 339 701 nec
359 661 432 701 Vir
453 665 538 700 est:
559 658 708 709 brevi,
731 663 781 697 ut
807 668 967 709 spero,
1002 657 1048 696 in
1079 667 1319 695 carcerem
1347 655 1622 695 coniicietur
1650 659 1730 694 aut
1761 665 1787 693 a

146 733 340 773 civitate
360 731 632 783 expelletur.
651 729 744 770 Uni
760 728 901 768 etiam
919 727 1045 767 adfui
1062 726 1180 775 viro,
1201 726 1345 777 quise
1363 731 1470 765 ante
1492 736 1640 765 annos
1656 723 1784 776 quin-

151 815 241 856 que
263 803 448 844 diabolo
470 800 749 851 tradiderat,
782 810 865 851 per
892 809 1030 851 quem
1058 796 1206 837 Satan
1237 797 1382 836 multa
1411 796 1505 836 iam
1532 796 1656 835 mala
1685 807 1791 846 ope-

148 874 247 915 rari
282 874 570 924 incoeperat,
607 870 689 912 sed
716 881 800 922 per
828 868 1171 910 confessionem
1199 872 1243 907 et
1270 878 1436 907 sacrae
1464 866 1791 907 Eucharistiae

146 944 461 997 sumptionem
481 943 708 983 liberatus
728 946 812 989 est3
838 940 917 992 qui
937 945 982 980 et
1002 939 1096 979 iam
1117 937 1342 978 mundum
1362 937 1563 989 reliquit,
1587 946 1632 977 et
1653 948 1703 977 se
1723 942 1788 976 to-

151 1022 250 1056 tum
271 1014 444 1056 Christi
465 1013 659 1054 servitio
681 1011 985 1063 mancipavit.
1008 1010 1059 1050 In
1081 1009 1320 1050 exercitiis
1341 1008 1483 1048 etiam
1504 1008 1684 1059 aliquos
1708 1008 1791 1047 ha-

147 1087 347 1136 buimus,
373 1086 451 1137 qui
471 1083 609 1125 modo
632 1084 780 1124 vitam
802 1082 990 1123 omnino
1012 1082 1061 1121 in
1081 1081 1245 1121 melius
1265 1085 1555 1120 commutare
1586 1079 1789 1119 student.

148 1158 308 1199 Vicini
329 1157 492 1207 nostri,
515 1156 593 1208 qui
614 1155 815 1195 antehac
837 1166 945 1194 raro
967 1152 1177 1194 confiteri
1209 1151 1441 1200 solebant,
1475 1150 1567 1190 iam
1595 1150 1792 1201 singulis

150 1229 314 1270 diebus
349 1228 595 1268 dominicis
630 1226 690 1266 ad
724 1225 897 1266 Christi
932 1236 1144 1265 mensam
1179 1235 1229 1263 se
1258 1233 1428 1274 parare
1463 1221 1671 1272 student,
1705 1233 1792 1261 nec

152 1313 302 1353 parvo
325 1312 432 1340 cum
452 1299 622 1339 fructu.

231 1372 377 1422 Haec,
401 1369 501 1411 R.d0
515 1370 608 1421 Pr„
632 1367 881 1409 scribenda
903 1372 1170 1417 occurrunt,
1196 1366 1269 1407 cui
1291 1366 1427 1405 unice
1450 1376 1540 1404 nos
1562 1375 1794 1404 commen-

156 1444 324 1484 damus
346 1448 390 1482 et
410 1442 496 1482 toti
516 1440 756 1482 Societati.

238 1513 462 1555 Coloniae
481 1512 507 1552 5
527 1512 630 1552 idus
653 1511 914 1551 decembris
939 1509 1054 1549 1553.

235 1585 290 1626 R.
315 1584 362 1625 P.
388 1584 447 1625 V.
471 1595 638 1624 servus
660 1582 892 1634 indignus,

1066 1723 1351 1763 LEONARDUS
1381 1720 1581 1762 KEssEL.

239 1941 301 1980 In
322 1940 418 1980 ima
437 1940 670 1980 secundae
684 1937 912 1990 pagellae
932 1949 1019 1978 ora
1039 1937 1151 1977 haec
1170 1936 1419 1987 leguntur.
1443 1934 1653 1984 Colonia,
1681 1932 1798 1982 1553,

159 2014 186 2052 5
206 2011 313 2053 Idus
334 2011 468 2052 X.bris
490 2010 733 2062 Originale
758 2009 784 2050 ¹.

217 2202 229 2223 ¹
269 2201 334 2236 Sic;
350 2200 536 2236 significari
551 2205 664 2228 tamen
679 2200 743 2228 hae
758 2207 842 2227 voce
857 2199 992 2227 minime
1007 2201 1121 2233 potest
1144 2197 1337 2231 exemplum
1357 2195 1420 2222 hoc
1441 2202 1514 2222 esse
1538 2194 1800 2228 autographum;

165 2258 286 2278 manus
301 2249 389 2277 enim
405 2250 538 2277 omnino
556 2249 695 2276 diversa
709 2250 761 2274 est
777 2254 797 2274 a
809 2246 964 2274 Kesselii.
