2168 3437
917 269 1000 305 AN.
1032 268 1123 305 1553
1768 266 1839 301 277

206 367 347 406 velim
378 366 580 406 maxime
614 366 908 416 exploratum
934 365 1124 414 habeas,
1153 363 1290 403 Pater
1319 363 1503 414 optime,
1536 374 1621 402 nos
1655 361 1838 402 dedisse

207 448 397 488 operam
417 443 466 476 ut
485 448 646 476 omnes
662 436 887 486 homines,
911 435 988 487 qui
1010 434 1068 474 ad
1085 446 1170 474 nos
1186 435 1380 486 praevia
1397 434 1551 484 gratia
1569 433 1835 481 veniebant,

207 508 565 548 adhortaremur
590 508 649 547 ad
677 507 985 547 confessionis
1011 506 1323 557 frequentiam
1358 518 1412 545 ac
1446 505 1721 545 doceremus
1749 505 1838 544 hoc

207 590 349 618 unum
371 590 473 619 esse
494 579 732 629 singulare
754 577 1145 617 medicamentum
1175 576 1234 616 ad
1256 576 1492 616 sanandas
1519 576 1662 615 animi
1688 575 1836 626 aegri—

205 650 388 690 tudines
409 655 453 689 et
484 648 783 700 depellendas
809 648 1030 687 vitiorum
1050 647 1401 698 propensiones.
1436 646 1508 686 Ac
1530 646 1676 686 Dnus.
1710 645 1839 686 Iesus

206 721 301 760 vim
337 732 391 760 ac
424 720 646 759 virtutem
677 730 760 758 suo
791 718 936 757 verbo
958 729 1040 768 per
1068 728 1153 756 nos
1174 717 1484 768 pronunciato
1506 717 1758 768 praestitit,
1783 716 1838 755 si-

205 790 391 842 quidem
427 802 453 830 a
479 789 656 841 pascha
691 789 931 829 hominum
964 799 1201 837 numerus,
1235 788 1313 838 qui
1348 788 1840 827 commemorationem

206 861 368 902 mortis
391 861 653 901 dominicae
675 860 927 910 celebrant,
961 865 1126 898 auctus
1148 864 1233 904 est,
1258 864 1300 897 et
1322 858 1369 897 in
1396 858 1494 897 dies
1523 859 1747 908 nonnulli,
1772 870 1839 897 re-

206 933 292 973 bus
314 932 562 972 mundanis
585 931 831 982 despectis,
858 930 1102 970 accedunt.

285 1003 401 1044 Sunt
431 1003 661 1055 quaedam
683 1009 928 1042 matronae
956 1000 1102 1041 divini
1131 1001 1283 1040 cultus
1314 999 1597 1051 percupidae
1633 1012 1687 1039 ac
1723 1000 1837 1039 chri.

205 1075 384 1126 gloriae
407 1074 773 1123 amantissimae,
798 1084 931 1124 quae,
955 1083 1148 1123 prorsus
1169 1083 1253 1122 pro
1271 1071 1414 1110 nihilo
1432 1071 1590 1110 habito
1608 1071 1779 1110 mundo
1797 1077 1841 1110 et

205 1146 331 1187 omni
352 1146 558 1186 humana
581 1144 963 1185 reformidatione
991 1144 1198 1195 expulsa,
1224 1153 1396 1192 magno
1418 1141 1571 1181 studio
1600 1142 1841 1193 piscantur

205 1224 302 1258 tam
331 1217 461 1257 viros
491 1228 632 1268 quam
658 1215 886 1256 foeminas
914 1226 969 1255 ac
1003 1214 1229 1266 plurimos
1260 1213 1498 1253 adducunt
1526 1224 1685 1252 secum
1712 1219 1754 1251 et
1783 1212 1838 1251 ad

208 1288 548 1328 confessionem
571 1294 614 1326 et
636 1287 695 1327 ad
717 1286 988 1326 convivium
1016 1286 1230 1325 coeleste.
1266 1283 1506 1334 Quaedam
1528 1283 1670 1333 igitur
1693 1295 1750 1322 ex
1771 1283 1843 1322 his

208 1371 315 1399 cum
331 1359 484 1398 virum
501 1369 635 1398 suum
651 1369 746 1397 non
763 1363 920 1408 posset
938 1356 1126 1396 allicere
1144 1355 1202 1395 ad
1222 1354 1530 1395 confessionis
1546 1354 1839 1403 medicinam,

206 1442 308 1470 sese
335 1429 395 1469 ad
423 1429 520 1469 eius
554 1428 752 1480 proiecit
781 1428 924 1479 pedes
950 1439 1005 1467 ac
1036 1432 1166 1466 tanto
1196 1426 1351 1466 animo
1380 1437 1428 1465 se
1463 1425 1623 1476 gessit,
1662 1432 1711 1464 ut
1746 1425 1843 1464 voti

205 1512 394 1552 compos
432 1500 577 1540 fieret.
621 1499 729 1539 Alia
764 1505 812 1538 ut
846 1499 920 1538 vir
953 1498 1134 1538 audiret
1173 1497 1365 1537 verbum
1405 1497 1500 1543 dei,
1539 1508 1565 1535 a
1600 1508 1690 1547 quo
1730 1507 1843 1535 sane

206 1572 504 1622 abhorrebat,
528 1571 666 1611 toties
684 1582 790 1610 eum
810 1576 879 1610 est
900 1577 1092 1622 precata
1112 1575 1155 1609 et
1180 1569 1431 1608 adhortata
1453 1576 1501 1607 ut
1524 1567 1660 1607 modo
1684 1567 1843 1607 veniat

206 1643 265 1683 ad
288 1643 554 1683 conciones.
579 1642 680 1682 Hae
705 1642 902 1692 denique
925 1648 1118 1680 sanctae
1141 1639 1215 1680 X.i
1243 1647 1487 1679 matronae
1511 1646 1616 1678 sunt
1641 1637 1843 1678 artifices

206 1714 513 1765 plurimorum
547 1713 821 1753 meritorum
855 1713 902 1752 in
933 1712 1181 1752 ecclesiam
1215 1717 1259 1751 et
1286 1711 1539 1750 multarum
1579 1710 1841 1749 animarum

202 1785 573 1836 gubernatrices.
594 1783 807 1835 Quodam
824 1783 896 1823 die
918 1783 1153 1822 sexsimul
1168 1788 1411 1821 matronae
1428 1792 1582 1820 novae
1600 1791 1701 1820 sese
1718 1786 1841 1819 totas

201 1856 508 1905 tradiderunt,
533 1855 579 1895 in
601 1855 740 1895 rebus
763 1854 948 1903 divinis,
974 1853 1266 1893 obedientiae
1287 1852 1405 1892 Pris.
1429 1852 1590 1892 nostri.

280 1927 327 1967 In
350 1932 513 1966 nostro
535 1927 706 1977 templo
734 1925 1022 1977 praelegitur
1054 1924 1216 1964 diebus
1247 1922 1491 1964 dominicis
1525 1922 1734 1962 chriana.
1764 1922 1840 1962 do-

201 1998 366 2048 ctrina,
390 2009 480 2049 quo
509 2003 763 2037 accurrunt
793 2002 860 2036 tot
887 1996 1114 2046 homines,
1148 2007 1203 2035 ac
1223 1994 1432 2035 nonnulli
1461 1994 1601 2042 docti,
1632 2001 1680 2033 ut
1711 1994 1841 2032 locus

199 2070 258 2109 sit
293 2068 544 2109 admodum
579 2074 807 2119 angustus
844 2079 929 2107 nec
962 2079 1041 2107 eos
1078 2078 1247 2118 capere
1287 2066 1448 2116 possit.
1497 2065 1722 2105 Omnibus
1756 2076 1840 2115 pro

202 2140 380 2180 viribus
408 2139 594 2189 satisfit,
625 2139 748 2190 quod
775 2139 977 2179 maxime
1005 2138 1095 2178 hoc
1122 2138 1345 2189 probatur
1374 2142 1666 2187 argumento,
1702 2135 1839 2187 quod,

202 2211 403 2251 lectione
425 2211 653 2260 absoluta,
677 2209 864 2262 plurimi
885 2209 1227 2249 confessionem
1249 2208 1437 2248 adeunt.

284 2281 515 2321 Visuntur
537 2287 581 2320 et
605 2292 836 2332 pauperes
865 2280 1047 2330 aegroti
1067 2279 1114 2318 in
1135 2278 1441 2318 Xenodochio
1472 2290 1527 2316 ac
1559 2277 1842 2316 adiuvantur

203 2359 301 2392 tum
323 2352 640 2402 concionibus,
670 2358 769 2391 turn
789 2351 987 2402 privatis
1015 2349 1434 2398 exhortationibus,
1465 2355 1562 2388 tum
1593 2346 1839 2387 confessio-

201 2424 352 2473 nibus,
371 2422 449 2462 ubi
465 2434 559 2462 non
579 2422 828 2462 mediocris
843 2421 1023 2461 fructus
1042 2420 1251 2461 nascitur
1272 2432 1331 2459 ex
1348 2419 1530 2467 animis,
1550 2425 1598 2458 ut
1614 2429 1841 2469 persaepe

202 2505 324 2545 pres.
362 2493 520 2533 dicant
541 2504 591 2533 se
613 2505 666 2533 eo
694 2505 721 2532 a
747 2492 848 2532 Deo
884 2492 1004 2532 mitti
1032 2492 1088 2531 ob
1117 2503 1192 2531 res
1226 2502 1415 2542 graveS,
1451 2501 1570 2541 quae
1606 2488 1838 2528 accidunt.

201 2565 378 2605 Eodem
412 2569 550 2615 pacto
581 2569 625 2603 et
652 2563 698 2614 ii,
730 2563 809 2614 qui
836 2563 885 2602 in
913 2562 1125 2602 custodia
1161 2568 1268 2602 sunt
1300 2560 1501 2612 publica,
1540 2559 1836 2609 adiuvantur,

203 2636 369 2687 quibus
390 2634 606 2686 quamvis
625 2634 686 2674 sit
707 2634 905 2673 arduum
922 2645 977 2673 ac
996 2632 1178 2673 difficile
1200 2632 1338 2673 fidem
1361 2631 1515 2671 facere
1538 2636 1584 2670 ut
1618 2631 1837 2670 adversa-

202 2706 283 2746 riis
312 2712 525 2758 parcant,
558 2704 859 2745 nihilominus
890 2712 1046 2744 tamen
1067 2710 1197 2744 tanto
1230 2708 1401 2743 conatu
1427 2702 1472 2741 id
1499 2701 1754 2753 peragitur,
1789 2708 1837 2740 ut

202 2777 349 2817 divini
364 2777 496 2818 verbi
518 2777 566 2816 vi
582 2775 771 2816 tandem
787 2776 1067 2816 deliniantur
1084 2782 1128 2815 et
1149 2775 1195 2814 in
1212 2774 1415 2825 gratiam
1431 2772 1713 2812 reducantur
1729 2783 1838 2812 cum

202 2848 416 2899 inimicis,
441 2853 486 2888 et
508 2848 649 2887 etiam
669 2847 759 2886 hoc
780 2846 919 2886 modo
947 2846 1006 2886 ad
1026 2846 1362 2898 poenitentiam
1383 2850 1427 2884 et
1448 2844 1721 2895 patientiam
1750 2855 1837 2894 pro

202 2919 317 2959 chri.
342 2931 501 2959 amore
523 2916 870 2969 suscipiendam
890 2917 1196 2957 deducantur.

283 2990 333 3030 In
353 2990 444 3030 hoc
466 2989 663 3040 collegio
690 2999 934 3029 manemus
958 2999 1144 3037 novem,
1176 2994 1220 3026 et
1254 2986 1437 3042 iuvenis
1464 2986 1667 3037 quidam,
1697 2991 1837 3030 natus

204 3061 390 3100 circiter
411 3061 502 3100 XX
523 3070 685 3110 annos,
710 3060 893 3100 deditus
914 3065 982 3098 est
1005 3058 1242 3108 Societati,
1274 3064 1317 3097 et
1338 3069 1364 3096 a
1391 3057 1542 3106 nobis,
1572 3057 1682 3107 pris.
1714 3068 1839 3096 com-
