2168 3437
916 252 999 289 AN.
1030 251 1120 288 1554
1760 247 1827 284 631

198 353 302 393 nari
321 352 488 404 possit?
511 351 806 392 Versabatur
826 351 946 390 inter
966 360 1050 388 nos
1068 347 1164 400 jam
1194 347 1310 387 duos
1339 357 1522 386 menses
1558 344 1703 384 frater
1734 344 1828 395 qui-

198 423 320 473 dam,
345 423 421 474 qui
442 421 656 473 proxime
678 420 934 461 secundum
955 430 1128 459 annum
1148 418 1318 458 artium
1345 416 1606 456 liberalium
1635 415 1822 455 inchoa-

198 500 346 534 verat.
373 492 523 543 Hujus
553 492 729 532 candor
754 497 799 531 et
826 490 1062 530 humilitas
1089 489 1135 529 id
1163 489 1218 528 de
1247 500 1296 528 se
1323 487 1680 539 promittebant,
1706 484 1831 537 quod

199 571 304 616 post
326 564 629 615 adimpletum
650 574 734 602 nos
757 562 844 613 ipsi
866 573 971 602 cum
992 571 1164 610 magno
1187 558 1393 598 omnium
1415 557 1587 609 gaudio
1609 556 1826 597 vidimus.

199 634 297 675 Nec
319 635 440 674 enim
462 645 630 685 passus
647 640 717 673 est
735 632 947 673 Christus
964 631 1034 670 sui
1050 630 1210 670 militis
1227 629 1508 680 tyrocinium
1525 639 1690 679 parma
1707 626 1827 675 alba,

200 707 300 746 sine
320 706 485 757 gloria,
511 705 609 744 sine
633 704 787 755 aliquo
810 704 1034 754 trophaeo
1058 701 1273 751 transigi..
1291 699 1476 739 Venere
1498 709 1612 749 ergo
1633 698 1723 737 huc
1745 697 1835 737 duo

200 778 322 817 illius
344 776 581 826 avunculi,
606 786 803 827 quorum
824 775 940 814 alter
969 772 1190 813 sacerdos
1218 777 1317 811 erat
1347 776 1391 810 et
1420 769 1655 822 quoddam
1682 780 1832 808 sacer-

201 848 378 888 dotium
395 846 557 898 juveni
579 845 793 886 conferre
821 850 921 884 erat
947 844 990 883 ei
1010 843 1057 883 in
1084 833 1253 882 animo.
1279 841 1456 892 Quibus
1482 840 1616 880 Pater
1636 839 1660 889 ¹,
1680 839 1835 879 multis

201 919 309 959 hinc
343 918 449 958 inde
484 917 751 966 transactis,
785 915 1006 967 juvenem
1041 914 1191 953 solum
1225 912 1470 959 commisit;
1505 911 1630 963 quod
1659 921 1833 961 magno

201 1001 308 1030 cum
325 989 500 1041 judicio
522 988 635 1028 facit
655 987 809 1038 Pater,
841 992 890 1026 ut
918 986 1180 1036 aliquorum
1209 983 1506 1023 insolentiam
1533 989 1577 1022 et
1605 981 1837 1021 temerita-

201 1067 294 1101 tem
326 1059 606 1110 confundat,
638 1058 715 1110 qui
744 1058 936 1098 allectos
962 1056 1070 1096 hinc
1097 1054 1294 1105 juvenes
1314 1053 1730 1105 pollicitationibus
1758 1059 1837 1091 aut

201 1142 457 1184 persuasos
478 1130 763 1170 existimant.
794 1128 855 1168 Hi
879 1127 1029 1179 primo
1052 1125 1272 1177 juvenem
1298 1124 1571 1164 adoriuntur
1600 1123 1835 1175 precibus,

201 1202 462 1252 lachrimis,
488 1213 607 1253 quae
627 1200 923 1252 potissimum
944 1198 1086 1238 telum
1104 1195 1367 1237 adversarii
1382 1195 1429 1235 in
1445 1195 1534 1234 hoc
1550 1195 1669 1234 bello
1688 1194 1836 1233 solent

204 1285 320 1314 esse.
346 1273 422 1313 Ad
443 1272 488 1312 id
510 1278 559 1312 ut
576 1271 793 1323 juvenem
812 1281 1000 1310 movere
1018 1273 1225 1320 possent,
1246 1266 1496 1306 commenti
1516 1265 1701 1305 fuerant
1718 1265 1838 1304 inter

204 1356 253 1385 se
275 1344 468 1384 Iliadem
489 1343 741 1394 quamdam
763 1342 819 1381 de
846 1341 968 1380 illius
995 1345 1167 1391 matre:
1192 1338 1307 1377 adeo
1330 1337 1532 1376 doluisse
1554 1336 1609 1375 de
1631 1335 1841 1375 discessu

204 1415 285 1455 filii
305 1421 354 1455 ut
376 1415 422 1454 in
443 1414 622 1454 rabiem
638 1420 682 1453 et
698 1412 904 1452 furorem
920 1421 1109 1450 versam
1125 1409 1463 1456 existimarent,
1483 1418 1721 1458 propeque
1739 1417 1840 1446 esse

206 1493 256 1526 ut
292 1486 499 1526 animum
534 1483 858 1536 desponderet;
894 1486 1234 1532 persancteque
1265 1478 1453 1530 jurabat
1483 1477 1706 1517 sacerdos
1740 1477 1840 1516 reli-

207 1558 363 1609 quisse
399 1569 448 1596 se
478 1557 604 1596 illam
635 1554 998 1606 consanguineis
1029 1563 1210 1592 summa
1241 1561 1353 1590 cura
1385 1548 1749 1597 observandam,
1784 1559 1841 1587 ne

212 1628 451 1680 quippiam
472 1628 622 1668 simile
644 1633 859 1666 tentaret.
884 1624 1207 1665 Subornarant
1229 1628 1272 1661 et
1293 1620 1551 1661 Doctorem
1572 1619 1844 1669 theologum

211 1706 255 1741 et
292 1700 494 1739 nobilem
521 1698 769 1750 quemdam
797 1697 967 1744 virum,
998 1695 1075 1747 qui
1103 1693 1284 1743 eadem,
1317 1703 1436 1743 quae
1471 1691 1535 1730 illi
1568 1690 1841 1740 narrabant,

208 1771 385 1822 scripta
406 1770 495 1810 sibi
516 1768 825 1809 affirmabant.
848 1766 1066 1807 Addebat
1088 1764 1326 1814 sacerdos,
1349 1763 1388 1802 is
1410 1762 1532 1802 enim
1558 1762 1839 1813 praecipuas

208 1848 368 1894 partes
389 1842 435 1881 in
456 1841 545 1881 hac
566 1852 616 1880 re
639 1840 824 1891 agebat,
847 1839 969 1879 nolle
990 1849 1039 1877 se
1057 1836 1278 1888 juvenem
1301 1846 1327 1874 a
1349 1833 1591 1886 proposito
1619 1844 1838 1883 avocare,

207 1913 400 1954 laudare
422 1912 576 1964 potius
597 1912 725 1951 vitae
747 1910 1008 1950 institutum
1030 1915 1075 1948 et
1096 1907 1386 1958 religionem3
1411 1916 1460 1944 se
1483 1905 1633 1944 solum
1656 1903 1754 1954 ejus
1775 1905 1843 1943 rei

207 1984 364 2036 gratia
386 1984 527 2023 illhuc
548 1983 751 2032 venisse,
775 1993 832 2021 ne
849 1980 1012 2021 matris
1028 1979 1150 2019 illius
1167 1978 1353 2017 animae
1370 1977 1496 2016 salus
1513 1975 1844 2015 detrimentum

205 2061 463 2108 pateretur.

285 2126 530 2174 Miserere,
561 2125 723 2177 inquit,
755 2124 932 2165 sororis
965 2134 1097 2162 meae
1119 2120 1373 2171 matrisque
1394 2126 1516 2168 tuae3
1550 2129 1633 2169 per
1668 2117 1842 2158 Christi

207 2197 486 2248 sanguinem
515 2204 559 2236 te
595 2196 824 2244 obtestor,
854 2194 933 2246 qui
961 2201 1057 2233 tam
1082 2191 1265 2231 abunde
1294 2202 1378 2241 pro
1406 2189 1554 2228 salute
1581 2187 1717 2239 hujus
1747 2189 1842 2229 ani-

206 2279 310 2307 mae
341 2267 513 2307 effusus
540 2273 630 2317 est,
660 2278 717 2306 ne
744 2266 872 2305 illam
904 2264 1057 2316 perire
1084 2262 1342 2314 permittas.
1372 2259 1498 2300 Illius
1527 2261 1653 2299 salus
1686 2260 1732 2299 in
1762 2266 1855 2310 tua>

210 2351 353 2379 manu
376 2339 465 2378 sita
498 2344 580 2378 est:
611 2338 651 2377 si
678 2338 805 2377 illam
830 2337 966 2386 visis,
999 2336 1039 2375 si
1066 2345 1172 2374 cum
1198 2333 1277 2372 illa
1303 2331 1528 2382 pauculos
1556 2330 1654 2370 dies
1681 2330 1839 2379 fueris,
1876 2334 1891 2344 ““

211 2421 322 2450 mox
343 2409 403 2449 ad
423 2416 551 2449 tuum
574 2408 834 2448 institutum
855 2407 1104 2447 rediturus.
1129 2406 1266 2446 Dona
1295 2416 1434 2446 unam
1463 2407 1585 2446 hanc
1613 2414 1711 2443 rem
1733 2408 1841 2442 tuae

208 2481 418 2532 parentis
446 2479 699 2520 lachrimis.
730 2478 866 2519 Dona
892 2479 1007 2518 meis
1034 2490 1230 2529 meoque
1258 2478 1420 2518 labori.
1452 2477 1588 2517 Dona
1615 2475 1839 2525 utrisque,

208 2552 247 2592 si
278 2551 395 2590 bene
430 2551 486 2590 de
520 2556 564 2590 te
592 2561 798 2601 unquam
831 2549 1101 2589 meruimus.
1132 2549 1262 2588 Haec
1298 2548 1452 2588 omnia
1488 2554 1532 2587 et
1568 2547 1841 2596 lachrymae

207 2623 410 2663 ubertim
430 2621 669 2661 effluentes
690 2627 734 2660 et
754 2620 1032 2671 singultibus
1052 2620 1311 2670 interrupta
1329 2619 1478 2658 oratio
1496 2629 1592 2658 non
1608 2627 1758 2668 parvo
1778 2622 1841 2655 te-

207 2693 426 2734 stimonio
448 2691 800 2732 confirmabant.
824 2691 882 2731 Et
903 2691 1080 2731 Doctor
1101 2691 1176 2730 ille
1205 2689 1473 2740 theologus,
1498 2689 1576 2740 qui
1603 2687 1752 2728 teneri
1782 2686 1843 2727 ad

207 2764 253 2804 id
271 2763 491 2815 juvenem
521 2770 687 2802 sancta
714 2768 758 2802 et
785 2761 1043 2802 inviolabili
1071 2762 1173 2812 lege
1199 2766 1419 2811 naturae,
1450 2771 1542 2811 qua
1569 2758 1842 2809 parentibus

208 2834 582 2875 subveniendum
602 2844 705 2873 esse
726 2833 878 2872 nullus
899 2831 1107 2882 ambigit,
1134 2836 1401 2871 constanter
1423 2829 1739 2870 asseverabat.
1763 2828 1840 2869 Ad

207 2906 324 2946 hacc
346 2905 501 2945 omnia
518 2902 704 2955 juvenis
724 2903 974 2955 tranquillo
997 2909 1134 2953 atque
1156 2901 1468 2953 imperterrito
1491 2901 1645 2940 animo
1677 2899 1842 2951 paucis

262 3067 272 3086 1
313 3065 455 3099 Collegii
472 3065 721 3098 Complutensis
737 3064 874 3097 Rector,
890 3062 925 3090 P.
940 3062 1145 3090 Franciscus
1156 3069 1175 3088 a
1192 3060 1389 3088 Villanova.
