2168 3437
856 264 939 301 AN.
971 263 1063 300 1553
1703 262 1773 300 257

136 376 283 416 quam
321 375 514 415 sperare
549 362 856 413 audebamus,
899 362 1182 402 satisfecisse
1221 362 1393 414 populo
1434 361 1773 402 existimamur.

138 435 376 476 Successit
394 434 561 474 deinde
577 433 631 473 R.
651 432 700 473 Ρ.
721 433 778 473 D.
802 433 1119 484 Hieronymus
1137 433 1329 483 Otellus,
1349 432 1427 484 qui
1448 432 1521 472 die
1542 432 1776 483 passionis

141 506 403 546 dominicae
424 505 625 556 primam
646 504 692 544 in
712 504 801 544 hac
824 504 1017 544 civitate
1035 504 1310 544 concionem
1326 503 1489 543 habuit
1506 502 1631 555 apud
1648 503 1774 543 audi-

141 584 267 618 tores
305 588 398 616 non
437 576 591 616 minus
630 576 800 615 multos
839 586 980 626 quam
1019 574 1265 625 diligenter
1305 580 1522 615 attentos.
1570 573 1777 614 Perstitit

142 648 363 699 deinceps
397 658 570 697 magno
604 646 764 697 populi
794 656 1027 685 concursu
1062 645 1223 685 diebus
1259 646 1505 685 dominicis
1540 657 1594 685 ac
1628 644 1775 686 festis.

141 718 238 760 Nec
273 724 456 759 tantum
491 716 840 765 concionando,
869 716 951 756 sed
979 716 1176 766 legendo
1204 727 1408 768 quoque,
1441 717 1565 756 fama
1602 717 1702 756 eius
1732 717 1779 756 in

141 790 241 830 dies
262 789 414 839 magis
435 800 491 844 ac
513 787 664 838 magis
685 786 989 827 increbrescit
1011 793 1054 826 et
1078 793 1291 837 augetur.
1316 786 1471 837 Quare
1494 798 1667 838 magna
1695 799 1780 827 nos

142 872 249 912 spes
276 867 402 900 tenet
428 859 528 899 fore
558 865 607 898 ut
636 858 842 898 fructum
869 857 1156 897 uberrimum
1185 858 1390 909 colligat.
1425 858 1618 898 Plurimi
1644 858 1779 910 siqui-

142 934 247 973 dem
268 939 407 983 atque
429 943 488 971 ex
508 931 580 970 his
601 935 699 970 tum
722 929 938 969 canonici
960 930 1155 981 aliquot,
1186 935 1284 969 tum
1311 929 1489 969 nobiles
1517 930 1705 981 plurimi
1725 942 1780 969 ac

145 1003 375 1056 primarii,
401 1009 444 1042 et
467 1002 506 1042 si
537 1001 616 1053 qui
644 1007 750 1040 sunt
779 1000 859 1040 alii
885 1000 1076 1050 eruditi,
1114 1000 1173 1040 ad
1204 1000 1441 1052 Epistolae
1471 1000 1528 1040 D.
1562 1000 1694 1040 Pauli
1726 1000 1785 1040 ad

141 1074 369 1126 Ephesios
391 1073 760 1122 enarrationem,
784 1083 924 1123 quam
951 1071 1175 1123 postridie
1203 1072 1565 1111 resurrectionis
1592 1071 1781 1111 Domini

141 1146 192 1186 in
212 1146 385 1197 templo
413 1151 574 1184 nostro
604 1149 672 1183 est
704 1143 997 1194 auspicatUS,
1030 1142 1190 1182 sedulo
1220 1143 1522 1182 conveniunt.
1552 1142 1780 1191 Breviter,

144 1217 297 1269 placet
327 1216 562 1256 omnibus:
593 1220 638 1254 et
665 1226 691 1254 a
719 1214 868 1254 doctis
894 1214 1071 1265 pariter
1098 1219 1236 1264 atque
1271 1214 1328 1253 ab
1364 1213 1566 1253 indoctis
1594 1219 1785 1264 propter

146 1288 244 1328 eius
265 1286 665 1327 ferventissimum
685 1286 836 1325 zelum
858 1285 1188 1335 attentissime,
1212 1290 1406 1336 propter
1428 1284 1670 1336 copiosam
1687 1296 1781 1324 eru-

149 1359 374 1399 ditionem
395 1357 715 1407 libentissime,
742 1356 942 1396 auditur.
962 1355 1140 1396 Diebus
1160 1355 1344 1396 veneris
1367 1356 1505 1406 duos,
1529 1356 1607 1407 qui
1629 1367 1783 1407 super-

146 1430 300 1480 fuere,
324 1441 348 1469 e
370 1436 550 1480 septem
571 1428 764 1479 psalmis
784 1427 1096 1479 prosequitur.
1122 1426 1414 1467 Concionum
1437 1434 1593 1467 autem
1616 1434 1660 1466 et
1682 1439 1785 1466 con-

148 1501 402 1541 fessionum
449 1500 588 1551 (quae
633 1499 863 1550 plurimae
912 1498 1128 1549 proxima
1174 1498 1538 1550 quadragesima
1583 1498 1784 1547 fuerunt,

150 1572 292 1613 etiam
311 1572 578 1622 generales,
603 1577 647 1610 et
670 1582 794 1609 nunc
821 1581 1004 1621 quoque
1031 1576 1139 1610 sunt
1160 1581 1303 1621 supra
1326 1570 1372 1610 id
1393 1570 1515 1621 quod
1546 1569 1668 1609 ferre
1700 1569 1789 1609 hoc

150 1652 333 1695 tempus
362 1642 595 1692 videatur)
618 1641 666 1681 hi
686 1641 782 1681 fere
811 1647 917 1681 sunt
947 1640 1142 1681 fructus.
1167 1641 1316 1682 Paces
1346 1642 1572 1693 plurimae
1606 1653 1789 1692 compo-

152 1715 292 1765 sitae,
315 1721 580 1766 pacataque
602 1712 708 1753 odia
730 1718 827 1752 tum
848 1712 1016 1763 gravia
1040 1719 1138 1752 tum
1156 1712 1360 1752 maxime
1391 1713 1631 1759 diuturna3
1671 1723 1791 1763 quae

152 1787 231 1838 qui
265 1786 601 1837 deposuerunt,
640 1795 812 1835 magna
848 1796 906 1823 ex
940 1790 1072 1835 parte
1107 1785 1298 1824 veniam
1334 1785 1390 1824 ab
1426 1784 1629 1824 inimicis
1662 1783 1670 1801 ¹
1701 1784 1791 1835 ipsi

157 1856 362 1897 lacessiti
388 1862 632 1906 rogarunt.

233 1927 322 1969 Hic
339 1939 425 1977 me,
447 1925 785 1978 quantumlibet
796 1931 1143 1978 properantem,
1158 1934 1422 1967 remoratur
1435 1927 1642 1967 mulieris
1657 1927 1795 1966 unius

155 2000 350 2050 dictum,
376 2010 466 2050 quo
489 1998 741 2037 multorum
762 1997 971 2037 virorum
991 1997 1213 2038 virtutem
1236 2009 1485 2049 superasse
1507 1998 1672 2038 merito
1691 2009 1793 2038 cen-

157 2076 330 2110 seatur.
366 2069 487 2109 Huic
517 2080 623 2108 curn
651 2068 789 2108 Pater
823 2068 988 2108 fuisset
1016 2069 1224 2119 occisus,
1257 2070 1383 2109 nulla
1410 2071 1592 2110 ratione
1627 2069 1797 2110 adduci

156 2146 363 2193 poterat,
399 2146 448 2180 ut
475 2140 699 2180 facinoris
727 2139 1004 2180 authoribus
1033 2140 1327 2191 ignosceret:
1357 2141 1515 2181 audita
1544 2153 1658 2182 vero
1688 2153 1795 2192 qua-

158 2211 267 2251 dam
287 2211 360 2251 die
382 2211 454 2251 Ι).ἰ
483 2211 760 2262 Hieronymi
782 2210 1030 2262 concione,
1054 2223 1200 2251 unum
1221 2223 1245 2251 e
1267 2211 1320 2251 R.
1346 2210 1395 2251 P.
1425 2212 1598 2252 nostris
1619 2211 1796 2262 adiens,

160 2283 317 2323 animo
338 2283 475 2322 valde
497 2289 750 2331 commota,
777 2282 898 2322 inter
918 2281 1252 2322 confitendum:
1284 2282 1410 2323 Scito
1439 2283 1618 2335 (inquit)
1641 2283 1679 2323 si
1700 2295 1798 2335 pre-

161 2354 225 2394 tio
247 2352 371 2393 istud
401 2353 742 2393 conficiendum
769 2353 954 2404 fuisset,
978 2365 1036 2393 ne
1058 2365 1220 2394 arcam
1250 2355 1438 2406 quidem
1465 2367 1580 2394 auro
1616 2356 1802 2405 plenam

162 2425 373 2465 sufficere
394 2424 624 2476 potuisse;
654 2436 813 2464 amore
840 2432 998 2464 autem
1026 2424 1084 2465 d.i
1112 2425 1172 2465 n.i
1207 2425 1308 2465 Iesu
1342 2425 1472 2477 Xpi.‚
1506 2425 1727 2477 quicquid
1753 2425 1800 2465 in

159 2507 235 2536 me
256 2501 325 2535 cst
348 2495 665 2544 commissum,
688 2495 991 2535 libentissime
1014 2496 1215 2536 remitto.
1245 2496 1601 2536 Intervenerant
1629 2502 1797 2546 autem,

162 2573 212 2607 ut
240 2567 332 2606 hoc
361 2566 596 2617 sopiretur
626 2566 802 2616 odium,
839 2567 982 2606 totius
1017 2567 1145 2607 urbis
1179 2568 1423 2619 primates,
1462 2579 1609 2619 neque
1645 2574 1802 2608 tamen

158 2638 413 2690 quicquam
433 2636 745 2688 profecerant.
770 2636 861 2676 Sed
883 2648 1135 2688 pergamus
1155 2638 1216 2678 ad
1236 2639 1344 2678 alia.

243 2708 483 2758 Nonnulli,
521 2707 740 2758 coniugio
773 2708 1001 2759 copulati,
1034 2720 1140 2749 cum
1175 2708 1442 2749 domesticis
1473 2709 1678 2750 dissidiis
1706 2721 1801 2750 mu-

162 2780 347 2830 tuisque
377 2779 494 2819 odiis
524 2779 802 2829 flagrarent,
835 2778 1038 2819 invicem
1068 2788 1176 2820 sunt
1207 2780 1517 2829 reconciliati;
1550 2792 1609 2821 ex
1637 2781 1804 2832 quibus

167 2851 310 2902 aliqui
340 2850 496 2890 multis
525 2850 620 2890 iam
654 2850 789 2890 annis
823 2850 1023 2890 seiuncti
1057 2851 1289 2891 vixerant.
1328 2851 1432 2891 Una
1463 2852 1605 2892 etiam
1639 2852 1796 2892 muliei

166 2933 350 2962 veneno
387 2921 606 2961 maritum
641 2920 697 2960 de
732 2920 884 2960 medio
915 2921 1077 2961 tollere
1111 2929 1391 2962 tentaverat.
1425 2921 1516 2963 Sed
1551 2929 1600 2963 ut
1636 2923 1804 2964 horum

227 3081 236 3100 ¹
277 3080 451 3107 Hostibus
462 3081 649 3115 scripserat
666 3080 789 3107 Vinck.

365 3139 415 3176 T.
436 3151 477 3175 ιι.
