2168 3437
280 236 349 274 158
791 237 1017 274 LITTERAE
1044 248 1404 281 QUADRmffisTaEs

276 334 426 374 iunxit
445 339 494 374 ut
515 334 633 374 haec
654 340 808 374 tecum
825 334 1059 374 conferret
1081 340 1125 374 et
1147 335 1323 386 aliquot
1344 335 1538 376 idoneos
1554 342 1744 376 nostrae
1763 336 1915 377 Socie-

276 405 387 445 tatis
408 405 648 456 operarios
669 405 921 456 impetrare
943 411 1208 456 conaretur,
1229 407 1306 458 qui
1328 406 1570 446 variarum
1591 407 1810 447 domuum
1833 419 1916 459 per

276 476 547 516 universum
567 475 753 516 Siciliae
774 487 972 527 regnum
992 476 1295 517 fundamenta
1316 477 1545 529 iacerent,
1576 484 1620 518 et
1647 479 1695 518 in
1724 479 1917 519 urbibus

275 547 527 598 praecipue
549 547 882 587 celebrioribus
902 546 1187 588 Societatem
1207 555 1542 600 propagarent.

354 618 568 658 Pluribus
590 617 692 657 aliis
713 617 766 657 R.
801 617 849 657 Ρ.
881 617 1061 658 Natalis
1087 618 1174 670 piis
1206 619 1425 670 operibus
1454 626 1523 660 est
1551 627 1834 672 occupatus,
1868 622 1914 660 in

278 689 445 740 quibus
474 688 562 729 Dei
589 689 755 729 favore
776 696 820 729 et
847 689 1067 741 Proregis
1095 691 1269 730 auxilio
1297 690 1564 731 felicissime
1595 691 1909 743 progreditur.

356 760 406 800 In
436 760 743 800 renovatione
774 760 1032 800 studiorum
1059 761 1212 812 coepit
1245 762 1473 802 hebraeas
1502 762 1663 803 literas
1689 762 1914 814 profiteri,

275 832 321 871 in
343 843 434 883 qua
456 831 674 880 lectione,
704 832 842 871 nullis
871 832 1072 883 negotiis
1103 833 1331 872 hactenus
1358 833 1653 884 intermissa,
1685 833 1918 885 frequenti

277 903 392 942 satis
414 902 645 942 auditorio
667 910 953 953 perseverat.
979 903 1051 944 Ex
1071 904 1364 944 auditoribus
1385 905 1554 956 ipsius,
1579 905 1670 945 duo
1703 912 1811 945 sunt
1842 905 1920 945 do-

277 982 432 1014 ctores
462 974 690 1025 theologi,
727 986 847 1014 unus
882 975 1159 1024 saecularis,
1191 976 1307 1015 alter
1340 975 1685 1027 dominicanus,
1720 982 1915 1027 uterque

278 1045 439 1096 magni
459 1046 660 1085 nominis
677 1046 723 1085 in
740 1047 828 1086 hac
846 1046 1051 1086 civitate.
1073 1046 1389 1088 Concionatur
1406 1048 1568 1088 diebus
1588 1047 1721 1088 festis
1743 1047 1789 1087 in
1806 1047 1916 1087 Divi

279 1116 475 1157 Antonii
495 1127 669 1168 magno
687 1117 939 1168 hominum,
961 1130 1053 1158 non
1071 1119 1220 1159 solum
1237 1120 1501 1159 tenuiorum
1518 1119 1600 1159 sed
1616 1119 1913 1169 nobiliorum,

283 1199 531 1228 concursu.

358 1259 448 1300 Pro
479 1260 817 1300 consuetudine
838 1273 865 1300 a
887 1261 1021 1301 nobis
1048 1261 1278 1302 hactenus
1309 1262 1581 1313 observata,
1612 1263 1659 1302 in
1686 1263 1915 1314 principio

278 1331 601 1372 renovationis
622 1332 883 1372 studiorum
903 1332 1130 1384 Magister
1151 1333 1383 1385 Rogerius
1403 1334 1599 1374 latinam
1626 1333 1788 1374 habuit
1817 1345 1919 1373 ora—

279 1403 455 1442 tionem
475 1414 635 1443 coram
656 1403 936 1454 magistratu
957 1410 1001 1444 et
1023 1405 1180 1445 multis
1200 1405 1430 1445 nobilibus
1452 1417 1507 1445 ac
1531 1405 1767 1456 primariis
1788 1404 1920 1455 viris,

280 1474 418 1525 idque
449 1474 537 1515 Dei
563 1475 720 1526 gratia
751 1486 923 1526 magno
952 1476 1159 1516 omnium
1193 1477 1437 1528 applausu.
1471 1475 1703 1516 Postridie
1730 1487 1921 1528 praece-

282 1552 439 1596 ptores
461 1557 570 1587 suas
590 1547 815 1586 lectiones
838 1547 1054 1597 aggressi
1076 1553 1196 1599 sunt,
1220 1548 1267 1588 in
1288 1548 1454 1600 quibus
1477 1547 1724 1598 diligenter
1757 1553 1800 1587 et
1828 1547 1924 1594 feli-

283 1618 398 1657 citer
418 1618 798 1668 progrediuntur,
823 1618 1043 1658 adhibitis
1066 1619 1215 1659 solitis
1236 1620 1558 1670 epistolarum,
1583 1619 1849 1659 orationum
1880 1624 1925 1658 et

283 1700 506 1729 versuum
527 1689 777 1740 exercitiis,
798 1702 855 1729 ex
877 1690 1043 1742 quibus
1061 1697 1287 1742 quantum
1303 1691 1483 1731 fructus
1501 1698 1545 1730 et
1567 1690 1780 1731 utilitatis
1798 1701 1923 1730 ema-

283 1765 361 1800 net
381 1761 586 1812 quotidie
607 1761 760 1812 magis
780 1762 1077 1813 percipimus.
1101 1761 1349 1802 Profitetur
1380 1762 1541 1802 literas
1569 1773 1795 1813 graecas,
1830 1773 1925 1801 ma—

283 1843 378 1883 gna
413 1832 749 1884 discipulorum
782 1832 1044 1884 frequentia
1078 1833 1406 1885 profectuque,
1437 1833 1664 1884 Magister
1694 1833 1921 1884 Angelus,

285 1914 421 1955 quem
452 1903 668 1944 Messana
698 1916 858 1944 secum
891 1904 941 1944 P.
977 1904 1158 1945 Natalis
1189 1905 1398 1945 adduxit.
1431 1904 1521 1945 Pro
1552 1916 1680 1944 more
1709 1904 1928 1955 collegio-

284 1986 388 2014 rum
409 1973 661 2015 Societatis
690 1975 905 2027 discipuli
927 1976 1124 2027 singulis
1146 1976 1382 2016 mensibus
1411 1976 1705 2024 confitentur,
1738 1975 1928 2027 quidam

284 2046 486 2098 saepius.
506 2046 845 2098 Praeceptores
862 2047 974 2087 dant
997 2059 1189 2099 operam
1210 2054 1258 2087 ut
1279 2059 1371 2088 non
1394 2048 1548 2088 minus
1571 2047 1630 2088 ad
1652 2047 1928 2098 religionem

285 2129 425 2169 quam
446 2118 669 2158 scientias
689 2119 993 2158 humaniores
1014 2118 1339 2159 informentur.

365 2188 477 2239 Sed,
510 2195 559 2229 ut
580 2190 640 2229 ad
661 2201 736 2238 ea,
759 2201 878 2241 quae
901 2191 947 2230 in
968 2190 1166 2230 ecclesia
1188 2189 1322 2241 fiunt,
1356 2190 1581 2230 exercitia
1609 2197 1920 2239 revertamur,

286 2261 513 2311 magister
533 2260 735 2301 Michael
755 2261 960 2301 Botellus
982 2262 1179 2312 singulis
1200 2261 1445 2301 dominicis
1472 2261 1795 2311 concionatur,
1828 2272 1924 2300 cre—

287 2339 445 2371 scente
467 2332 512 2371 in
536 2332 635 2372 dies
655 2332 895 2372 hominum
919 2344 1165 2382 concursu,
1190 2333 1442 2384 praecipue
1464 2332 1709 2383 nobilium,
1735 2343 1842 2371 curn
1862 2332 1929 2371 vi-

288 2414 467 2453 rorum,
492 2408 588 2443 tum
616 2403 883 2454 mulierum;
913 2409 981 2453 et,
1014 2409 1064 2445 ut
1094 2403 1244 2454 signis
1271 2403 1459 2442 minime
1491 2403 1701 2443 obscuris
1731 2402 1926 2454 percipi-

287 2486 404 2525 mus,
429 2474 610 2514 cunctis
630 2474 833 2514 maxime
855 2474 1104 2514 satisfacit:
1128 2486 1251 2514 nunc
1274 2474 1397 2514 enim
1419 2475 1576 2526 plures
1599 2473 1838 2514 confluunt
1870 2473 1928 2513 ad

289 2545 554 2595 conciones,
578 2545 800 2585 lectiones
821 2544 1063 2585 doctrinae
1085 2545 1388 2595 christianae,
1410 2545 1717 2585 confessionis
1739 2551 1783 2584 et
1807 2556 1929 2584 com-

290 2616 523 2656 munionis
557 2623 877 2666 sacramenta,
915 2627 1055 2668 quam
1088 2616 1316 2656 hactenus
1352 2628 1572 2668 unquam.
1611 2616 1661 2655 In
1696 2615 1928 2655 nonnullis

289 2687 431 2727 etiam
452 2687 750 2727 monasteriis
772 2687 1017 2727 mulierum
1036 2698 1373 2738 nonnunquam
1407 2687 1729 2737 concionatur,
1763 2686 1929 2737 quibus

290 2761 515 2809 quantum
537 2758 838 2798 iucunditatis
859 2764 903 2798 et
932 2758 1146 2797 utilitatis
1168 2757 1354 2808 afferat,
1379 2757 1588 2798 indicant
1620 2757 1930 2797 creberrimae

289 2841 453 2881 preces
474 2835 518 2869 et
539 2830 674 2880 quasi
695 2829 1010 2881 quotidianae,
1040 2829 1207 2880 quibus
1239 2829 1529 2869 contendunt
1561 2834 1610 2868 ut
1642 2828 1931 2880 frequentius

292 2900 379 2940 sibi
400 2900 717 2940 concionetur.
741 2900 788 2940 Si
809 2901 966 2952 plures
984 2900 1057 2939 hic
1081 2899 1376 2951 haberemus,
1402 2901 1479 2952 qui
1503 2898 1816 2939 concionandi
1837 2910 1933 2938 mu-

292 2983 379 3011 nus
401 2971 529 3011 obire
560 2976 770 3022 possent,
796 2970 1138 3011 ardentissimis
1160 2971 1362 3022 plurium
1392 2969 1788 3011 monasteriorum
1815 2969 1934 3009 desi—

293 3041 432 3082 deriis
453 3040 854 3082 satisfaceremus:
878 3053 1064 3092 verum,
1089 3041 1211 3092 quod
1233 3053 1377 3093 opera
1399 3053 1494 3082 non
1516 3053 1787 3093 possumus,
1822 3040 1928 3080 libe-
