2168 3437
357 289 428 326 392
870 287 1097 325 LlTTERAE
1123 299 1483 332 QUADRIMESTRES

358 386 605 437 gymnasia
641 390 802 425 nostra
830 384 1254 437 frequentantibus,
1286 386 1364 437 qui
1392 386 1575 437 singulo
1604 396 1786 436 quoque
1817 396 1997 435 mense,¹

359 456 566 507 plerique
587 455 728 495 etiam
748 456 972 506 crebrius,
997 456 1289 507 confitentur,
1310 456 1487 506 sileam)
1510 455 1715 507 peccatis
1737 455 1997 495 confessio-

360 527 431 566 nis
453 532 749 566 sacramento
770 538 872 567 sese
894 527 1237 579 explicuerunt,
1260 527 1379 568 inter
1408 539 1525 579 quos
1552 527 1761 567 nonnulli
1795 538 1990 566 summa—

361 597 444 636 tim
464 597 606 636 totius
622 597 749 637 vitae
770 608 1074 649 progressum
1104 598 1368 638 confitendo
1390 603 1721 650 exposuerunt.
1751 597 1856 637 Duo
1883 597 1995 637 item

363 679 386 707 e
407 666 631 708 fratribus
655 667 665 687 ¹
688 668 747 708 ad
774 669 1091 709 sacerdotium
1123 669 1339 720 promoti,
1370 669 1486 709 alter
1516 669 1562 709 in
1583 669 1873 709 Ascensione
1902 668 1994 708 Do>

364 738 494 788 mini,
526 740 642 779 alter
668 739 715 779 in
735 739 1068 792 Assumptione
1091 740 1301 792 Virginis
1327 741 1493 781 Matris
1526 740 1677 792 prima
1698 751 1835 780 sacra
1866 739 1991 779 obtu-

364 810 536 861 lerunt,
575 822 772 862 quorum
804 811 1035 863 primitias
1071 812 1355 862 gravissima
1393 812 1618 851 concione
1651 811 1706 851 R.
1746 811 1796 851 P.
1834 810 1997 850 Alfon·

364 891 443 920 sus
474 880 718 922 Salmeron
734 883 998 923 exornavit.
1022 882 1161 923 Pater
1181 882 1466 922 Franciscus
1486 881 1499 900 ”²
1522 882 1745 922 exercitia
1767 881 1997 933 quaedam

364 951 625 1002 spiritualia
649 953 927 1004 quibusdam
947 954 1299 1005 praegustanda
1327 953 1476 1004 dedit,
1508 965 1566 994 ex
1594 953 1760 1005 quibus
1790 952 1880 993 duo
1903 964 1993 992 am-

365 1023 468 1073 plae
507 1024 606 1075 spei
640 1022 837 1075 juvenes
875 1023 1098 1066 Societati
1138 1031 1251 1065 voto
1296 1036 1398 1065 sese
1447 1025 1789 1069 astrinxerunt;
1831 1023 1997 1074 reliqui

365 1105 547 1134 summo
575 1096 727 1136 studio
755 1108 809 1136 eo
837 1096 1137 1147 contendunt,
1170 1108 1264 1136 non
1293 1096 1507 1136 destituri
1533 1096 1580 1136 ni
1613 1096 1711 1135 voti
1745 1094 1995 1146 aliquando

366 1172 606 1217 compotes
627 1167 777 1207 effecti
799 1168 998 1208 caeteris
1019 1168 1326 1208 associentur.
1349 1166 1475 1207 Idem
1496 1166 1545 1206 Ρ.
1573 1167 1826 1207 vehemens
1856 1166 1998 1217 quod-

366 1235 473 1276 dam
495 1236 750 1290 dissidium,
782 1239 901 1280 inter
922 1239 1037 1280 duos
1064 1240 1273 1291 legitimo
1302 1239 1438 1281 thoro
1456 1238 1642 1290 junctos
1671 1244 1848 1287 natum,
1881 1237 1998 1277 dire-

366 1308 463 1359 mit,
482 1310 605 1360 quod
626 1311 783 1361 plures
804 1311 978 1352 diversi
1000 1311 1176 1351 ordinis
1204 1311 1411 1362 religiosi
1433 1311 1622 1362 saepius
1650 1310 1825 1350 frustra
1852 1315 1998 1349 tenta-

366 1385 486 1419 rant.
510 1380 635 1421 Idem
656 1382 851 1433 singulis
871 1382 1176 1423 hebdomadis
1197 1389 1378 1434 partem
1399 1383 1604 1434 aliquam
1625 1381 1866 1422 doctrinae
1882 1380 1999 1420 chri-

367 1451 789 1503 stianaejuventuti
811 1461 1000 1495 nostrae
1023 1455 1234 1506 exponit,
1258 1454 1562 1506 eamdemque
1582 1452 1842 1505 praefinitis
1870 1451 2000 1491 horis

366 1522 551 1573 singulo
573 1536 756 1575 quoque
779 1525 851 1565 die
873 1537 899 1565 a
921 1525 1117 1576 singulis
1145 1526 1403 1577 quibusque
1425 1525 1652 1576 reposcit3
1685 1536 1742 1563 ex
1775 1535 1865 1575 quo
1888 1533 2001 1562 sane

366 1592 544 1634 fructus
578 1606 673 1634 non
707 1596 1015 1647 poenitendus
1047 1597 1093 1636 in
1123 1596 1348 1648 Juvenum
1390 1596 1572 1636 animos
1613 1595 1855 1635 redundat.
1898 1593 2002 1633 Hoc

366 1676 509 1704 unum
538 1665 658 1719 inter
693 1674 880 1707 caetera
909 1668 1045 1708 unice
1079 1668 1338 1719 suspiciunt
1368 1667 1515 1717 multi,
1546 1667 1766 1719 puerulos
1794 1664 2002 1705 tantillos

366 1743 769 1778 sacramentorum
805 1750 859 1778 ac
889 1744 1250 1790 praeceptorum
1291 1738 1606 1790 cognitionem
1636 1736 1750 1777 adeo
1785 1741 2002 1776 exactam

365 1806 424 1846 ad
444 1818 649 1858 unguem
663 1809 851 1850 habere.

445 1879 498 1920 R.
519 1880 567 1920 P.
590 1880 808 1921 Andreas
830 1880 858 1930 ⁵,
882 1882 1083 1933 plurima
1103 1881 1402 1922 sacerdotum
1423 1893 1478 1921 ac
1496 1880 1774 1921 clericorum
1790 1879 2003 1930 frequen-

367 1952 444 2002 tia,
471 1964 608 1992 casus
626 1953 941 1993 conscientiae
957 1959 1232 2005 persecutus
1253 1959 1335 2003 est,
1362 1964 1528 1992 verum
1545 1950 1642 2003 jam
1660 1951 1716 1991 ob
1734 1950 2004 1991 intensioris

369 2024 612 2064 caniculae
634 2030 791 2064 aestus
813 2024 934 2064 hanc
955 2025 1203 2065 lectionem
1222 2024 1281 2064 ad
1301 2030 1484 2075 tempus
1504 2023 1768 2063 intermisit.

448 2094 500 2135 R.
526 2095 572 2135 P.
600 2094 845 2136 Salmeron
864 2096 1103 2147 lectiones,
1127 2108 1153 2135 a
1176 2095 1357 2147 quibus,
1388 2095 1445 2135 ob
1469 2094 1718 2134 conciones
1746 2093 2003 2145 quadrage-

369 2167 572 2218 simales,
597 2168 904 2219 supersedere
920 2173 1112 2208 coactus
1129 2166 1295 2217 fuerat,
1316 2166 1444 2206 feriis
1460 2165 1807 2206 Pentecostaeis
1825 2175 2004 2204 summa

368 2238 676 2289 plurimorum
704 2239 1030 2290 expectatione
1058 2238 1323 2289 resumpsit.
1356 2237 1675 2288 Porroiquam
1705 2242 1841 2287 grata
1871 2234 1929 2275 sit
1951 2246 2006 2274 ea

369 2310 507 2350 lectio
530 2321 762 2362 quamque
782 2310 1002 2362 frequens
1033 2309 1175 2350 totius
1197 2309 1403 2349 civitatis
1431 2309 1708 2360 optimatum
1738 2307 1796 2347 ad
1824 2318 1927 2346 eam
1948 2306 2005 2346 sit

372 2392 643 2431 concursus,
669 2380 867 2433 denique
890 2392 1029 2433 quam
1050 2381 1200 2420 laetus
1220 2380 1327 2420 inde
1349 2379 1528 2420 fructus
1556 2384 1754 2428 emanet,
1786 2378 2010 2430 quoniam

371 2452 487 2492 alias
505 2452 680 2492 dictum
701 2458 784 2504 est,
808 2464 932 2492 nunc
955 2451 1207 2503 prudentes
1228 2451 1552 2503 praeterimus.
1573 2450 1675 2490 Hoc
1692 2461 1834 2489 unum
1850 2455 2007 2489 tamen

372 2523 513 2574 addo;
544 2523 826 2564 auditorium
854 2529 898 2563 et
925 2534 1120 2563 numero
1142 2529 1186 2563 et
1215 2523 1500 2563 authoritate
1521 2522 1567 2561 in
1598 2520 1696 2561 dies
1718 2531 2004 2561 accrescere.

372 2594 499 2635 Idem
515 2594 564 2634 P.
582 2595 815 2646 insignem
833 2594 1109 2635 concionem
1126 2605 1288 2634 coram
1304 2593 1437 2634 Rmo.
1458 2602 1502 2633 et
1518 2593 1661 2633 Illmo.
1681 2591 1738 2631 D.
1759 2590 2010 2632 cardinale

375 2665 580 2717 Prorege
598 2664 612 2684 ⁴
632 2666 813 2716 habuit,
838 2666 915 2717 qui
931 2665 1105 2717 partim
1126 2677 1181 2705 ea
1210 2676 1353 2705 causa
1379 2669 1639 2716 permotus,
1670 2663 1841 2714 partim
1870 2661 2013 2701 etiam

376 2737 568 2788 antiqua
589 2737 934 2778 necessitudine
953 2736 1003 2777 Ρ.
1034 2735 1320 2777 Salmeronis
1352 2735 1597 2776 devinctus
1625 2734 1741 2774 adeo
1776 2733 2015 2784 impendio

433 2923 441 2942 ¹
483 2922 630 2955 joannes
647 2921 851 2949 Franciscus
866 2920 1017 2948 Araldus
1030 2924 1063 2948 et
1078 2919 1240 2948 Nicolaus
1255 2919 1471 2947 Paradensis.
1487 2919 1574 2946 Vide
1593 2918 1753 2952 Pomm-1,
1771 2917 1905 2950 Cltron„
1927 2922 1948 2943 t.
1964 2924 2016 2949 ιιι,

378 2977 455 3004 pag.
473 2970 534 3001 170,
551 2977 582 2996 n.
597 2969 659 2996 355.

433 3017 446 3036 2
484 3017 517 3044 P.
533 3017 679 3050 Joannes
696 3016 900 3043 Franciscus
916 3015 1085 3049 Araldus.l

433 3064 447 3083 3
485 3064 520 3091 P.
540 3065 695 3091 Andreas
707 3064 746 3090 de
763 3063 903 3098 Oviedo,
919 3062 1060 3097 Collegii
1076 3062 1211 3091 Rector.

433 3113 449 3133 ⁴
486 3112 605 3139 Petrus
620 3111 785 3139 Pacheco.
