2168 3437
906 263 986 299 Ax.
1018 263 1108 299 1553
1747 259 1810 296 2s1

178 359 273 399 trix
295 358 559 398 animarum
579 364 718 410 atque
740 359 966 410 plurimas
988 365 1230 399 matronas
1248 359 1373 411 capit
1391 371 1445 399 ac
1462 359 1508 399 in
1526 359 1699 401 Christi
1723 358 1814 398 Do-

178 429 290 470 mini
316 435 414 469 rete
441 429 630 470 inducit.
659 430 781 470 Huic
808 437 909 470 erat
936 430 1126 480 ancilla,
1158 431 1233 470 cui
1260 431 1446 481 quidem
1480 432 1593 471 nihil
1620 439 1715 473 tam
1743 445 1814 473 ar-

179 500 322 540 duum
338 506 383 540 et
399 501 646 540 molestum
663 508 762 540 erat
780 512 919 551 quam
936 502 1284 552 eleemosynam
1301 502 1494 552 elargiri
1510 504 1809 555 pauperibus,

179 571 393 622 quamvis
414 571 460 611 id
481 582 622 622 agere
644 571 730 611 sibi
750 571 870 611 foret
895 572 1253 622 praescriptum.
1283 572 1346 612 At
1373 572 1511 613 modo
1540 581 1665 614 certe
1696 576 1814 616 adeo

177 648 356 682 mutata
373 649 457 692 est,
478 648 523 682 et
540 642 664 682 omni
682 642 825 681 animi
840 642 1076 693 pravitate
1093 649 1248 693 exuta,
1263 650 1313 683 ut
1331 644 1442 684 illud
1458 656 1602 685 unum
1625 652 1814 697 expetat

177 719 221 752 et
241 713 532 764 propositum
552 713 672 752 inter
692 719 878 753 caetera
900 712 1090 761 habeat,
1115 713 1232 753 bene
1249 715 1417 754 mereri
1436 715 1491 754 de
1509 718 1808 767 pauperibus,

176 784 333 834 eisque
355 784 481 823 omni
502 783 732 823 charitate
753 784 997 824 inservire.
1022 783 1214 824 Necnon
1236 785 1425 825 assidua
1445 787 1739 828 confessione
1757 800 1813 828 ac

178 865 291 894 vero
310 855 585 905 angelorum
602 866 723 905 pane
736 854 1050 894 inflammatur
1063 854 1122 893 ad
1134 855 1321 905 pietatis
1335 856 1504 896 studia.
1522 857 1810 899 Commemo-

177 932 307 965 ratus
329 925 440 965 item
459 925 794 977 paterfamilias
815 925 1155 965 studiosissime
1176 926 1372 966 inservit
1395 929 1716 977 proximorum
1740 942 1811 970 sa-

176 997 271 1036 luti.
296 995 414 1036 Nam
436 1002 565 1036 arcet
585 996 797 1036 homines
819 996 1043 1047 cuiusque
1065 996 1241 1037 ordinis
1263 997 1320 1036 ab
1342 999 1467 1037 omni
1498 999 1813 1051 improbitate,

174 1067 400 1118 nobisque
423 1067 611 1107 adducit
631 1066 691 1106 ad
713 1066 1021 1107 confessionis
1043 1069 1227 1118 asylum
1248 1074 1293 1107 et
1316 1068 1461 1108 vitam
1483 1070 1810 1111 christianam.

174 1137 250 1178 Ad
271 1139 387 1177 haec
413 1149 500 1177 nos
530 1144 773 1189 tantopere
802 1138 953 1189 diligit
984 1138 1245 1189 charosque
1273 1139 1433 1185 habet,
1465 1147 1513 1179 ut
1542 1153 1702 1191 parem
1734 1149 1814 1182 aut

176 1208 296 1248 forte
331 1209 558 1248 maiorem
593 1209 826 1249 rationem
859 1220 1018 1249 rerum
1052 1216 1320 1249 nostrarum
1356 1210 1526 1250 habeat
1563 1223 1703 1262 quam
1732 1225 1817 1252 nos

178 1280 280 1331 ipsi.
304 1279 355 1320 In
375 1291 463 1319 nos
486 1281 626 1320 etiam
646 1291 820 1331 magna
852 1280 1033 1320 confert
1060 1280 1306 1331 beneficia,
1340 1288 1383 1321 et
1411 1282 1457 1321 in
1490 1283 1650 1332 primis
1680 1284 1816 1324 vehe-

177 1356 356 1391 menter
377 1350 613 1391 contendit
635 1352 768 1391 nobis
789 1363 958 1402 parare
980 1353 1135 1392 locum
1157 1359 1316 1403 aptum
1339 1353 1527 1401 scholis,
1553 1353 1690 1406 idque
1710 1367 1814 1406 pro-

175 1421 296 1462 fecto
319 1422 445 1461 omni
466 1434 550 1462 sua
572 1434 659 1473 ope
681 1428 877 1462 conatus
898 1428 982 1462 est.
1006 1422 1132 1462 idem
1148 1422 1233 1462 fuit
1251 1423 1435 1469 author,
1459 1431 1506 1464 ut
1523 1424 1634 1465 Dux
1650 1426 1813 1466 Ferra—

175 1492 272 1532 riae
294 1493 516 1533 adiiceret
539 1493 879 1544 quinquaginta
902 1505 1071 1533 aureos
1101 1494 1350 1545 quotannis
1378 1495 1486 1535 huic
1515 1497 1736 1547 collegio;
1771 1504 1815 1537 et

176 1564 283 1604 licet
304 1563 350 1604 id
371 1564 622 1615 impetratu
644 1564 780 1604 facile
802 1571 939 1615 esset,
964 1565 1134 1616 quippe
1156 1577 1262 1605 cum
1282 1565 1413 1605 Duce
1434 1566 1680 1607 Ferrariae
1699 1568 1817 1608 bene

178 1634 372 1674 affectus
393 1642 515 1675 esset
536 1646 651 1685 erga
681 1634 986 1686 Societatem,
1012 1643 1169 1676 tamen
1190 1636 1236 1675 in
1264 1637 1353 1676 hac
1377 1649 1425 1676 re
1447 1638 1651 1678 cernitur
1674 1651 1815 1679 verus

175 1717 306 1745 amor
323 1712 366 1745 et
382 1705 609 1746 industria
626 1706 762 1746 huius
782 1706 884 1757 Viri,
905 1706 979 1745 cui
992 1718 1170 1746 summe
1187 1718 1347 1747 sumus
1366 1707 1587 1748 devincti.
1608 1708 1664 1748 D.
1686 1709 1814 1749 Deus

176 1788 261 1828 pro
282 1782 349 1817 tot
372 1770 606 1829 tantisque
629 1778 675 1817 in
695 1789 782 1817 nos
804 1777 981 1817 meritis
1002 1778 1207 1828 gratiam
1229 1778 1415 1818 referat.

254 1847 521 1888 Cernuntur
548 1855 591 1888 et
618 1848 843 1888 beneficia
872 1849 1017 1889 divini
1046 1849 1237 1900 spiritus
1265 1849 1312 1889 in
1343 1850 1636 1890 multitudine
1667 1851 1813 1890 cuius-

175 1930 262 1968 que
283 1924 447 1969 status,
472 1920 551 1970 qui
566 1919 704 1959 modo
727 1919 969 1960 salutifera
991 1920 1300 1960 confessionis
1321 1927 1366 1960 et
1394 1921 1719 1961 Eucharistiae
1743 1933 1812 1961 sa-

176 1995 416 2029 cramenta
438 1991 689 2039 celebrant,
714 1990 838 2041 quod
859 1991 1045 2041 quidem
1061 1990 1286 2042 incipere.
1313 1991 1370 2030 ob
1393 1992 1551 2031 mundi
1572 1992 1813 2043 pudorem,

174 2059 311 2100 valde
327 2060 411 2100 fuit
433 2061 630 2101 arduum
648 2067 691 2101 et
708 2060 904 2101 difficile.
924 2061 989 2102 At
1007 2062 1228 2113 quicquid
1245 2062 1431 2102 divinus
1455 2063 1644 2114 spiritus
1667 2062 1809 2109 afflat,

173 2131 280 2170 inde
303 2139 492 2183 repente
514 2132 642 2183 pellit
668 2144 853 2172 omnem
881 2132 1094 2173 timorem
1122 2133 1336 2173 inanem:
1367 2145 1624 2173 concursus
1655 2134 1812 2186 itaque

176 2202 428 2252 hominum,
454 2203 622 2254 quibus
651 2203 877 2254 quotidie,
911 2202 1083 2243 nedum
1112 2203 1273 2243 diebus
1302 2204 1454 2254 festis,
1488 2211 1652 2244 sancta
1682 2205 1812 2245 mini·

180 2278 391 2313 strantur
412 2281 722 2323 sacramenta,
744 2280 902 2315 tantus
920 2280 1005 2326 est,
1024 2281 1074 2315 ut
1092 2275 1147 2315 iis
1165 2275 1439 2316 satisfacere
1454 2287 1547 2315 non
1563 2276 1810 2327 possimus.

179 2343 333 2395 Atque
373 2344 411 2384 si
446 2344 492 2384 in
529 2345 894 2396 quadragesima
931 2347 1194 2397 complures
1228 2346 1424 2386 fuissent
1445 2379 1452 2397 ,
1491 2354 1676 2398 praeter
1710 2359 1811 2397 nos,

177 2415 467 2465 sacerdotes,
493 2415 568 2466 qui
590 2415 678 2455 hoc
707 2416 1016 2457 confessionis
1038 2428 1207 2457 munus
1228 2418 1452 2466 subirent,
1477 2429 1530 2457 eo
1560 2429 1673 2457 sane
1703 2417 1810 2457 fuis-

177 2491 281 2524 sent
302 2485 500 2536 singulis
521 2486 684 2525 diebus
705 2487 819 2526 satis
848 2488 1080 2539 occupati.
1110 2488 1230 2528 Nam
1261 2494 1392 2528 tanta
1419 2495 1520 2528 erat
1548 2488 1812 2539 frequentia

176 2567 353 2606 eorum,
378 2556 456 2607 qui
476 2556 536 2596 ad
556 2556 901 2598 confessionem
927 2559 1216 2609 advenirent,
1242 2566 1290 2599 ut
1320 2560 1400 2599 vix
1428 2559 1646 2599 Patribus
1671 2571 1811 2599 vaca-

174 2632 244 2666 ret
264 2638 448 2667 sumere
468 2629 737 2668 necessaria
758 2630 959 2680 corpori,
984 2641 1039 2670 ac
1056 2631 1187 2670 multi
1210 2638 1491 2681 cogerentur
1507 2630 1683 2670 reverti
1705 2643 1811 2670 cum

175 2711 201 2737 a
224 2698 438 2738 Patribus
459 2699 610 2739 audiri
636 2711 731 2739 non
758 2707 961 2751 possent.
993 2700 1147 2753 Atque
1175 2714 1233 2741 ex
1258 2702 1351 2751 his,
1382 2702 1460 2752 qui
1487 2713 1514 2741 a
1541 2701 1673 2742 nobis
1704 2709 1813 2742 sunt

174 2769 333 2820 auditi,
369 2769 557 2810 fuerunt
593 2771 804 2810 homines
838 2772 1056 2812 honorati
1091 2785 1145 2813 ac
1181 2773 1228 2812 in
1257 2773 1428 2812 mundo
1464 2773 1656 2823 nobiles,
1691 2773 1813 2813 inter

175 2852 291 2891 quos
313 2840 534 2881 Vicarius
553 2841 789 2893 Episcopi,
809 2842 888 2893 qui
904 2842 963 2882 ad
978 2855 1063 2883 nos
1080 2856 1220 2895 saepe
1236 2843 1391 2895 gratia
1409 2843 1717 2884 confessionis
1734 2856 1811 2884 Ve-

173 2911 256 2951 nit.
273 2910 478 2963 Plurimi,
496 2924 612 2964 quos
625 2913 811 2964 quidem
829 2914 1143 2955 conscientiae
1157 2914 1396 2955 maleficiis
1413 2914 1613 2955 refertae
1632 2916 1811 2956 crucia-

174 2982 301 3028 bant,
340 2993 551 3034 quaeque
584 2983 731 3023 hostis
759 2983 923 3024 fraude
945 2997 1038 3024 non
1060 2991 1342 3025 exoneratae
1370 2984 1556 3025 fuerant
1586 2997 1810 3037 unquam,

175 3053 300 3103 apud
320 3065 406 3093 nos
425 3054 635 3104 generali
657 3054 949 3095 confessione
971 3056 1205 3107 confecta,
1231 3067 1286 3095 ac
1308 3055 1463 3095 multis
1486 3056 1658 3097 doloris
1681 3064 1724 3097 et
1746 3058 1812 3096 lu-
