<?xml version="1.0" encoding="UTF-8"?>
<!DOCTYPE html PUBLIC "-//W3C//DTD XHTML 1.0 Transitional//EN"
    "http://www.w3.org/TR/xhtml1/DTD/xhtml1-transitional.dtd">
<html xmlns="http://www.w3.org/1999/xhtml" xml:lang="en" lang="en">
 <head>
  <title>
</title>
<meta http-equiv="Content-Type" content="text/html;charset=utf-8" />
  <meta name='ocr-system' content='tesseract 3.04.00' />
  <meta name='ocr-capabilities' content='ocr_page ocr_carea ocr_par ocr_line ocrx_word'/>
</head>
<body>
  <div class='ocr_page' id='page_1' title='image "./litteraequadrime1402lain_0241.png"; bbox 0 0 2168 3437; ppageno 0'>
   <div class='ocr_carea' id='block_1_1' title="bbox 877 253 1805 291">
    <p class='ocr_par' dir='ltr' id='par_1_1' title="bbox 877 253 1805 291">
     <span class='ocr_line' id='line_1_1' title="bbox 877 253 1805 291; baseline 0.001 -1"><span class='ocrx_word' id='word_1_1' title='bbox 877 253 961 290; x_wconf 82' lang='grc' dir='ltr'><strong>ΑΝ.</strong></span> <span class='ocrx_word' id='word_1_2' title='bbox 993 254 1085 291; x_wconf 76' lang='lat'>1553</span> <span class='ocrx_word' id='word_1_3' title='bbox 1733 254 1805 291; x_wconf 80' lang='lat'><strong>237</strong></span> 
     </span>
    </p>
   </div>
   <div class='ocr_carea' id='block_1_2' title="bbox 161 349 1808 2106">
    <p class='ocr_par' dir='ltr' id='par_1_2' title="bbox 162 349 1807 968">
     <span class='ocr_line' id='line_1_2' title="bbox 163 349 1803 402; baseline 0 -12"><span class='ocrx_word' id='word_1_4' title='bbox 163 350 252 390; x_wconf 86' lang='lat' dir='ltr'><strong>dos</strong></span> <span class='ocrx_word' id='word_1_5' title='bbox 273 349 459 390; x_wconf 89' lang='lat' dir='ltr'><strong>labores</strong></span> <span class='ocrx_word' id='word_1_6' title='bbox 480 362 799 402; x_wconf 92' lang='lat' dir='ltr'><strong>quoscumque</strong></span> <span class='ocrx_word' id='word_1_7' title='bbox 819 362 904 402; x_wconf 91' lang='lat' dir='ltr'><strong>pro</strong></span> <span class='ocrx_word' id='word_1_8' title='bbox 935 350 1024 390; x_wconf 90' lang='lat' dir='ltr'><strong>Dei</strong></span> <span class='ocrx_word' id='word_1_9' title='bbox 1049 351 1216 401; x_wconf 83' lang='lat' dir='ltr'><strong>gloria.</strong></span> <span class='ocrx_word' id='word_1_10' title='bbox 1249 349 1407 402; x_wconf 85' lang='lat' dir='ltr'>Aliqui</span> <span class='ocrx_word' id='word_1_11' title='bbox 1435 350 1558 390; x_wconf 90' lang='lat' dir='ltr'><strong>enim</strong></span> <span class='ocrx_word' id='word_1_12' title='bbox 1586 362 1646 390; x_wconf 80' lang='lat' dir='ltr'><strong>ex</strong></span> <span class='ocrx_word' id='word_1_13' title='bbox 1674 351 1803 402; x_wconf 86' lang='lat' dir='ltr'><strong>ipsis,</strong></span> 
     </span>
     <span class='ocr_line' id='line_1_3' title="bbox 163 420 1804 473; baseline 0 -12"><span class='ocrx_word' id='word_1_14' title='bbox 163 432 274 461; x_wconf 86' lang='lat' dir='ltr'><strong>cum</strong></span> <span class='ocrx_word' id='word_1_15' title='bbox 304 420 533 462; x_wconf 90' lang='lat' dir='ltr'><strong>diuturnis</strong></span> <span class='ocrx_word' id='word_1_16' title='bbox 568 421 742 462; x_wconf 82' lang='lat' dir='ltr'>morbis</span> <span class='ocrx_word' id='word_1_17' title='bbox 778 421 1053 473; x_wconf 87' lang='lat' dir='ltr'><strong>conflictati,</strong></span> <span class='ocrx_word' id='word_1_18' title='bbox 1090 433 1372 473; x_wconf 88' lang='lat' dir='ltr'><strong>recuperare</strong></span> <span class='ocrx_word' id='word_1_19' title='bbox 1406 422 1454 462; x_wconf 90' lang='lat' dir='ltr'><strong>in</strong></span> <span class='ocrx_word' id='word_1_20' title='bbox 1489 421 1578 461; x_wconf 92' lang='lat' dir='ltr'><strong>hac</strong></span> <span class='ocrx_word' id='word_1_21' title='bbox 1610 421 1804 472; x_wconf 80' lang='lat' dir='ltr'><strong>regione</strong></span> 
     </span>
     <span class='ocr_line' id='line_1_4' title="bbox 164 491 1803 544; baseline 0.001 -13"><span class='ocrx_word' id='word_1_22' title='bbox 164 491 414 543; x_wconf 81' lang='lat' dir='ltr'>pristinam</span> <span class='ocrx_word' id='word_1_23' title='bbox 434 492 751 532; x_wconf 86' lang='lat' dir='ltr'><strong>valetudinem</strong></span> <span class='ocrx_word' id='word_1_24' title='bbox 775 503 870 532; x_wconf 91' lang='lat' dir='ltr'><strong>non</strong></span> <span class='ocrx_word' id='word_1_25' title='bbox 890 497 1123 544; x_wconf 76' lang='lat' dir='ltr'><strong>poterant.</strong></span> <span class='ocrx_word' id='word_1_26' title='bbox 1147 491 1249 543; x_wconf 86' lang='lat' dir='ltr'><strong>Qua</strong></span> <span class='ocrx_word' id='word_1_27' title='bbox 1273 492 1521 532; x_wconf 76' lang='lat' dir='ltr'><strong>occasione</strong></span> <span class='ocrx_word' id='word_1_28' title='bbox 1551 503 1646 532; x_wconf 92' lang='lat' dir='ltr'><strong>non</strong></span> <span class='ocrx_word' id='word_1_29' title='bbox 1668 491 1803 532; x_wconf 91' lang='lat' dir='ltr'><strong>desti-</strong></span> 
     </span>
     <span class='ocr_line' id='line_1_5' title="bbox 166 562 1805 614; baseline 0 -11"><span class='ocrx_word' id='word_1_30' title='bbox 166 568 323 603; x_wconf 86' lang='lat' dir='ltr'><strong>terunt</strong></span> <span class='ocrx_word' id='word_1_31' title='bbox 344 574 370 602; x_wconf 90' lang='lat' dir='ltr'><strong>a</strong></span> <span class='ocrx_word' id='word_1_32' title='bbox 393 562 446 603; x_wconf 89' lang='lat' dir='ltr'><strong>R.</strong></span> <span class='ocrx_word' id='word_1_33' title='bbox 471 563 520 603; x_wconf 89' lang='grc' dir='ltr'><strong>Ρ.</strong></span> <span class='ocrx_word' id='word_1_34' title='bbox 544 562 753 603; x_wconf 92' lang='lat' dir='ltr'><strong>Doctore</strong></span> <span class='ocrx_word' id='word_1_35' title='bbox 775 563 915 603; x_wconf 92' lang='lat' dir='ltr'><strong>etiam</strong></span> <span class='ocrx_word' id='word_1_36' title='bbox 937 568 1076 614; x_wconf 91' lang='lat' dir='ltr'><strong>atque</strong></span> <span class='ocrx_word' id='word_1_37' title='bbox 1098 563 1238 603; x_wconf 86' lang='lat' dir='ltr'><strong>etiam</strong></span> <span class='ocrx_word' id='word_1_38' title='bbox 1258 569 1416 614; x_wconf 88' lang='lat' dir='ltr'><strong>petere</strong></span> <span class='ocrx_word' id='word_1_39' title='bbox 1437 569 1486 603; x_wconf 90' lang='lat' dir='ltr'><strong>ut</strong></span> <span class='ocrx_word' id='word_1_40' title='bbox 1507 575 1587 603; x_wconf 92' lang='lat' dir='ltr'><strong>eos</strong></span> <span class='ocrx_word' id='word_1_41' title='bbox 1613 563 1673 603; x_wconf 90' lang='lat' dir='ltr'><strong>ad</strong></span> <span class='ocrx_word' id='word_1_42' title='bbox 1693 563 1805 603; x_wconf 81' lang='lat' dir='ltr'><strong>Bra-</strong></span> 
     </span>
     <span class='ocr_line' id='line_1_6' title="bbox 165 632 1806 685; baseline 0 -12"><span class='ocrx_word' id='word_1_43' title='bbox 165 633 321 674; x_wconf 90' lang='lat' dir='ltr'><strong>siliam</strong></span> <span class='ocrx_word' id='word_1_44' title='bbox 352 634 577 684; x_wconf 89' lang='lat' dir='ltr'><strong>mitteret,</strong></span> <span class='ocrx_word' id='word_1_45' title='bbox 615 633 694 674; x_wconf 93' lang='lat' dir='ltr'><strong>ubi</strong></span> <span class='ocrx_word' id='word_1_46' title='bbox 729 641 854 674; x_wconf 89' lang='lat' dir='ltr'><strong>certe</strong></span> <span class='ocrx_word' id='word_1_47' title='bbox 889 632 1112 673; x_wconf 82' lang='lat' dir='ltr'><strong>docendis</strong></span> <span class='ocrx_word' id='word_1_48' title='bbox 1147 639 1284 684; x_wconf 88' lang='lat' dir='ltr'><strong>atque</strong></span> <span class='ocrx_word' id='word_1_49' title='bbox 1318 633 1614 674; x_wconf 77' lang='lat' dir='ltr'><strong>instituendis</strong></span> <span class='ocrx_word' id='word_1_50' title='bbox 1647 633 1806 685; x_wconf 92' lang='lat' dir='ltr'><strong>pueris</strong></span> 
     </span>
     <span class='ocr_line' id='line_1_7' title="bbox 165 703 1807 755; baseline 0 -11"><span class='ocrx_word' id='word_1_51' title='bbox 165 705 305 745; x_wconf 89' lang='lat' dir='ltr'><strong>utiles</strong></span> <span class='ocrx_word' id='word_1_52' title='bbox 326 716 427 744; x_wconf 90' lang='lat' dir='ltr'><strong>esse</strong></span> <span class='ocrx_word' id='word_1_53' title='bbox 453 710 684 755; x_wconf 79' lang='lat' dir='ltr'><strong>poterant.</strong></span> <span class='ocrx_word' id='word_1_54' title='bbox 716 703 784 744; x_wconf 93' lang='lat' dir='ltr'><strong>Ne</strong></span> <span class='ocrx_word' id='word_1_55' title='bbox 811 703 982 744; x_wconf 85' lang='lat' dir='ltr'><strong>fratres</strong></span> <span class='ocrx_word' id='word_1_56' title='bbox 1013 703 1201 755; x_wconf 91' lang='lat' dir='ltr'><strong>quidem</strong></span> <span class='ocrx_word' id='word_1_57' title='bbox 1230 704 1307 743; x_wconf 90' lang='lat' dir='ltr'><strong>alii</strong></span> <span class='ocrx_word' id='word_1_58' title='bbox 1335 704 1488 744; x_wconf 89' lang='lat' dir='ltr'><strong>minus</strong></span> <span class='ocrx_word' id='word_1_59' title='bbox 1517 704 1606 744; x_wconf 90' lang='lat' dir='ltr'><strong>hoc</strong></span> <span class='ocrx_word' id='word_1_60' title='bbox 1634 703 1807 755; x_wconf 81' lang='lat' dir='ltr'><strong>effiagi-</strong></span> 
     </span>
     <span class='ocr_line' id='line_1_8' title="bbox 165 774 1807 827; baseline 0 -12"><span class='ocrx_word' id='word_1_61' title='bbox 165 775 350 825; x_wconf 78' lang='lat' dir='ltr'><strong>tabant3</strong></span> <span class='ocrx_word' id='word_1_62' title='bbox 375 775 454 826; x_wconf 93' lang='lat' dir='ltr'><strong>qui</strong></span> <span class='ocrx_word' id='word_1_63' title='bbox 474 775 683 827; x_wconf 87' lang='lat' dir='ltr'><strong>plerique</strong></span> <span class='ocrx_word' id='word_1_64' title='bbox 711 786 874 815; x_wconf 90' lang='lat' dir='ltr'><strong>omnes</strong></span> <span class='ocrx_word' id='word_1_65' title='bbox 903 774 1159 826; x_wconf 82' lang='lat' dir='ltr'><strong>lachrymis</strong></span> <span class='ocrx_word' id='word_1_66' title='bbox 1190 785 1414 825; x_wconf 83' lang='lat' dir='ltr'><strong>magnum</strong></span> <span class='ocrx_word' id='word_1_67' title='bbox 1443 775 1706 815; x_wconf 89' lang='lat' dir='ltr'><strong>animorum</strong></span> <span class='ocrx_word' id='word_1_68' title='bbox 1738 787 1807 815; x_wconf 91' lang='lat' dir='ltr'><strong>ar-</strong></span> 
     </span>
     <span class='ocr_line' id='line_1_9' title="bbox 165 846 1806 897; baseline 0 -11"><span class='ocrx_word' id='word_1_69' title='bbox 165 846 329 886; x_wconf 88' lang='lat' dir='ltr'><strong>dorem</strong></span> <span class='ocrx_word' id='word_1_70' title='bbox 351 846 674 897; x_wconf 88' lang='lat' dir='ltr'><strong>declararunt;</strong></span> <span class='ocrx_word' id='word_1_71' title='bbox 705 846 807 896; x_wconf 91' lang='lat' dir='ltr'><strong>sed,</strong></span> <span class='ocrx_word' id='word_1_72' title='bbox 832 846 1036 886; x_wconf 90' lang='lat' dir='ltr'><strong>Domino</strong></span> <span class='ocrx_word' id='word_1_73' title='bbox 1058 846 1122 886; x_wconf 90' lang='lat' dir='ltr'><strong>ita</strong></span> <span class='ocrx_word' id='word_1_74' title='bbox 1152 846 1360 896; x_wconf 80' lang='lat' dir='ltr'><strong>volente,</strong></span> <span class='ocrx_word' id='word_1_75' title='bbox 1395 846 1473 885; x_wconf 88' lang='lat' dir='ltr'><strong>alii</strong></span> <span class='ocrx_word' id='word_1_76' title='bbox 1500 852 1806 887; x_wconf 76' lang='lat' dir='ltr'><strong>reservantur</strong></span> 
     </span>
     <span class='ocr_line' id='line_1_10' title="bbox 162 918 382 968; baseline -0.005 -11"><span class='ocrx_word' id='word_1_77' title='bbox 162 918 382 968; x_wconf 84' lang='lat' dir='ltr'><strong>tempori.</strong></span> 
     </span>
    </p>

    <p class='ocr_par' dir='ltr' id='par_1_3' title="bbox 162 987 1808 1537">
     <span class='ocr_line' id='line_1_11' title="bbox 245 987 1808 1039; baseline -0.001 -11"><span class='ocrx_word' id='word_1_78' title='bbox 245 988 296 1028; x_wconf 92' lang='lat' dir='ltr'><strong>In</strong></span> <span class='ocrx_word' id='word_1_79' title='bbox 316 993 585 1029; x_wconf 89' lang='lat' dir='ltr'><strong>nostrorum</strong></span> <span class='ocrx_word' id='word_1_80' title='bbox 606 1000 852 1029; x_wconf 92' lang='lat' dir='ltr'><strong>numerum</strong></span> <span class='ocrx_word' id='word_1_81' title='bbox 872 995 1073 1039; x_wconf 89' lang='lat' dir='ltr'><strong>quatuor</strong></span> <span class='ocrx_word' id='word_1_82' title='bbox 1095 987 1366 1028; x_wconf 84' lang='lat' dir='ltr'><strong>scholastici</strong></span> <span class='ocrx_word' id='word_1_83' title='bbox 1386 993 1493 1027; x_wconf 91' lang='lat' dir='ltr'><strong>sunt</strong></span> <span class='ocrx_word' id='word_1_84' title='bbox 1513 988 1704 1039; x_wconf 85' lang='lat' dir='ltr'><strong>recepti,</strong></span> <span class='ocrx_word' id='word_1_85' title='bbox 1730 988 1808 1039; x_wconf 91' lang='lat' dir='ltr'><strong>qui</strong></span> 
     </span>
     <span class='ocr_line' id='line_1_12' title="bbox 162 1058 1802 1111; baseline 0 -13"><span class='ocrx_word' id='word_1_86' title='bbox 162 1059 391 1110; x_wconf 82' lang='lat' dir='ltr'><strong>optimam</strong></span> <span class='ocrx_word' id='word_1_87' title='bbox 413 1059 468 1099; x_wconf 93' lang='lat' dir='ltr'><strong>de</strong></span> <span class='ocrx_word' id='word_1_88' title='bbox 490 1071 540 1099; x_wconf 90' lang='lat' dir='ltr'><strong>se</strong></span> <span class='ocrx_word' id='word_1_89' title='bbox 567 1071 698 1111; x_wconf 90' lang='lat' dir='ltr'><strong>spem</strong></span> <span class='ocrx_word' id='word_1_90' title='bbox 725 1060 1012 1110; x_wconf 84' lang='lat' dir='ltr'><strong>excitarunt,</strong></span> <span class='ocrx_word' id='word_1_91' title='bbox 1043 1070 1242 1111; x_wconf 90' lang='lat' dir='ltr'><strong>quorum</strong></span> <span class='ocrx_word' id='word_1_92' title='bbox 1270 1070 1389 1098; x_wconf 88' lang='lat' dir='ltr'><strong>unus</strong></span> <span class='ocrx_word' id='word_1_93' title='bbox 1418 1064 1487 1098; x_wconf 91' lang='lat' dir='ltr'><strong>est</strong></span> <span class='ocrx_word' id='word_1_94' title='bbox 1515 1058 1802 1109; x_wconf 89' lang='lat' dir='ltr'><strong>dialecticus,</strong></span> 
     </span>
     <span class='ocr_line' id='line_1_13' title="bbox 163 1129 1804 1183; baseline 0 -14"><span class='ocrx_word' id='word_1_95' title='bbox 163 1130 283 1170; x_wconf 90' lang='lat' dir='ltr'><strong>alter</strong></span> <span class='ocrx_word' id='word_1_96' title='bbox 305 1129 571 1181; x_wconf 85' lang='lat' dir='ltr'><strong>theologus:</strong></span> <span class='ocrx_word' id='word_1_97' title='bbox 596 1131 634 1171; x_wconf 92' lang='lat' dir='ltr'><strong>is</strong></span> <span class='ocrx_word' id='word_1_98' title='bbox 657 1142 782 1183; x_wconf 92' lang='lat' dir='ltr'><strong>cum,</strong></span> <span class='ocrx_word' id='word_1_99' title='bbox 809 1143 866 1171; x_wconf 76' lang='lat' dir='ltr'><strong>ex</strong></span> <span class='ocrx_word' id='word_1_100' title='bbox 887 1131 1032 1171; x_wconf 92' lang='lat' dir='ltr'><strong>multo</strong></span> <span class='ocrx_word' id='word_1_101' title='bbox 1054 1137 1279 1182; x_wconf 90' lang='lat' dir='ltr'><strong>tempore,</strong></span> <span class='ocrx_word' id='word_1_102' title='bbox 1303 1129 1429 1169; x_wconf 87' lang='lat' dir='ltr'><strong>vitae</strong></span> <span class='ocrx_word' id='word_1_103' title='bbox 1452 1135 1641 1169; x_wconf 90' lang='lat' dir='ltr'><strong>nostrae</strong></span> <span class='ocrx_word' id='word_1_104' title='bbox 1663 1129 1804 1170; x_wconf 88' lang='lat' dir='ltr'><strong>ratio-</strong></span> 
     </span>
     <span class='ocr_line' id='line_1_14' title="bbox 163 1199 1806 1252; baseline -0.001 -12"><span class='ocrx_word' id='word_1_105' title='bbox 163 1212 272 1241; x_wconf 89' lang='lat' dir='ltr'><strong>nem</strong></span> <span class='ocrx_word' id='word_1_106' title='bbox 294 1201 511 1252; x_wconf 89' lang='lat' dir='ltr'><strong>amplecti</strong></span> <span class='ocrx_word' id='word_1_107' title='bbox 532 1201 771 1242; x_wconf 90' lang='lat' dir='ltr'><strong>statuisset</strong></span> <span class='ocrx_word' id='word_1_108' title='bbox 792 1201 1098 1252; x_wconf 88' lang='lat' dir='ltr'><strong>incidisetque</strong></span> <span class='ocrx_word' id='word_1_109' title='bbox 1120 1201 1166 1241; x_wconf 92' lang='lat' dir='ltr'><strong>in</strong></span> <span class='ocrx_word' id='word_1_110' title='bbox 1188 1200 1458 1252; x_wconf 85' lang='lat' dir='ltr'><strong>quemdam,</strong></span> <span class='ocrx_word' id='word_1_111' title='bbox 1483 1200 1562 1252; x_wconf 91' lang='lat' dir='ltr'><strong>qui</strong></span> <span class='ocrx_word' id='word_1_112' title='bbox 1594 1199 1806 1240; x_wconf 89' lang='lat' dir='ltr'><strong>eamdem</strong></span> 
     </span>
     <span class='ocr_line' id='line_1_15' title="bbox 162 1270 1803 1323; baseline -0.001 -12"><span class='ocrx_word' id='word_1_113' title='bbox 162 1271 438 1323; x_wconf 86' lang='lat' dir='ltr'><strong>reliquerat,</strong></span> <span class='ocrx_word' id='word_1_114' title='bbox 463 1284 655 1312; x_wconf 89' lang='lat' dir='ltr'><strong>causam</strong></span> <span class='ocrx_word' id='word_1_115' title='bbox 677 1273 938 1323; x_wconf 81' lang='lat' dir='ltr'><strong>interrogat</strong></span> <span class='ocrx_word' id='word_1_116' title='bbox 958 1272 1124 1313; x_wconf 90' lang='lat' dir='ltr'><strong>mutati</strong></span> <span class='ocrx_word' id='word_1_117' title='bbox 1146 1271 1343 1312; x_wconf 90' lang='lat' dir='ltr'><strong>consilii.</strong></span> <span class='ocrx_word' id='word_1_118' title='bbox 1368 1270 1500 1311; x_wconf 87' lang='lat' dir='ltr'><strong>Alter</strong></span> <span class='ocrx_word' id='word_1_119' title='bbox 1522 1271 1677 1311; x_wconf 90' lang='lat' dir='ltr'><strong>dicere</strong></span> <span class='ocrx_word' id='word_1_120' title='bbox 1695 1282 1702 1310; x_wconf 91' lang='lat'>:</span> <span class='ocrx_word' id='word_1_121' title='bbox 1735 1270 1803 1310; x_wconf 87' lang='lat' dir='ltr'><strong>In—</strong></span> 
     </span>
     <span class='ocr_line' id='line_1_16' title="bbox 164 1342 1807 1395; baseline -0.001 -13"><span class='ocrx_word' id='word_1_122' title='bbox 164 1342 409 1382; x_wconf 82' lang='lat' dir='ltr'><strong>tolerabile</strong></span> <span class='ocrx_word' id='word_1_123' title='bbox 430 1343 701 1395; x_wconf 86' lang='lat' dir='ltr'><strong>cumprimis</strong></span> <span class='ocrx_word' id='word_1_124' title='bbox 725 1355 827 1384; x_wconf 87' lang='lat' dir='ltr'><strong>esse</strong></span> <span class='ocrx_word' id='word_1_125' title='bbox 849 1355 954 1383; x_wconf 91' lang='lat' dir='ltr'><strong>cum</strong></span> <span class='ocrx_word' id='word_1_126' title='bbox 974 1343 1047 1383; x_wconf 94' lang='lat' dir='ltr'><strong>his</strong></span> <span class='ocrx_word' id='word_1_127' title='bbox 1070 1343 1251 1393; x_wconf 85' lang='lat' dir='ltr'><strong>Vivere,</strong></span> <span class='ocrx_word' id='word_1_128' title='bbox 1278 1342 1355 1394; x_wconf 88' lang='lat' dir='ltr'><strong>qui</strong></span> <span class='ocrx_word' id='word_1_129' title='bbox 1376 1343 1451 1382; x_wconf 87' lang='lat' dir='ltr'><strong>vel</strong></span> <span class='ocrx_word' id='word_1_130' title='bbox 1473 1342 1672 1382; x_wconf 85' lang='lat' dir='ltr'><strong>invitum</strong></span> <span class='ocrx_word' id='word_1_131' title='bbox 1695 1348 1738 1382; x_wconf 92' lang='lat' dir='ltr'><strong>te</strong></span> <span class='ocrx_word' id='word_1_132' title='bbox 1760 1342 1807 1381; x_wconf 92' lang='lat' dir='ltr'><strong>in</strong></span> 
     </span>
     <span class='ocr_line' id='line_1_17' title="bbox 164 1412 1808 1465; baseline -0.001 -12"><span class='ocrx_word' id='word_1_133' title='bbox 164 1413 310 1453; x_wconf 86' lang='lat' dir='ltr'><strong>alium</strong></span> <span class='ocrx_word' id='word_1_134' title='bbox 330 1413 568 1453; x_wconf 89' lang='lat' dir='ltr'><strong>hominem</strong></span> <span class='ocrx_word' id='word_1_135' title='bbox 587 1420 781 1454; x_wconf 91' lang='lat' dir='ltr'><strong>mutent.</strong></span> <span class='ocrx_word' id='word_1_136' title='bbox 806 1413 940 1465; x_wconf 84' lang='lat' dir='ltr'><strong>Quod</strong></span> <span class='ocrx_word' id='word_1_137' title='bbox 962 1414 1039 1454; x_wconf 92' lang='lat' dir='ltr'><strong>ubi</strong></span> <span class='ocrx_word' id='word_1_138' title='bbox 1061 1413 1255 1463; x_wconf 86' lang='lat' dir='ltr'><strong>audivit,</strong></span> <span class='ocrx_word' id='word_1_139' title='bbox 1280 1412 1433 1464; x_wconf 84' lang='lat' dir='ltr'><strong>magis</strong></span> <span class='ocrx_word' id='word_1_140' title='bbox 1454 1412 1502 1453; x_wconf 92' lang='lat' dir='ltr'><strong>in</strong></span> <span class='ocrx_word' id='word_1_141' title='bbox 1523 1424 1606 1453; x_wconf 93' lang='lat' dir='ltr'><strong>suo</strong></span> <span class='ocrx_word' id='word_1_142' title='bbox 1638 1424 1808 1464; x_wconf 91' lang='lat' dir='ltr'><strong>propo-</strong></span> 
     </span>
     <span class='ocr_line' id='line_1_18' title="bbox 167 1484 1765 1537; baseline -0.002 -12"><span class='ocrx_word' id='word_1_143' title='bbox 167 1484 257 1525; x_wconf 87' lang='lat' dir='ltr'><strong>sito</strong></span> <span class='ocrx_word' id='word_1_144' title='bbox 280 1484 604 1536; x_wconf 89' lang='lat' dir='ltr'><strong>confirmatus,</strong></span> <span class='ocrx_word' id='word_1_145' title='bbox 627 1486 766 1537; x_wconf 90' lang='lat' dir='ltr'><strong>paulo</strong></span> <span class='ocrx_word' id='word_1_146' title='bbox 787 1491 894 1537; x_wconf 88' lang='lat' dir='ltr'><strong>post</strong></span> <span class='ocrx_word' id='word_1_147' title='bbox 916 1486 976 1526; x_wconf 89' lang='lat' dir='ltr'><strong>ad</strong></span> <span class='ocrx_word' id='word_1_148' title='bbox 996 1496 1083 1526; x_wconf 87' lang='lat' dir='ltr'><strong>nos</strong></span> <span class='ocrx_word' id='word_1_149' title='bbox 1105 1496 1154 1525; x_wconf 91' lang='lat' dir='ltr'><strong>se</strong></span> <span class='ocrx_word' id='word_1_150' title='bbox 1176 1485 1385 1525; x_wconf 89' lang='lat' dir='ltr'><strong>contulit.</strong></span> <span class='ocrx_word' id='word_1_151' title='bbox 1761 1519 1765 1522; x_wconf 83' lang='lat'><strong>.</strong></span> 
     </span>
    </p>

    <p class='ocr_par' dir='ltr' id='par_1_4' title="bbox 161 1555 1808 2106">
     <span class='ocr_line' id='line_1_19' title="bbox 245 1555 1807 1608; baseline -0.001 -12"><span class='ocrx_word' id='word_1_152' title='bbox 245 1555 492 1596; x_wconf 89' lang='lat' dir='ltr'><strong>Accedunt</strong></span> <span class='ocrx_word' id='word_1_153' title='bbox 513 1556 585 1596; x_wconf 89' lang='lat' dir='ltr'><strong>his</strong></span> <span class='ocrx_word' id='word_1_154' title='bbox 617 1562 662 1596; x_wconf 92' lang='lat' dir='ltr'><strong>et</strong></span> <span class='ocrx_word' id='word_1_155' title='bbox 684 1557 776 1597; x_wconf 90' lang='lat' dir='ltr'><strong>alia</strong></span> <span class='ocrx_word' id='word_1_156' title='bbox 796 1555 1041 1607; x_wconf 88' lang='lat' dir='ltr'><strong>nonnulla,</strong></span> <span class='ocrx_word' id='word_1_157' title='bbox 1064 1568 1212 1608; x_wconf 89' lang='lat' dir='ltr'><strong>nuper</strong></span> <span class='ocrx_word' id='word_1_158' title='bbox 1232 1556 1366 1595; x_wconf 89' lang='lat' dir='ltr'><strong>nobis</strong></span> <span class='ocrx_word' id='word_1_159' title='bbox 1388 1561 1628 1607; x_wconf 88' lang='lat' dir='ltr'><strong>comperta</strong></span> <span class='ocrx_word' id='word_1_160' title='bbox 1646 1587 1653 1606; x_wconf 92' lang='lat'><strong>,</strong></span> <span class='ocrx_word' id='word_1_161' title='bbox 1687 1555 1807 1595; x_wconf 89' lang='lat' dir='ltr'><strong>scitu</strong></span> 
     </span>
     <span class='ocr_line' id='line_1_20' title="bbox 161 1626 1808 1680; baseline -0.001 -13"><span class='ocrx_word' id='word_1_162' title='bbox 161 1627 351 1678; x_wconf 84' lang='lat' dir='ltr'><strong>quidem</strong></span> <span class='ocrx_word' id='word_1_163' title='bbox 372 1639 466 1667; x_wconf 90' lang='lat' dir='ltr'><strong>non</strong></span> <span class='ocrx_word' id='word_1_164' title='bbox 486 1627 638 1668; x_wconf 89' lang='lat' dir='ltr'><strong>minus</strong></span> <span class='ocrx_word' id='word_1_165' title='bbox 660 1628 825 1679; x_wconf 83' lang='lat' dir='ltr'><strong>digna,</strong></span> <span class='ocrx_word' id='word_1_166' title='bbox 849 1639 969 1680; x_wconf 90' lang='lat' dir='ltr'><strong>quae</strong></span> <span class='ocrx_word' id='word_1_167' title='bbox 988 1628 1147 1668; x_wconf 85' lang='lat' dir='ltr'><strong>divina</strong></span> <span class='ocrx_word' id='word_1_168' title='bbox 1169 1627 1357 1667; x_wconf 89' lang='lat' dir='ltr'><strong>bonitas</strong></span> <span class='ocrx_word' id='word_1_169' title='bbox 1380 1626 1566 1677; x_wconf 90' lang='lat' dir='ltr'><strong>operari</strong></span> <span class='ocrx_word' id='word_1_170' title='bbox 1588 1626 1808 1678; x_wconf 83' lang='lat' dir='ltr'><strong>dignatus</strong></span> 
     </span>
     <span class='ocr_line' id='line_1_21' title="bbox 162 1696 1805 1750; baseline 0 -13"><span class='ocrx_word' id='word_1_171' title='bbox 162 1704 236 1737; x_wconf 87' lang='lat' dir='ltr'><strong>est</strong></span> <span class='ocrx_word' id='word_1_172' title='bbox 256 1709 340 1749; x_wconf 87' lang='lat' dir='ltr'><strong>per</strong></span> <span class='ocrx_word' id='word_1_173' title='bbox 362 1698 478 1738; x_wconf 91' lang='lat' dir='ltr'><strong>duos</strong></span> <span class='ocrx_word' id='word_1_174' title='bbox 500 1710 558 1738; x_wconf 81' lang='lat' dir='ltr'><strong>ex</strong></span> <span class='ocrx_word' id='word_1_175' title='bbox 579 1699 753 1739; x_wconf 90' lang='lat' dir='ltr'><strong>nostris</strong></span> <span class='ocrx_word' id='word_1_176' title='bbox 773 1698 1000 1750; x_wconf 90' lang='lat' dir='ltr'><strong>patribus,</strong></span> <span class='ocrx_word' id='word_1_177' title='bbox 1020 1709 1221 1750; x_wconf 90' lang='lat' dir='ltr'><strong>quorum</strong></span> <span class='ocrx_word' id='word_1_178' title='bbox 1242 1709 1364 1737; x_wconf 90' lang='lat' dir='ltr'><strong>unus</strong></span> <span class='ocrx_word' id='word_1_179' title='bbox 1379 1697 1585 1750; x_wconf 90' lang='lat' dir='ltr'><strong>Jacobus</strong></span> <span class='ocrx_word' id='word_1_180' title='bbox 1603 1696 1805 1737; x_wconf 82' lang='lat' dir='ltr'><strong>Sanctae</strong></span> 
     </span>
     <span class='ocr_line' id='line_1_22' title="bbox 165 1768 1803 1820; baseline 0 -12"><span class='ocrx_word' id='word_1_181' title='bbox 165 1768 351 1819; x_wconf 89' lang='lat' dir='ltr'><strong>Crucis,</strong></span> <span class='ocrx_word' id='word_1_182' title='bbox 376 1770 491 1809; x_wconf 91' lang='lat' dir='ltr'><strong>alter</strong></span> <span class='ocrx_word' id='word_1_183' title='bbox 513 1781 626 1810; x_wconf 89' lang='lat' dir='ltr'><strong>vero</strong></span> <span class='ocrx_word' id='word_1_184' title='bbox 648 1769 882 1810; x_wconf 86' lang='lat' dir='ltr'><strong>Antonius</strong></span> <span class='ocrx_word' id='word_1_185' title='bbox 904 1769 1079 1810; x_wconf 91' lang='lat' dir='ltr'><strong>Correa</strong></span> <span class='ocrx_word' id='word_1_186' title='bbox 1102 1769 1386 1819; x_wconf 87' lang='lat' dir='ltr'><strong>nominatur,</strong></span> <span class='ocrx_word' id='word_1_187' title='bbox 1411 1768 1550 1820; x_wconf 89' lang='lat' dir='ltr'><strong>idque</strong></span> <span class='ocrx_word' id='word_1_188' title='bbox 1572 1768 1619 1808; x_wconf 90' lang='lat' dir='ltr'><strong>in</strong></span> <span class='ocrx_word' id='word_1_189' title='bbox 1641 1768 1803 1808; x_wconf 82' lang='lat' dir='ltr'><strong>civita-</strong></span> 
     </span>
     <span class='ocr_line' id='line_1_23' title="bbox 162 1840 1803 1893; baseline -0.001 -13"><span class='ocrx_word' id='word_1_190' title='bbox 162 1846 231 1889; x_wconf 88' lang='lat' dir='ltr'><strong>te,</strong></span> <span class='ocrx_word' id='word_1_191' title='bbox 265 1851 405 1891; x_wconf 90' lang='lat' dir='ltr'><strong>quam</strong></span> <span class='ocrx_word' id='word_1_192' title='bbox 437 1847 610 1881; x_wconf 82' lang='lat' dir='ltr'><strong>vocant</strong></span> <span class='ocrx_word' id='word_1_193' title='bbox 638 1840 932 1892; x_wconf 81' lang='lat' dir='ltr'><strong>Portalegre‚</strong></span> <span class='ocrx_word' id='word_1_194' title='bbox 970 1841 1029 1881; x_wconf 91' lang='lat' dir='ltr'><strong>ad</strong></span> <span class='ocrx_word' id='word_1_195' title='bbox 1065 1852 1205 1893; x_wconf 89' lang='lat' dir='ltr'><strong>quam</strong></span> <span class='ocrx_word' id='word_1_196' title='bbox 1239 1840 1423 1881; x_wconf 85' lang='lat' dir='ltr'><strong>iverant</strong></span> <span class='ocrx_word' id='word_1_197' title='bbox 1461 1840 1803 1880; x_wconf 87' lang='lat' dir='ltr'><strong>concionatum.</strong></span> 
     </span>
     <span class='ocr_line' id='line_1_24' title="bbox 167 1911 1806 1963; baseline -0.001 -12"><span class='ocrx_word' id='word_1_198' title='bbox 167 1911 375 1952; x_wconf 87' lang='lat' dir='ltr'><strong>Primum</strong></span> <span class='ocrx_word' id='word_1_199' title='bbox 397 1912 602 1963; x_wconf 88' lang='lat' dir='ltr'><strong>quidem,</strong></span> <span class='ocrx_word' id='word_1_200' title='bbox 627 1913 737 1952; x_wconf 90' lang='lat' dir='ltr'><strong>dum</strong></span> <span class='ocrx_word' id='word_1_201' title='bbox 758 1913 845 1953; x_wconf 87' lang='lat' dir='ltr'><strong>iter</strong></span> <span class='ocrx_word' id='word_1_202' title='bbox 874 1925 927 1953; x_wconf 95' lang='lat' dir='ltr'><strong>eo</strong></span> <span class='ocrx_word' id='word_1_203' title='bbox 959 1912 1262 1962; x_wconf 83' lang='lat' dir='ltr'><strong>conficerent,</strong></span> <span class='ocrx_word' id='word_1_204' title='bbox 1293 1923 1585 1963; x_wconf 92' lang='lat' dir='ltr'><strong>quocumque</strong></span> <span class='ocrx_word' id='word_1_205' title='bbox 1615 1922 1806 1963; x_wconf 82' lang='lat' dir='ltr'><strong>perven-</strong></span> 
     </span>
     <span class='ocr_line' id='line_1_25' title="bbox 166 1981 1804 2034; baseline 0 -12"><span class='ocrx_word' id='word_1_206' title='bbox 166 1987 265 2022; x_wconf 90' lang='lat' dir='ltr'><strong>tum</strong></span> <span class='ocrx_word' id='word_1_207' title='bbox 293 1989 413 2033; x_wconf 90' lang='lat' dir='ltr'><strong>erat,</strong></span> <span class='ocrx_word' id='word_1_208' title='bbox 446 1983 557 2022; x_wconf 90' lang='lat' dir='ltr'><strong>illud</strong></span> <span class='ocrx_word' id='word_1_209' title='bbox 584 1983 632 2023; x_wconf 89' lang='lat' dir='ltr'><strong>in</strong></span> <span class='ocrx_word' id='word_1_210' title='bbox 662 1984 824 2034; x_wconf 86' lang='lat' dir='ltr'><strong>primis</strong></span> <span class='ocrx_word' id='word_1_211' title='bbox 852 1984 1106 2024; x_wconf 91' lang='lat' dir='ltr'><strong>curabatur</strong></span> <span class='ocrx_word' id='word_1_212' title='bbox 1135 1989 1185 2023; x_wconf 90' lang='lat' dir='ltr'><strong>ut</strong></span> <span class='ocrx_word' id='word_1_213' title='bbox 1211 1983 1368 2022; x_wconf 86' lang='lat' dir='ltr'><strong>vicino</strong></span> <span class='ocrx_word' id='word_1_214' title='bbox 1398 1983 1569 2034; x_wconf 88' lang='lat' dir='ltr'><strong>populo</strong></span> <span class='ocrx_word' id='word_1_215' title='bbox 1601 1981 1804 2034; x_wconf 90' lang='lat' dir='ltr'><strong>undique</strong></span> 
     </span>
     <span class='ocr_line' id='line_1_26' title="bbox 164 2053 1804 2106; baseline 0.001 -14"><span class='ocrx_word' id='word_1_216' title='bbox 164 2060 456 2104; x_wconf 83' lang='lat' dir='ltr'><strong>congregato</strong></span> <span class='ocrx_word' id='word_1_217' title='bbox 480 2065 601 2094; x_wconf 88' lang='lat' dir='ltr'><strong>unus</strong></span> <span class='ocrx_word' id='word_1_218' title='bbox 622 2067 646 2094; x_wconf 94' lang='lat' dir='ltr'><strong>e</strong></span> <span class='ocrx_word' id='word_1_219' title='bbox 667 2054 846 2095; x_wconf 89' lang='lat' dir='ltr'><strong>duobus</strong></span> <span class='ocrx_word' id='word_1_220' title='bbox 869 2055 1245 2105; x_wconf 87' lang='lat' dir='ltr'><strong>concionaretur,</strong></span> <span class='ocrx_word' id='word_1_221' title='bbox 1269 2053 1489 2094; x_wconf 88' lang='lat' dir='ltr'><strong>nimirum</strong></span> <span class='ocrx_word' id='word_1_222' title='bbox 1512 2053 1561 2093; x_wconf 91' lang='lat' dir='ltr'><strong>P.</strong></span> <span class='ocrx_word' id='word_1_223' title='bbox 1584 2053 1804 2106; x_wconf 81' lang='lat' dir='ltr'><strong>Jacobus,</strong></span> 
     </span>
    </p>
   </div>
   <div class='ocr_carea' id='block_1_3' title="bbox 140 2124 1807 2177">
    <p class='ocr_par' dir='ltr' id='par_1_5' title="bbox 140 2124 1807 2177">
     <span class='ocr_line' id='line_1_27' title="bbox 140 2124 1807 2177; baseline 0 -14"><span class='ocrx_word' id='word_1_224' title='bbox 140 2160 143 2162; x_wconf 87' lang='lat'><strong>.</strong></span> <span class='ocrx_word' id='word_1_225' title='bbox 171 2124 246 2164; x_wconf 87' lang='lat' dir='ltr'><strong>cui</strong></span> <span class='ocrx_word' id='word_1_226' title='bbox 264 2124 310 2164; x_wconf 91' lang='lat' dir='ltr'><strong>id</strong></span> <span class='ocrx_word' id='word_1_227' title='bbox 331 2136 498 2165; x_wconf 91' lang='lat' dir='ltr'><strong>munus</strong></span> <span class='ocrx_word' id='word_1_228' title='bbox 519 2125 771 2177; x_wconf 90' lang='lat' dir='ltr'><strong>praecipue</strong></span> <span class='ocrx_word' id='word_1_229' title='bbox 792 2125 1112 2176; x_wconf 87' lang='lat' dir='ltr'><strong>incumbebat;</strong></span> <span class='ocrx_word' id='word_1_230' title='bbox 1138 2137 1228 2176; x_wconf 93' lang='lat' dir='ltr'><strong>quo</strong></span> <span class='ocrx_word' id='word_1_231' title='bbox 1250 2124 1376 2165; x_wconf 90' lang='lat' dir='ltr'><strong>facto</strong></span> <span class='ocrx_word' id='word_1_232' title='bbox 1404 2136 1511 2165; x_wconf 91' lang='lat' dir='ltr'><strong>cum</strong></span> <span class='ocrx_word' id='word_1_233' title='bbox 1540 2135 1715 2175; x_wconf 84' lang='lat' dir='ltr'><strong>magna</strong></span> <span class='ocrx_word' id='word_1_234' title='bbox 1744 2130 1807 2164; x_wconf 93' lang='lat' dir='ltr'><strong>to-</strong></span> 
     </span>
    </p>
   </div>
   <div class='ocr_carea' id='block_1_4' title="bbox 165 2194 1809 3097">
    <p class='ocr_par' dir='ltr' id='par_1_6' title="bbox 165 2194 1809 3097">
     <span class='ocr_line' id='line_1_28' title="bbox 169 2194 1809 2247; baseline 0 -13"><span class='ocrx_word' id='word_1_235' title='bbox 169 2194 261 2234; x_wconf 89' lang='lat' dir='ltr'><strong>tius</strong></span> <span class='ocrx_word' id='word_1_236' title='bbox 296 2196 453 2247; x_wconf 87' lang='lat' dir='ltr'><strong>populi</strong></span> <span class='ocrx_word' id='word_1_237' title='bbox 487 2196 834 2247; x_wconf 85' lang='lat' dir='ltr'><strong>satisfactione,</strong></span> <span class='ocrx_word' id='word_1_238' title='bbox 870 2197 1035 2237; x_wconf 88' lang='lat' dir='ltr'><strong>deinde</strong></span> <span class='ocrx_word' id='word_1_239' title='bbox 1072 2208 1174 2236; x_wconf 91' lang='lat' dir='ltr'><strong>sese</strong></span> <span class='ocrx_word' id='word_1_240' title='bbox 1209 2195 1455 2236; x_wconf 86' lang='lat' dir='ltr'><strong>offerentes</strong></span> <span class='ocrx_word' id='word_1_241' title='bbox 1490 2195 1809 2235; x_wconf 86' lang='lat' dir='ltr'><strong>confessiones</strong></span> 
     </span>
     <span class='ocr_line' id='line_1_29' title="bbox 167 2266 1808 2320; baseline 0.001 -15"><span class='ocrx_word' id='word_1_242' title='bbox 167 2266 434 2307; x_wconf 89' lang='lat' dir='ltr'><strong>audiebant.</strong></span> <span class='ocrx_word' id='word_1_243' title='bbox 460 2267 534 2307; x_wconf 80' lang='lat' dir='ltr'><strong>Ad</strong></span> <span class='ocrx_word' id='word_1_244' title='bbox 556 2267 795 2308; x_wconf 86' lang='lat' dir='ltr'><strong>civitatem</strong></span> <span class='ocrx_word' id='word_1_245' title='bbox 815 2267 958 2319; x_wconf 86' lang='lat' dir='ltr'><strong>igitur</strong></span> <span class='ocrx_word' id='word_1_246' title='bbox 980 2267 1058 2307; x_wconf 90' lang='lat' dir='ltr'><strong>ubi</strong></span> <span class='ocrx_word' id='word_1_247' title='bbox 1080 2274 1275 2307; x_wconf 87' lang='lat' dir='ltr'><strong>Ventum</strong></span> <span class='ocrx_word' id='word_1_248' title='bbox 1297 2273 1381 2316; x_wconf 84' lang='lat' dir='ltr'><strong>est,</strong></span> <span class='ocrx_word' id='word_1_249' title='bbox 1404 2266 1454 2307; x_wconf 87' lang='grc' dir='ltr'><strong>Ρ.</strong></span> <span class='ocrx_word' id='word_1_250' title='bbox 1477 2267 1683 2320; x_wconf 91' lang='lat' dir='ltr'><strong>Jacobus</strong></span> <span class='ocrx_word' id='word_1_251' title='bbox 1705 2278 1808 2306; x_wconf 92' lang='lat' dir='ltr'><strong>con-</strong></span> 
     </span>
     <span class='ocr_line' id='line_1_30' title="bbox 170 2336 1809 2390; baseline 0.001 -14"><span class='ocrx_word' id='word_1_252' title='bbox 170 2336 350 2377; x_wconf 89' lang='lat' dir='ltr'><strong>cionari</strong></span> <span class='ocrx_word' id='word_1_253' title='bbox 383 2338 538 2389; x_wconf 89' lang='lat' dir='ltr'><strong>coepit</strong></span> <span class='ocrx_word' id='word_1_254' title='bbox 563 2338 610 2378; x_wconf 89' lang='lat' dir='ltr'><strong>in</strong></span> <span class='ocrx_word' id='word_1_255' title='bbox 637 2338 817 2379; x_wconf 85' lang='lat' dir='ltr'><strong>duabus</strong></span> <span class='ocrx_word' id='word_1_256' title='bbox 845 2338 1057 2379; x_wconf 91' lang='lat' dir='ltr'><strong>ecclesiis</strong></span> <span class='ocrx_word' id='word_1_257' title='bbox 1084 2337 1432 2390; x_wconf 89' lang='lat' dir='ltr'><strong>parochialibus</strong></span> <span class='ocrx_word' id='word_1_258' title='bbox 1462 2344 1505 2378; x_wconf 92' lang='lat' dir='ltr'><strong>et</strong></span> <span class='ocrx_word' id='word_1_259' title='bbox 1535 2338 1582 2377; x_wconf 89' lang='lat' dir='ltr'><strong>in</strong></span> <span class='ocrx_word' id='word_1_260' title='bbox 1611 2337 1809 2377; x_wconf 88' lang='lat' dir='ltr'><strong>ecclesia</strong></span> 
     </span>
     <span class='ocr_line' id='line_1_31' title="bbox 169 2406 1808 2461; baseline 0.001 -14"><span class='ocrx_word' id='word_1_261' title='bbox 169 2406 476 2458; x_wconf 85' lang='lat' dir='ltr'><strong>xenodochii,</strong></span> <span class='ocrx_word' id='word_1_262' title='bbox 498 2420 617 2460; x_wconf 93' lang='lat' dir='ltr'><strong>quae</strong></span> <span class='ocrx_word' id='word_1_263' title='bbox 638 2410 845 2450; x_wconf 86' lang='lat' dir='ltr'><strong>maxima</strong></span> <span class='ocrx_word' id='word_1_264' title='bbox 868 2415 937 2449; x_wconf 90' lang='lat' dir='ltr'><strong>est</strong></span> <span class='ocrx_word' id='word_1_265' title='bbox 958 2415 1003 2449; x_wconf 92' lang='lat' dir='ltr'><strong>et</strong></span> <span class='ocrx_word' id='word_1_266' title='bbox 1024 2409 1337 2461; x_wconf 90' lang='lat' dir='ltr'><strong>capacissima</strong></span> <span class='ocrx_word' id='word_1_267' title='bbox 1359 2409 1479 2449; x_wconf 91' lang='lat' dir='ltr'><strong>inter</strong></span> <span class='ocrx_word' id='word_1_268' title='bbox 1501 2408 1616 2448; x_wconf 89' lang='lat' dir='ltr'><strong>alias</strong></span> <span class='ocrx_word' id='word_1_269' title='bbox 1650 2408 1808 2448; x_wconf 81' lang='lat' dir='ltr'><strong>civita-</strong></span> 
     </span>
     <span class='ocr_line' id='line_1_32' title="bbox 170 2478 1808 2532; baseline 0 -14"><span class='ocrx_word' id='word_1_270' title='bbox 170 2479 244 2530; x_wconf 88' lang='lat' dir='ltr'><strong>tis,</strong></span> <span class='ocrx_word' id='word_1_271' title='bbox 263 2478 497 2519; x_wconf 90' lang='lat' dir='ltr'><strong>interdum</strong></span> <span class='ocrx_word' id='word_1_272' title='bbox 512 2480 654 2520; x_wconf 90' lang='lat' dir='ltr'><strong>etiam</strong></span> <span class='ocrx_word' id='word_1_273' title='bbox 670 2480 716 2520; x_wconf 90' lang='lat' dir='ltr'><strong>in</strong></span> <span class='ocrx_word' id='word_1_274' title='bbox 733 2479 936 2532; x_wconf 90' lang='lat' dir='ltr'><strong>quodam</strong></span> <span class='ocrx_word' id='word_1_275' title='bbox 956 2480 1228 2520; x_wconf 89' lang='lat' dir='ltr'><strong>monialium</strong></span> <span class='ocrx_word' id='word_1_276' title='bbox 1250 2480 1490 2530; x_wconf 88' lang='lat' dir='ltr'><strong>coenobio,</strong></span> <span class='ocrx_word' id='word_1_277' title='bbox 1511 2490 1616 2519; x_wconf 91' lang='lat' dir='ltr'><strong>cum</strong></span> <span class='ocrx_word' id='word_1_278' title='bbox 1636 2490 1808 2530; x_wconf 83' lang='lat' dir='ltr'><strong>magna</strong></span> 
     </span>
     <span class='ocr_line' id='line_1_33' title="bbox 170 2550 1808 2602; baseline 0 -13"><span class='ocrx_word' id='word_1_279' title='bbox 170 2550 414 2590; x_wconf 88' lang='lat' dir='ltr'><strong>alacritate</strong></span> <span class='ocrx_word' id='word_1_280' title='bbox 437 2550 702 2591; x_wconf 85' lang='lat' dir='ltr'><strong>auditorum</strong></span> <span class='ocrx_word' id='word_1_281' title='bbox 725 2562 978 2602; x_wconf 88' lang='lat' dir='ltr'><strong>eorumque</strong></span> <span class='ocrx_word' id='word_1_282' title='bbox 993 2551 1231 2591; x_wconf 87' lang='lat' dir='ltr'><strong>nobilium.</strong></span> <span class='ocrx_word' id='word_1_283' title='bbox 1250 2550 1326 2591; x_wconf 82' lang='lat' dir='ltr'><strong>Ad</strong></span> <span class='ocrx_word' id='word_1_284' title='bbox 1346 2550 1460 2590; x_wconf 91' lang='lat' dir='ltr'><strong>haec</strong></span> <span class='ocrx_word' id='word_1_285' title='bbox 1482 2550 1706 2601; x_wconf 86' lang='lat' dir='ltr'><strong>privatim</strong></span> <span class='ocrx_word' id='word_1_286' title='bbox 1729 2550 1808 2589; x_wconf 91' lang='lat' dir='ltr'><strong>ali-</strong></span> 
     </span>
     <span class='ocr_line' id='line_1_34' title="bbox 166 2613 1807 2674; baseline 0 -14"><span class='ocrx_word' id='word_1_287' title='bbox 166 2628 282 2671; x_wconf 87' lang='lat' dir='ltr'><strong>quot</strong></span> <span class='ocrx_word' id='word_1_288' title='bbox 303 2621 359 2660; x_wconf 92' lang='lat' dir='ltr'><strong>ab</strong></span> <span class='ocrx_word' id='word_1_289' title='bbox 381 2621 545 2661; x_wconf 88' lang='lat' dir='ltr'><strong>eodem</strong></span> <span class='ocrx_word' id='word_1_290' title='bbox 567 2633 804 2662; x_wconf 89' lang='lat' dir='ltr'><strong>sermones</strong></span> <span class='ocrx_word' id='word_1_291' title='bbox 823 2613 996 2662; x_wconf 85' lang='lat' dir='ltr'><strong>fiebant</strong></span> <span class='ocrx_word' id='word_1_292' title='bbox 1010 2654 1018 2674; x_wconf 93' lang='lat'><strong>,</strong></span> <span class='ocrx_word' id='word_1_293' title='bbox 1048 2622 1216 2674; x_wconf 87' lang='lat' dir='ltr'><strong>quibus</strong></span> <span class='ocrx_word' id='word_1_294' title='bbox 1242 2621 1485 2662; x_wconf 87' lang='lat' dir='ltr'><strong>audiendis</strong></span> <span class='ocrx_word' id='word_1_295' title='bbox 1515 2632 1609 2661; x_wconf 91' lang='lat' dir='ltr'><strong>non</strong></span> <span class='ocrx_word' id='word_1_296' title='bbox 1637 2620 1807 2661; x_wconf 91' lang='lat' dir='ltr'><strong>medio-</strong></span> 
     </span>
     <span class='ocr_line' id='line_1_35' title="bbox 169 2691 1806 2743; baseline 0 -12"><span class='ocrx_word' id='word_1_297' title='bbox 169 2691 263 2731; x_wconf 89' lang='lat' dir='ltr'><strong>cris</strong></span> <span class='ocrx_word' id='word_1_298' title='bbox 284 2692 528 2732; x_wconf 89' lang='lat' dir='ltr'><strong>multitudo</strong></span> <span class='ocrx_word' id='word_1_299' title='bbox 551 2692 813 2733; x_wconf 86' lang='lat' dir='ltr'><strong>confluebat</strong></span> <span class='ocrx_word' id='word_1_300' title='bbox 840 2692 1107 2733; x_wconf 90' lang='lat' dir='ltr'><strong>auditorum</strong></span> <span class='ocrx_word' id='word_1_301' title='bbox 1135 2705 1193 2733; x_wconf 81' lang='lat' dir='ltr'><strong>ex</strong></span> <span class='ocrx_word' id='word_1_302' title='bbox 1220 2692 1520 2732; x_wconf 86' lang='lat' dir='ltr'><strong>nobilissimis</strong></span> <span class='ocrx_word' id='word_1_303' title='bbox 1548 2692 1806 2743; x_wconf 89' lang='lat' dir='ltr'><strong>quibusque</strong></span> 
     </span>
     <span class='ocr_line' id='line_1_36' title="bbox 165 2762 1807 2815; baseline 0.001 -14"><span class='ocrx_word' id='word_1_304' title='bbox 165 2768 214 2801; x_wconf 90' lang='lat' dir='ltr'><strong>et</strong></span> <span class='ocrx_word' id='word_1_305' title='bbox 233 2762 509 2813; x_wconf 89' lang='lat' dir='ltr'><strong>primatibus</strong></span> <span class='ocrx_word' id='word_1_306' title='bbox 530 2763 679 2813; x_wconf 89' lang='lat' dir='ltr'><strong>urbis,</strong></span> <span class='ocrx_word' id='word_1_307' title='bbox 703 2763 751 2803; x_wconf 92' lang='lat' dir='ltr'><strong>in</strong></span> <span class='ocrx_word' id='word_1_308' title='bbox 772 2763 937 2815; x_wconf 89' lang='lat' dir='ltr'><strong>quibus</strong></span> <span class='ocrx_word' id='word_1_309' title='bbox 968 2764 1231 2804; x_wconf 89' lang='lat' dir='ltr'><strong>obedientia</strong></span> <span class='ocrx_word' id='word_1_310' title='bbox 1267 2774 1470 2812; x_wconf 91' lang='lat' dir='ltr'><strong>summa,</strong></span> <span class='ocrx_word' id='word_1_311' title='bbox 1502 2774 1593 2814; x_wconf 89' lang='lat' dir='ltr'><strong>qua</strong></span> <span class='ocrx_word' id='word_1_312' title='bbox 1620 2762 1807 2803; x_wconf 86' lang='lat' dir='ltr'><strong>Patrem</strong></span> 
     </span>
     <span class='ocr_line' id='line_1_37' title="bbox 169 2832 1808 2885; baseline 0.001 -13"><span class='ocrx_word' id='word_1_313' title='bbox 169 2832 506 2873; x_wconf 87' lang='lat' dir='ltr'><strong>officiosissime</strong></span> <span class='ocrx_word' id='word_1_314' title='bbox 529 2834 866 2884; x_wconf 87' lang='lat' dir='ltr'><strong>observabant,</strong></span> <span class='ocrx_word' id='word_1_315' title='bbox 890 2835 1098 2885; x_wconf 87' lang='lat' dir='ltr'><strong>percepti</strong></span> <span class='ocrx_word' id='word_1_316' title='bbox 1120 2834 1177 2873; x_wconf 91' lang='lat' dir='ltr'><strong>ab</strong></span> <span class='ocrx_word' id='word_1_317' title='bbox 1200 2834 1289 2873; x_wconf 86' lang='lat' dir='ltr'><strong>illis</strong></span> <span class='ocrx_word' id='word_1_318' title='bbox 1316 2833 1493 2873; x_wconf 84' lang='lat' dir='ltr'><strong>fructus</strong></span> <span class='ocrx_word' id='word_1_319' title='bbox 1522 2839 1567 2873; x_wconf 88' lang='lat' dir='ltr'><strong>et</strong></span> <span class='ocrx_word' id='word_1_320' title='bbox 1594 2833 1808 2884; x_wconf 85' lang='lat' dir='ltr'><strong>spiritua-</strong></span> 
     </span>
     <span class='ocr_line' id='line_1_38' title="bbox 170 2903 1809 2956; baseline 0.001 -13"><span class='ocrx_word' id='word_1_321' title='bbox 170 2903 225 2943; x_wconf 90' lang='lat' dir='ltr'><strong>lis</strong></span> <span class='ocrx_word' id='word_1_322' title='bbox 254 2903 494 2955; x_wconf 85' lang='lat' dir='ltr'><strong>profectus</strong></span> <span class='ocrx_word' id='word_1_323' title='bbox 529 2905 753 2944; x_wconf 90' lang='lat' dir='ltr'><strong>indicium</strong></span> <span class='ocrx_word' id='word_1_324' title='bbox 788 2911 902 2944; x_wconf 89' lang='lat' dir='ltr'><strong>erat.</strong></span> <span class='ocrx_word' id='word_1_325' title='bbox 945 2905 1212 2956; x_wconf 88' lang='lat' dir='ltr'><strong>Tantopere</strong></span> <span class='ocrx_word' id='word_1_326' title='bbox 1248 2904 1370 2944; x_wconf 91' lang='lat' dir='ltr'><strong>enim</strong></span> <span class='ocrx_word' id='word_1_327' title='bbox 1405 2904 1627 2944; x_wconf 89' lang='lat' dir='ltr'><strong>mandata</strong></span> <span class='ocrx_word' id='word_1_328' title='bbox 1662 2905 1809 2955; x_wconf 89' lang='lat' dir='ltr'><strong>patris</strong></span> 
     </span>
     <span class='ocr_line' id='line_1_39' title="bbox 165 2974 1803 3026; baseline 0.001 -12"><span class='ocrx_word' id='word_1_329' title='bbox 165 2975 517 3026; x_wconf 81' lang='lat' dir='ltr'><strong>exequebantur</strong></span> <span class='ocrx_word' id='word_1_330' title='bbox 539 2982 587 3016; x_wconf 92' lang='lat' dir='ltr'><strong>ut</strong></span> <span class='ocrx_word' id='word_1_331' title='bbox 609 2976 736 3015; x_wconf 91' lang='lat' dir='ltr'><strong>illum</strong></span> <span class='ocrx_word' id='word_1_332' title='bbox 758 2975 910 3026; x_wconf 90' lang='lat' dir='ltr'><strong>ipsum</strong></span> <span class='ocrx_word' id='word_1_333' title='bbox 939 2975 987 3015; x_wconf 92' lang='lat' dir='ltr'><strong>in</strong></span> <span class='ocrx_word' id='word_1_334' title='bbox 1014 2975 1375 3016; x_wconf 88' lang='lat' dir='ltr'><strong>admirationem</strong></span> <span class='ocrx_word' id='word_1_335' title='bbox 1402 2974 1640 3015; x_wconf 87' lang='lat' dir='ltr'><strong>traherent</strong></span> <span class='ocrx_word' id='word_1_336' title='bbox 1670 2976 1803 3016; x_wconf 87' lang='lat' dir='ltr'><strong>vehe-</strong></span> 
     </span>
     <span class='ocr_line' id='line_1_40' title="bbox 170 3045 1808 3097; baseline 0.001 -12"><span class='ocrx_word' id='word_1_337' title='bbox 170 3051 388 3086; x_wconf 87' lang='lat' dir='ltr'><strong>mentem.</strong></span> <span class='ocrx_word' id='word_1_338' title='bbox 411 3045 531 3086; x_wconf 93' lang='lat' dir='ltr'><strong>Nam</strong></span> <span class='ocrx_word' id='word_1_339' title='bbox 552 3052 596 3086; x_wconf 87' lang='lat' dir='ltr'><strong>et</strong></span> <span class='ocrx_word' id='word_1_340' title='bbox 623 3046 784 3086; x_wconf 87' lang='lat' dir='ltr'><strong>divina</strong></span> <span class='ocrx_word' id='word_1_341' title='bbox 810 3046 1035 3097; x_wconf 87' lang='lat' dir='ltr'><strong>mysteria</strong></span> <span class='ocrx_word' id='word_1_342' title='bbox 1064 3058 1146 3097; x_wconf 87' lang='lat' dir='ltr'><strong>per</strong></span> <span class='ocrx_word' id='word_1_343' title='bbox 1174 3045 1290 3085; x_wconf 92' lang='lat' dir='ltr'><strong>duas</strong></span> <span class='ocrx_word' id='word_1_344' title='bbox 1318 3051 1397 3085; x_wconf 91' lang='lat' dir='ltr'><strong>aut</strong></span> <span class='ocrx_word' id='word_1_345' title='bbox 1424 3051 1521 3086; x_wconf 91' lang='lat' dir='ltr'><strong>tres</strong></span> <span class='ocrx_word' id='word_1_346' title='bbox 1548 3046 1690 3086; x_wconf 87' lang='lat' dir='ltr'><strong>horas</strong></span> <span class='ocrx_word' id='word_1_347' title='bbox 1718 3057 1808 3087; x_wconf 89' lang='lat' dir='ltr'><strong>me-</strong></span> 
     </span>
    </p>
   </div>
  </div>
 </body>
</html>
