2168 3437
371 283 441 319 550
884 281 1112 319 LITTERAE
1139 293 1500 325 QUADRIMESTRES

376 379 701 419 drimestribus
723 379 1115 431 bimestribusque
1137 381 1530 435 confessionibus,
1550 393 1666 432 quas
1684 382 1819 422 nobis
1834 382 2017 424 faciunt

376 451 536 490 devoti
558 456 747 490 nostrae
768 449 1042 502 Societatis,
1066 451 1121 491 de
1143 452 1292 492 tribus
1313 452 1389 492 hic
1410 459 1594 492 tantum
1621 453 1920 504 generalibus
1947 453 2013 494 fa-

378 523 499 561 ciam
537 522 835 562 mentionem.
873 521 1030 562 Prima
1062 523 1148 563 fuit
1174 521 1457 573 juvenculae
1487 523 1754 575 cujusdam,
1787 536 1936 565 annos
1966 525 2015 565 18

375 593 561 633 circiter
581 599 744 645 natae,
769 595 922 635 adhuc
942 595 1186 646 innuptae:
1211 606 1330 647 quae
1352 602 1486 647 turpe
1504 596 1695 646 vitium,
1719 607 1824 635 cum
1841 595 2013 647 J'uvene

375 664 578 715 quodam
601 677 627 704 a
650 665 958 717 quadriennio
981 666 1298 717 commissum,
1323 667 1426 706 aliis
1444 678 1558 718 prae
1574 667 1754 718 pudore
1774 679 2014 718 nunquam

378 748 492 776 ausa
529 742 598 776 est
626 737 846 789 detegere
877 737 1195 778 confessariis.
1229 737 1346 778 Cum
1377 744 1534 778 autem
1568 738 1624 778 de
1657 738 1866 790 periculo
1901 750 2016 779 suae

377 808 693 848 damnationis
718 814 939 849 aeternae
959 821 1044 849 nos
1066 821 1170 849 eam
1191 808 1387 849 fecimus
1415 809 1673 858 consciam,
1703 809 1743 850 si
1768 816 2015 860 peccatum

377 879 566 930 aliquod
598 880 802 920 scienter
829 880 877 920 in
908 879 1203 920 confessione
1238 886 1437 930 taceret,
1475 881 1633 920 statim
1661 881 1804 921 multo
1837 880 2017 932 pudore

378 951 712 1003 lachrimisque
732 951 923 1003 perfusa
941 953 1142 991 celatum
1174 952 1277 991 aliis
1307 952 1485 992 crimen
1514 963 1620 991 cum
1648 952 1861 992 omnibus
1892 958 2016 992 ante—

378 1028 512 1063 actae
548 1023 675 1063 vitae
712 1035 825 1063 suae
851 1023 1061 1075 peccatis
1096 1023 1219 1075 apud
1239 1034 1325 1063 nos
1353 1030 1422 1063 est
1450 1023 1680 1063 confessa.
1711 1022 1873 1063 Altera
1894 1023 2018 1064 idem

377 1094 555 1134 fecerat
575 1095 765 1145 mulier,
791 1094 872 1134 sed
895 1093 1070 1135 Christi
1089 1095 1245 1145 gratia
1276 1094 1491 1134 confessa
1525 1101 1595 1134 est
1626 1095 1760 1134 nobis
1791 1094 2017 1145 generali-

379 1173 464 1206 ter.
502 1166 704 1217 Quidam
738 1166 881 1206 etiam
914 1171 1150 1206 mercator
1180 1165 1351 1205 abhinc
1381 1166 1569 1206 circiter
1596 1165 1843 1206 duodecim
1865 1165 2015 1216 annis,

379 1245 476 1279 tum
507 1238 630 1290 quod
663 1250 776 1290 prae
804 1237 983 1290 pudore
1004 1238 1297 1278 teterrimum
1319 1237 1554 1289 quoddam
1580 1237 1746 1277 vitium
1772 1237 1819 1277 in
1841 1236 2018 1277 confes-

384 1311 514 1351 sione
548 1322 789 1362 nunquam
824 1310 1087 1361 detexerat,
1127 1321 1232 1350 curn
1267 1310 1408 1349 etiam
1439 1309 1562 1361 quod
1589 1315 1781 1360 propter
1803 1308 1894 1348 alia
1915 1320 2018 1360 pec-

384 1389 492 1424 cata
512 1383 678 1423 merito
703 1388 957 1433 angeretur
979 1382 1159 1431 animo,
1189 1382 1456 1433 generalem
1495 1387 1539 1421 et
1573 1381 1672 1432 ipse
1701 1379 1811 1420 fecit
1842 1379 2021 1420 confes-

379 1456 573 1496 sionem.
592 1455 635 1495 Is
652 1454 966 1506 quadraginta
983 1453 1169 1493 circiter
1194 1453 1473 1493 ducatorum
1497 1452 1781 1492 restitutioni
1803 1463 1909 1491 cum
1940 1451 2017 1491 ob-

380 1527 549 1567 noxius
570 1526 703 1572 foret.
730 1526 951 1578 quoniam
967 1531 1011 1565 et
1027 1525 1265 1577 praesenti
1283 1530 1326 1564 et
1345 1536 1439 1564 non
1454 1523 1691 1576 praesenti
1707 1523 1907 1574 pecunia
1923 1523 2021 1574 plu—

383 1599 447 1639 ris
470 1610 621 1650 aequo
643 1608 827 1638 merces
849 1595 1078 1649 quasdam
1098 1595 1330 1645 vendidit,
1355 1595 1522 1647 quibus
1543 1600 1613 1635 est
1634 1594 1836 1644 debitor,
1864 1593 2020 1634 omnia

379 1671 615 1722 pollicitus
637 1675 707 1710 est
730 1669 1079 1719 restituturum,
1104 1667 1150 1708 id
1173 1664 1296 1720 quod
1316 1668 1470 1717 brevi,
1493 1679 1550 1707 ne
1578 1667 1624 1707 in
1645 1666 1775 1706 libris
1796 1665 1895 1718 ejus
1916 1677 2022 1706 cum

370 1742 561 1791 .multis,
586 1742 754 1793 quibus
784 1741 883 1792 ipse
907 1746 976 1781 est
1004 1740 1207 1790 debitor,
1233 1745 1494 1791 appareant
1517 1739 1772 1789 debitores,
1804 1737 2025 1790 quicquid

377 1819 566 1865 praeter
590 1825 792 1865 aequum
814 1813 1023 1853 ablatum
1045 1817 1137 1863 est,
1161 1812 1326 1852 iisdem
1347 1812 1568 1852 remittet.
1592 1810 1728 1850 Alius
1745 1810 1935 1862 quidam
1950 1809 2024 1849 vir

383 1898 466 1937 per
486 1884 770 1926 monachum
792 1884 1062 1936 quemdam,
1089 1884 1199 1924 olim
1220 1895 1356 1924 suum
1378 1882 1739 1932 confessarium,
1760 1894 1816 1921 ac
1834 1893 1917 1933 per
1933 1893 2022 1932 me,

387 1969 506 2009 quos
528 1957 785 1997 abstulerat
809 1957 929 1996 clam
951 1955 1065 1996 hero
1089 1967 1196 2006 suo,
1220 1955 1388 2006 viginti
1420 1955 1617 1995 ducatos
1639 1953 1863 2003 restituit3
1887 1953 2026 2004 idque

380 2028 559 2068 factum
586 2034 678 2079 est,
702 2032 955 2079 postquam
984 2026 1107 2078 apud
1134 2038 1221 2066 nos
1252 2025 1404 2078 coepit
1432 2025 1657 2066 confiteri.
1686 2024 1845 2064 Alium
1871 2035 2025 2076 quem-

380 2101 489 2140 dam
525 2100 571 2139 in
608 2100 707 2139 dies
742 2110 921 2148 moror,
954 2098 1033 2150 qui
1054 2098 1362 2138 ducentorum
1383 2097 1662 2137 ducatorum
1686 2102 1730 2136 et
1751 2107 1806 2135 eo
1829 2095 2028 2146 amplius

382 2171 597 2223 promisit
614 2170 776 2210 facere
792 2169 1158 2219 restitutionem,
1179 2181 1234 2208 ac
1254 2169 1370 2208 dixit
1387 2168 1499 2208 mihi
1521 2168 1645 2220 quod
1661 2167 1759 2207 ruri
1776 2166 2028 2218 quamdam

383 2242 659 2292 ecclesiam,
684 2241 781 2282 fere
804 2239 902 2292 jam
923 2241 1127 2281 dirutam
1150 2252 1205 2280 ac
1236 2241 1376 2280 nimis
1412 2240 1656 2291 exiguam,
1694 2250 1754 2278 ex
1779 2237 2029 2278 devotione

386 2320 454 2354 est
476 2314 846 2363 instauraturus,
869 2319 919 2353 ut
943 2312 1207 2352 satisfaciat
1233 2311 1550 2352 conscientiae
1579 2322 1692 2350 suae
1720 2321 1813 2362 pro
1835 2308 2030 2349 sublatis

384 2386 524 2426 rebus
545 2385 767 2435 incertis,
791 2385 838 2425 in
862 2396 955 2436 qua
978 2383 1322 2424 instauratione
1344 2389 1582 2423 trecentos
1601 2381 1699 2422 fere
1727 2380 1925 2421 ducatos
1955 2392 2031 2420 ex-

385 2456 554 2508 pendet
572 2468 580 2507 ;
600 2456 827 2508 juxtaque
848 2467 1005 2496 meum
1023 2454 1270 2495 consilium
1290 2455 1557 2506 expostulat
1576 2453 1782 2493 animam
1800 2463 1933 2492 suam
1948 2462 2030 2503 gu-

387 2528 600 2569 bernari:
625 2533 865 2567 caeterum
885 2538 943 2566 ne
966 2526 1225 2577 improvisa
1248 2531 1398 2566 morte
1431 2525 1733 2576 corripiatur,
1765 2535 1820 2563 ac
1847 2529 2030 2574 propte-

389 2611 469 2640 rea
491 2610 725 2651 pauperes
744 2631 751 2649 ,
781 2596 881 2649 ejus
904 2597 1182 2647 creditores,
1207 2609 1291 2637 suo
1314 2596 1601 2637 frustrentur
1622 2595 1822 2645 credito,
1852 2594 2032 2634 interea

390 2671 501 2711 dum
523 2684 550 2710 a
569 2669 655 2710 fre.
689 2669 836 2721 exigit
856 2680 1094 2716 nummos,
1120 2668 1392 2708 schedulam
1413 2679 1554 2707 manu
1577 2678 1661 2706 sua
1679 2666 1903 2717 scriptam
1919 2665 2033 2705 mihi

391 2741 715 2792 consignavit,
758 2752 849 2792 qua
882 2752 932 2780 se
961 2739 1147 2779 illorum
1179 2750 1281 2779 esse
1317 2738 1574 2778 debitorem
1615 2737 1946 2777 confitebatur:
1983 2742 2033 2776 ut

391 2814 577 2864 expleto
601 2818 810 2863 tempore
832 2811 922 2851 sibi
945 2823 972 2851 a
994 2822 1066 2850 me
1087 2810 1313 2861 praefiXO,
1331 2810 1422 2849 nisi
1438 2810 1589 2861 primo
1605 2809 1731 2849 facta
1747 2807 1885 2847 fuerit
1902 2808 2032 2847 resti—

392 2884 509 2924 tutio
532 2884 579 2924 in
602 2895 769 2923 manus
797 2894 1058 2934 pauperum
1086 2881 1148 2921 ibi
1174 2881 1589 2928 nominandorum,
1614 2879 1726 2919 mihi
1747 2879 1885 2919 liceat
1906 2879 2034 2918 sche—

396 2954 552 2994 dulam
576 2955 727 3005 ipsam
748 2954 815 2994 eis
838 2953 1040 2993 tradere.

474 3025 525 3065 In
547 3026 708 3066 ultimo
727 3025 932 3077 jubilaeo
954 3030 1052 3065 tam
1073 3024 1294 3075 frequens
1317 3023 1376 3063 ad
1397 3029 1609 3063 nostram
1630 3022 1878 3062 ecclesiam
1897 3020 2033 3061 confi—

395 3097 525 3136 tendi
547 3097 701 3147 gratia
729 3101 996 3137 accesserat
1030 3096 1253 3147 populus,
1290 3100 1341 3135 ut
1373 3105 1399 3133 a
1437 3105 1532 3143 me,
1570 3093 1647 3144 qui
1681 3105 1766 3145 pro
1801 3091 2037 3132 Societate
