<?xml version="1.0" encoding="UTF-8"?>
<!DOCTYPE html PUBLIC "-//W3C//DTD XHTML 1.0 Transitional//EN"
    "http://www.w3.org/TR/xhtml1/DTD/xhtml1-transitional.dtd">
<html xmlns="http://www.w3.org/1999/xhtml" xml:lang="en" lang="en">
 <head>
  <title>
</title>
<meta http-equiv="Content-Type" content="text/html;charset=utf-8" />
  <meta name='ocr-system' content='tesseract 3.04.00' />
  <meta name='ocr-capabilities' content='ocr_page ocr_carea ocr_par ocr_line ocrx_word'/>
</head>
<body>
  <div class='ocr_page' id='page_1' title='image "./litteraequadrime1402lain_0468.png"; bbox 0 0 2168 3437; ppageno 0'>
   <div class='ocr_carea' id='block_1_1' title="bbox 328 240 1451 283">
    <p class='ocr_par' dir='ltr' id='par_1_1' title="bbox 328 240 1451 283">
     <span class='ocr_line' id='line_1_1' title="bbox 328 240 1451 283; baseline -0.001 -5"><span class='ocrx_word' id='word_1_1' title='bbox 328 242 399 278; x_wconf 67' lang='lat'>464</span> <span class='ocrx_word' id='word_1_2' title='bbox 840 240 1068 277; x_wconf 81' lang='lat' dir='ltr'>LITTERAE</span> <span class='ocrx_word' id='word_1_3' title='bbox 1094 251 1451 283; x_wconf 78' lang='lat' dir='ltr'>QUADRiMEsrREs</span> 
     </span>
    </p>
   </div>
   <div class='ocr_carea' id='block_1_2' title="bbox 306 336 1970 2810">
    <p class='ocr_par' dir='ltr' id='par_1_2' title="bbox 324 336 1961 459">
     <span class='ocr_line' id='line_1_2' title="bbox 326 336 1961 385; baseline 0.002 -8"><span class='ocrx_word' id='word_1_4' title='bbox 326 339 398 378; x_wconf 90' lang='lat' dir='ltr'>lae</span> <span class='ocrx_word' id='word_1_5' title='bbox 420 338 808 377; x_wconf 86' lang='lat' dir='ltr'>discalceatorum</span> <span class='ocrx_word' id='word_1_6' title='bbox 829 336 1041 385; x_wconf 77' lang='lat' dir='ltr'>tradidit,</span> <span class='ocrx_word' id='word_1_7' title='bbox 1066 337 1184 376; x_wconf 89' lang='lat' dir='ltr'>alter</span> <span class='ocrx_word' id='word_1_8' title='bbox 1203 348 1318 376; x_wconf 85' lang='lat' dir='ltr'>vero</span> <span class='ocrx_word' id='word_1_9' title='bbox 1340 337 1577 378; x_wconf 89' lang='lat' dir='ltr'>mirabiles</span> <span class='ocrx_word' id='word_1_10' title='bbox 1606 338 1715 378; x_wconf 91' lang='lat' dir='ltr'>fecit</span> <span class='ocrx_word' id='word_1_11' title='bbox 1735 338 1782 378; x_wconf 91' lang='lat' dir='ltr'>in</span> <span class='ocrx_word' id='word_1_12' title='bbox 1803 339 1961 381; x_wconf 85' lang='lat' dir='ltr'>divino</span> 
     </span>
     <span class='ocr_line' id='line_1_3' title="bbox 324 410 767 459; baseline 0 -12"><span class='ocrx_word' id='word_1_13' title='bbox 324 410 451 448; x_wconf 88' lang='lat' dir='ltr'>cultu</span> <span class='ocrx_word' id='word_1_14' title='bbox 473 418 767 459; x_wconf 89' lang='lat' dir='ltr'>progressus.</span> 
     </span>
    </p>

    <p class='ocr_par' dir='ltr' id='par_1_3' title="bbox 322 478 1965 1017">
     <span class='ocr_line' id='line_1_4' title="bbox 406 478 1962 531; baseline 0.003 -14"><span class='ocrx_word' id='word_1_15' title='bbox 406 478 690 518; x_wconf 87' lang='lat' dir='ltr'>Confessarii</span> <span class='ocrx_word' id='word_1_16' title='bbox 729 484 886 518; x_wconf 91' lang='lat' dir='ltr'>autem</span> <span class='ocrx_word' id='word_1_17' title='bbox 929 478 1145 518; x_wconf 88' lang='lat' dir='ltr'>laborant</span> <span class='ocrx_word' id='word_1_18' title='bbox 1183 490 1277 518; x_wconf 90' lang='lat' dir='ltr'>non</span> <span class='ocrx_word' id='word_1_19' title='bbox 1315 489 1482 529; x_wconf 91' lang='lat' dir='ltr'>parum</span> <span class='ocrx_word' id='word_1_20' title='bbox 1522 491 1748 531; x_wconf 90' lang='lat' dir='ltr'>suumque</span> <span class='ocrx_word' id='word_1_21' title='bbox 1792 492 1962 521; x_wconf 91' lang='lat' dir='ltr'>munus</span> 
     </span>
     <span class='ocr_line' id='line_1_5' title="bbox 325 548 1962 604; baseline 0.002 -16"><span class='ocrx_word' id='word_1_22' title='bbox 325 561 431 589; x_wconf 89' lang='lat' dir='ltr'>cum</span> <span class='ocrx_word' id='word_1_23' title='bbox 451 561 544 588; x_wconf 89' lang='lat' dir='ltr'>non</span> <span class='ocrx_word' id='word_1_24' title='bbox 564 548 788 589; x_wconf 88' lang='lat' dir='ltr'>mediocri</span> <span class='ocrx_word' id='word_1_25' title='bbox 810 549 1134 599; x_wconf 87' lang='lat' dir='ltr'>aedificatione</span> <span class='ocrx_word' id='word_1_26' title='bbox 1154 550 1398 600; x_wconf 86' lang='lat' dir='ltr'>praeclare</span> <span class='ocrx_word' id='word_1_27' title='bbox 1423 557 1730 602; x_wconf 81' lang='lat' dir='ltr'>exequuntur,</span> <span class='ocrx_word' id='word_1_28' title='bbox 1764 563 1962 604; x_wconf 87' lang='lat' dir='ltr'>quorum</span> 
     </span>
     <span class='ocr_line' id='line_1_6' title="bbox 325 620 1959 673; baseline 0.002 -14"><span class='ocrx_word' id='word_1_29' title='bbox 325 631 444 659; x_wconf 89' lang='lat' dir='ltr'>unus</span> <span class='ocrx_word' id='word_1_30' title='bbox 466 632 490 659; x_wconf 92' lang='lat' dir='ltr'>e</span> <span class='ocrx_word' id='word_1_31' title='bbox 520 620 663 660; x_wconf 88' lang='lat' dir='ltr'>divite</span> <span class='ocrx_word' id='word_1_32' title='bbox 691 621 916 672; x_wconf 86' lang='lat' dir='ltr'>quodam,</span> <span class='ocrx_word' id='word_1_33' title='bbox 944 626 995 661; x_wconf 90' lang='lat' dir='ltr'>ut</span> <span class='ocrx_word' id='word_1_34' title='bbox 1025 621 1205 661; x_wconf 89' lang='lat' dir='ltr'>duobus</span> <span class='ocrx_word' id='word_1_35' title='bbox 1234 621 1521 672; x_wconf 79' lang='lat' dir='ltr'>pauperibus</span> <span class='ocrx_word' id='word_1_36' title='bbox 1547 633 1769 673; x_wconf 88' lang='lat' dir='ltr'>magnam</span> <span class='ocrx_word' id='word_1_37' title='bbox 1800 635 1959 664; x_wconf 91' lang='lat' dir='ltr'>aureo-</span> 
     </span>
     <span class='ocr_line' id='line_1_7' title="bbox 325 691 1963 744; baseline 0.002 -14"><span class='ocrx_word' id='word_1_38' title='bbox 325 702 428 730; x_wconf 92' lang='lat' dir='ltr'>rum</span> <span class='ocrx_word' id='word_1_39' title='bbox 449 701 681 731; x_wconf 89' lang='lat' dir='ltr'>summam</span> <span class='ocrx_word' id='word_1_40' title='bbox 707 691 982 742; x_wconf 86' lang='lat' dir='ltr'>dimitteret,</span> <span class='ocrx_word' id='word_1_41' title='bbox 1005 692 1296 743; x_wconf 81' lang='lat' dir='ltr'>impetravit;</span> <span class='ocrx_word' id='word_1_42' title='bbox 1330 704 1424 732; x_wconf 92' lang='lat' dir='ltr'>non</span> <span class='ocrx_word' id='word_1_43' title='bbox 1451 704 1618 744; x_wconf 91' lang='lat' dir='ltr'>parum</span> <span class='ocrx_word' id='word_1_44' title='bbox 1645 693 1787 734; x_wconf 88' lang='lat' dir='ltr'>etiam</span> <span class='ocrx_word' id='word_1_45' title='bbox 1814 700 1963 734; x_wconf 82' lang='lat' dir='ltr'>exter-</span> 
     </span>
     <span class='ocr_line' id='line_1_8' title="bbox 322 762 1962 816; baseline 0.002 -15"><span class='ocrx_word' id='word_1_46' title='bbox 322 762 397 802; x_wconf 89' lang='lat' dir='ltr'>nis</span> <span class='ocrx_word' id='word_1_47' title='bbox 431 762 748 812; x_wconf 88' lang='lat' dir='ltr'>scholasticis,</span> <span class='ocrx_word' id='word_1_48' title='bbox 790 763 868 814; x_wconf 91' lang='lat' dir='ltr'>qui</span> <span class='ocrx_word' id='word_1_49' title='bbox 908 763 1106 814; x_wconf 87' lang='lat' dir='ltr'>singulis</span> <span class='ocrx_word' id='word_1_50' title='bbox 1141 763 1380 803; x_wconf 92' lang='lat' dir='ltr'>mensibus</span> <span class='ocrx_word' id='word_1_51' title='bbox 1419 763 1714 814; x_wconf 88' lang='lat' dir='ltr'>confitentur,</span> <span class='ocrx_word' id='word_1_52' title='bbox 1750 771 1962 816; x_wconf 82' lang='lat' dir='ltr'><strong>prosunt.</strong></span> 
     </span>
     <span class='ocr_line' id='line_1_9' title="bbox 324 833 1965 887; baseline 0.002 -14"><span class='ocrx_word' id='word_1_53' title='bbox 324 833 470 873; x_wconf 87' lang='lat' dir='ltr'>Multa</span> <span class='ocrx_word' id='word_1_54' title='bbox 498 834 704 885; x_wconf 86' lang='lat' dir='ltr'>quidem,</span> <span class='ocrx_word' id='word_1_55' title='bbox 738 846 858 886; x_wconf 90' lang='lat' dir='ltr'>quae</span> <span class='ocrx_word' id='word_1_56' title='bbox 888 835 948 874; x_wconf 89' lang='lat' dir='ltr'>ad</span> <span class='ocrx_word' id='word_1_57' title='bbox 974 835 1065 875; x_wconf 89' lang='lat' dir='ltr'>Dei</span> <span class='ocrx_word' id='word_1_58' title='bbox 1084 834 1286 885; x_wconf 79' lang='lat' dir='ltr'>gloriam</span> <span class='ocrx_word' id='word_1_59' title='bbox 1316 835 1569 886; x_wconf 80' lang='lat' dir='ltr'>pertinent,</span> <span class='ocrx_word' id='word_1_60' title='bbox 1596 835 1644 875; x_wconf 91' lang='lat' dir='ltr'>in</span> <span class='ocrx_word' id='word_1_61' title='bbox 1671 835 1803 876; x_wconf 81' lang='lat' dir='ltr'>India</span> <span class='ocrx_word' id='word_1_62' title='bbox 1829 842 1965 887; x_wconf 90' lang='lat' dir='ltr'>gesta</span> 
     </span>
     <span class='ocr_line' id='line_1_10' title="bbox 324 905 1961 958; baseline 0.002 -14"><span class='ocrx_word' id='word_1_63' title='bbox 324 905 657 955; x_wconf 84' lang='lat' dir='ltr'>cognovimus,</span> <span class='ocrx_word' id='word_1_64' title='bbox 682 917 775 945; x_wconf 89' lang='lat' dir='ltr'>una</span> <span class='ocrx_word' id='word_1_65' title='bbox 797 911 952 946; x_wconf 91' lang='lat' dir='ltr'>autem</span> <span class='ocrx_word' id='word_1_66' title='bbox 974 917 1081 946; x_wconf 91' lang='lat' dir='ltr'>cum</span> <span class='ocrx_word' id='word_1_67' title='bbox 1101 906 1190 945; x_wconf 90' lang='lat' dir='ltr'>hac</span> <span class='ocrx_word' id='word_1_68' title='bbox 1211 905 1428 945; x_wconf 88' lang='lat' dir='ltr'>indianas</span> <span class='ocrx_word' id='word_1_69' title='bbox 1448 906 1628 946; x_wconf 80' lang='lat' dir='ltr'>litteras</span> <span class='ocrx_word' id='word_1_70' title='bbox 1650 905 1706 946; x_wconf 91' lang='lat' dir='ltr'>de</span> <span class='ocrx_word' id='word_1_71' title='bbox 1727 907 1799 946; x_wconf 89' lang='lat' dir='ltr'>his</span> <span class='ocrx_word' id='word_1_72' title='bbox 1822 918 1961 958; x_wconf 90' lang='lat' dir='ltr'>agen-</span> 
     </span>
     <span class='ocr_line' id='line_1_11' title="bbox 325 976 664 1017; baseline -0.003 -1"><span class='ocrx_word' id='word_1_73' title='bbox 325 982 397 1016; x_wconf 90' lang='lat' dir='ltr'>tes</span> <span class='ocrx_word' id='word_1_74' title='bbox 419 976 664 1017; x_wconf 81' lang='lat' dir='ltr'>mittimus.</span> 
     </span>
    </p>

    <p class='ocr_par' dir='ltr' id='par_1_4' title="bbox 324 1047 1966 1373">
     <span class='ocr_line' id='line_1_12' title="bbox 405 1047 1964 1100; baseline 0.001 -12"><span class='ocrx_word' id='word_1_75' title='bbox 405 1048 477 1088; x_wconf 84' lang='lat' dir='ltr'>Ex</span> <span class='ocrx_word' id='word_1_76' title='bbox 512 1047 784 1088; x_wconf 84' lang='lat' dir='ltr'>Brasiliensi</span> <span class='ocrx_word' id='word_1_77' title='bbox 817 1048 1011 1099; x_wconf 81' lang='lat' dir='ltr'>regione</span> <span class='ocrx_word' id='word_1_78' title='bbox 1046 1047 1230 1088; x_wconf 87' lang='lat' dir='ltr'>litterae</span> <span class='ocrx_word' id='word_1_79' title='bbox 1265 1048 1398 1088; x_wconf 90' lang='lat' dir='ltr'>nobis</span> <span class='ocrx_word' id='word_1_80' title='bbox 1434 1047 1644 1088; x_wconf 88' lang='lat' dir='ltr'>redditae</span> <span class='ocrx_word' id='word_1_81' title='bbox 1679 1054 1807 1097; x_wconf 88' lang='lat' dir='ltr'>sunt,</span> <span class='ocrx_word' id='word_1_82' title='bbox 1843 1060 1964 1100; x_wconf 89' lang='lat' dir='ltr'>quae</span> 
     </span>
     <span class='ocr_line' id='line_1_13' title="bbox 324 1119 1966 1171; baseline 0.001 -13"><span class='ocrx_word' id='word_1_83' title='bbox 324 1131 418 1159; x_wconf 93' lang='lat' dir='ltr'>non</span> <span class='ocrx_word' id='word_1_84' title='bbox 439 1125 596 1159; x_wconf 90' lang='lat' dir='ltr'>tamen</span> <span class='ocrx_word' id='word_1_85' title='bbox 616 1125 808 1171; x_wconf 89' lang='lat' dir='ltr'>septem,</span> <span class='ocrx_word' id='word_1_86' title='bbox 833 1120 910 1171; x_wconf 86' lang='lat' dir='ltr'>qui</span> <span class='ocrx_word' id='word_1_87' title='bbox 931 1120 1020 1159; x_wconf 89' lang='lat' dir='ltr'>hoc</span> <span class='ocrx_word' id='word_1_88' title='bbox 1042 1130 1165 1159; x_wconf 89' lang='lat' dir='ltr'>anno</span> <span class='ocrx_word' id='word_1_89' title='bbox 1187 1131 1240 1159; x_wconf 95' lang='lat' dir='ltr'>eo</span> <span class='ocrx_word' id='word_1_90' title='bbox 1261 1119 1463 1169; x_wconf 86' lang='lat' dir='ltr'>iverunt,</span> <span class='ocrx_word' id='word_1_91' title='bbox 1489 1119 1721 1159; x_wconf 83' lang='lat' dir='ltr'>adventus</span> <span class='ocrx_word' id='word_1_92' title='bbox 1739 1120 1966 1160; x_wconf 81' lang='lat' dir='ltr'>certiores</span> 
     </span>
     <span class='ocr_line' id='line_1_14' title="bbox 326 1190 1960 1242; baseline 0 -12"><span class='ocrx_word' id='word_1_93' title='bbox 326 1202 413 1230; x_wconf 92' lang='lat' dir='ltr'>nos</span> <span class='ocrx_word' id='word_1_94' title='bbox 432 1190 630 1239; x_wconf 71' lang='lat' dir='ltr'>faciunt,</span> <span class='ocrx_word' id='word_1_95' title='bbox 660 1191 1004 1242; x_wconf 88' lang='lat' dir='ltr'>nonnullasque</span> <span class='ocrx_word' id='word_1_96' title='bbox 1030 1202 1107 1230; x_wconf 92' lang='lat' dir='ltr'>res</span> <span class='ocrx_word' id='word_1_97' title='bbox 1137 1190 1185 1230; x_wconf 92' lang='lat' dir='ltr'>in</span> <span class='ocrx_word' id='word_1_98' title='bbox 1212 1190 1376 1231; x_wconf 88' lang='lat' dir='ltr'>eadem</span> <span class='ocrx_word' id='word_1_99' title='bbox 1402 1196 1562 1241; x_wconf 90' lang='lat' dir='ltr'>gestas</span> <span class='ocrx_word' id='word_1_100' title='bbox 1589 1190 1836 1241; x_wconf 86' lang='lat' dir='ltr'>provincia</span> <span class='ocrx_word' id='word_1_101' title='bbox 1857 1202 1960 1231; x_wconf 89' lang='lat' dir='ltr'>nar-</span> 
     </span>
     <span class='ocr_line' id='line_1_15' title="bbox 324 1261 1961 1313; baseline 0 -11"><span class='ocrx_word' id='word_1_102' title='bbox 324 1267 431 1302; x_wconf 84' lang='lat' dir='ltr'>rant</span> <span class='ocrx_word' id='word_1_103' title='bbox 452 1273 654 1313; x_wconf 90' lang='lat' dir='ltr'>magnae</span> <span class='ocrx_word' id='word_1_104' title='bbox 675 1262 1029 1311; x_wconf 87' lang='lat' dir='ltr'>aedificationis,</span> <span class='ocrx_word' id='word_1_105' title='bbox 1054 1273 1171 1313; x_wconf 89' lang='lat' dir='ltr'>quas</span> <span class='ocrx_word' id='word_1_106' title='bbox 1192 1273 1354 1302; x_wconf 90' lang='lat' dir='ltr'>omnes</span> <span class='ocrx_word' id='word_1_107' title='bbox 1370 1262 1518 1311; x_wconf 86' lang='lat' dir='ltr'>brevi,</span> <span class='ocrx_word' id='word_1_108' title='bbox 1538 1261 1741 1302; x_wconf 88' lang='lat' dir='ltr'>Domino</span> <span class='ocrx_word' id='word_1_109' title='bbox 1757 1261 1961 1313; x_wconf 85' lang='lat' dir='ltr'>favente,</span> 
     </span>
     <span class='ocr_line' id='line_1_16' title="bbox 326 1334 711 1373; baseline 0 0"><span class='ocrx_word' id='word_1_110' title='bbox 326 1334 711 1373; x_wconf 85' lang='lat' dir='ltr'>transmittemus.</span> 
     </span>
    </p>

    <p class='ocr_par' dir='ltr' id='par_1_5' title="bbox 306 1403 1970 2454">
     <span class='ocr_line' id='line_1_17' title="bbox 404 1403 1958 1456; baseline 0 -12"><span class='ocrx_word' id='word_1_111' title='bbox 404 1403 596 1445; x_wconf 87' lang='lat' dir='ltr'>Africae</span> <span class='ocrx_word' id='word_1_112' title='bbox 617 1405 664 1444; x_wconf 88' lang='lat' dir='ltr'>in</span> <span class='ocrx_word' id='word_1_113' title='bbox 686 1405 857 1456; x_wconf 90' lang='lat' dir='ltr'>oppido</span> <span class='ocrx_word' id='word_1_114' title='bbox 880 1405 1067 1445; x_wconf 88' lang='lat' dir='ltr'>Tutuan</span> <span class='ocrx_word' id='word_1_115' title='bbox 1086 1404 1231 1445; x_wconf 88' lang='lat' dir='ltr'>multa</span> <span class='ocrx_word' id='word_1_116' title='bbox 1254 1416 1280 1444; x_wconf 95' lang='lat' dir='ltr'>a</span> <span class='ocrx_word' id='word_1_117' title='bbox 1301 1404 1403 1445; x_wconf 91' lang='lat' dir='ltr'>Deo</span> <span class='ocrx_word' id='word_1_118' title='bbox 1426 1404 1531 1456; x_wconf 89' lang='lat' dir='ltr'>Opt.</span> <span class='ocrx_word' id='word_1_119' title='bbox 1554 1404 1681 1445; x_wconf 83' lang='lat' dir='ltr'>Max.</span> <span class='ocrx_word' id='word_1_120' title='bbox 1709 1409 1844 1455; x_wconf 91' lang='lat' dir='ltr'>gesta</span> <span class='ocrx_word' id='word_1_121' title='bbox 1875 1403 1958 1444; x_wconf 89' lang='lat' dir='ltr'>Pa-</span> 
     </span>
     <span class='ocr_line' id='line_1_18' title="bbox 324 1475 1961 1527; baseline 0 -12"><span class='ocrx_word' id='word_1_122' title='bbox 324 1476 411 1515; x_wconf 89' lang='lat' dir='ltr'>tris</span> <span class='ocrx_word' id='word_1_123' title='bbox 429 1475 625 1527; x_wconf 90' lang='lat' dir='ltr'>Joannis</span> <span class='ocrx_word' id='word_1_124' title='bbox 646 1476 808 1517; x_wconf 78' lang='lat' dir='ltr'>Nufiez</span> <span class='ocrx_word' id='word_1_125' title='bbox 829 1482 874 1516; x_wconf 92' lang='lat' dir='ltr'>et</span> <span class='ocrx_word' id='word_1_126' title='bbox 895 1476 1011 1516; x_wconf 92' lang='lat' dir='ltr'>socii</span> <span class='ocrx_word' id='word_1_127' title='bbox 1040 1476 1212 1527; x_wconf 90' lang='lat' dir='ltr'>Ignatii</span> <span class='ocrx_word' id='word_1_128' title='bbox 1241 1476 1502 1516; x_wconf 86' lang='lat' dir='ltr'>ministerio</span> <span class='ocrx_word' id='word_1_129' title='bbox 1529 1476 1818 1516; x_wconf 86' lang='lat' dir='ltr'>nuntiantur.</span> <span class='ocrx_word' id='word_1_130' title='bbox 1849 1475 1961 1515; x_wconf 90' lang='lat' dir='ltr'>Mul-</span> 
     </span>
     <span class='ocr_line' id='line_1_19' title="bbox 324 1547 1965 1599; baseline 0 -13"><span class='ocrx_word' id='word_1_131' title='bbox 324 1552 400 1586; x_wconf 89' lang='lat' dir='ltr'>tos</span> <span class='ocrx_word' id='word_1_132' title='bbox 435 1547 559 1587; x_wconf 89' lang='lat' dir='ltr'>enim</span> <span class='ocrx_word' id='word_1_133' title='bbox 592 1547 796 1598; x_wconf 88' lang='lat' dir='ltr'>quotidie</span> <span class='ocrx_word' id='word_1_134' title='bbox 831 1548 1045 1599; x_wconf 85' lang='lat' dir='ltr'>captivos</span> <span class='ocrx_word' id='word_1_135' title='bbox 1077 1547 1284 1588; x_wconf 85' lang='lat' dir='ltr'>redimit:</span> <span class='ocrx_word' id='word_1_136' title='bbox 1321 1548 1518 1587; x_wconf 90' lang='lat' dir='ltr'>multum</span> <span class='ocrx_word' id='word_1_137' title='bbox 1551 1547 1726 1588; x_wconf 86' lang='lat' dir='ltr'>Christi</span> <span class='ocrx_word' id='word_1_138' title='bbox 1760 1547 1965 1586; x_wconf 89' lang='lat' dir='ltr'>cultores</span> 
     </span>
     <span class='ocr_line' id='line_1_20' title="bbox 306 1619 1961 1670; baseline 0 -13"><span class='ocrx_word' id='word_1_139' title='bbox 306 1623 507 1669; x_wconf 73' lang='lat' dir='ltr'>&#39;omnes,</span> <span class='ocrx_word' id='word_1_140' title='bbox 542 1619 619 1670; x_wconf 88' lang='lat' dir='ltr'>qui</span> <span class='ocrx_word' id='word_1_141' title='bbox 648 1619 695 1658; x_wconf 90' lang='lat' dir='ltr'>in</span> <span class='ocrx_word' id='word_1_142' title='bbox 721 1619 810 1659; x_wconf 90' lang='lat' dir='ltr'>illis</span> <span class='ocrx_word' id='word_1_143' title='bbox 844 1619 1095 1659; x_wconf 85' lang='lat' dir='ltr'>infidelium</span> <span class='ocrx_word' id='word_1_144' title='bbox 1128 1619 1340 1670; x_wconf 89' lang='lat' dir='ltr'>partibus</span> <span class='ocrx_word' id='word_1_145' title='bbox 1369 1624 1640 1669; x_wconf 83' lang='lat' dir='ltr'>versantur,</span> <span class='ocrx_word' id='word_1_146' title='bbox 1675 1619 1961 1670; x_wconf 87' lang='lat' dir='ltr'>consolatur,</span> 
     </span>
     <span class='ocr_line' id='line_1_21' title="bbox 326 1689 1958 1741; baseline 0 -12"><span class='ocrx_word' id='word_1_147' title='bbox 326 1696 425 1729; x_wconf 91' lang='lat' dir='ltr'>tum</span> <span class='ocrx_word' id='word_1_148' title='bbox 446 1701 609 1730; x_wconf 90' lang='lat' dir='ltr'>eorum</span> <span class='ocrx_word' id='word_1_149' title='bbox 631 1690 825 1730; x_wconf 89' lang='lat' dir='ltr'>audiens</span> <span class='ocrx_word' id='word_1_150' title='bbox 847 1690 1185 1741; x_wconf 82' lang='lat' dir='ltr'>confessiones,</span> <span class='ocrx_word' id='word_1_151' title='bbox 1209 1695 1308 1730; x_wconf 89' lang='lat' dir='ltr'>tum</span> <span class='ocrx_word' id='word_1_152' title='bbox 1329 1702 1443 1731; x_wconf 85' lang='lat' dir='ltr'>vero</span> <span class='ocrx_word' id='word_1_153' title='bbox 1465 1690 1606 1730; x_wconf 93' lang='lat' dir='ltr'>etiam</span> <span class='ocrx_word' id='word_1_154' title='bbox 1632 1695 1855 1741; x_wconf 90' lang='lat' dir='ltr'>urgentes</span> <span class='ocrx_word' id='word_1_155' title='bbox 1883 1689 1958 1729; x_wconf 90' lang='lat' dir='ltr'>sti-</span> 
     </span>
     <span class='ocr_line' id='line_1_22' title="bbox 327 1761 1964 1812; baseline -0.001 -12"><span class='ocrx_word' id='word_1_156' title='bbox 327 1761 479 1801; x_wconf 91' lang='lat' dir='ltr'>mulos</span> <span class='ocrx_word' id='word_1_157' title='bbox 513 1762 573 1801; x_wconf 91' lang='lat' dir='ltr'>ad</span> <span class='ocrx_word' id='word_1_158' title='bbox 608 1761 781 1802; x_wconf 87' lang='lat' dir='ltr'>Christi</span> <span class='ocrx_word' id='word_1_159' title='bbox 818 1761 953 1802; x_wconf 85' lang='lat' dir='ltr'>fidem</span> <span class='ocrx_word' id='word_1_160' title='bbox 988 1761 1280 1801; x_wconf 87' lang='lat' dir='ltr'>retinendam</span> <span class='ocrx_word' id='word_1_161' title='bbox 1315 1761 1506 1802; x_wconf 89' lang='lat' dir='ltr'>addens.</span> <span class='ocrx_word' id='word_1_162' title='bbox 1543 1761 1686 1801; x_wconf 87' lang='lat' dir='ltr'>Parat</span> <span class='ocrx_word' id='word_1_163' title='bbox 1719 1766 1964 1812; x_wconf 86' lang='lat' dir='ltr'>praeterea</span> 
     </span>
     <span class='ocr_line' id='line_1_23' title="bbox 328 1831 1963 1885; baseline -0.001 -13"><span class='ocrx_word' id='word_1_164' title='bbox 328 1844 449 1883; x_wconf 91' lang='lat' dir='ltr'>quae</span> <span class='ocrx_word' id='word_1_165' title='bbox 469 1838 619 1884; x_wconf 88' lang='lat' dir='ltr'>potest</span> <span class='ocrx_word' id='word_1_166' title='bbox 644 1833 802 1873; x_wconf 85' lang='lat' dir='ltr'>omnia</span> <span class='ocrx_word' id='word_1_167' title='bbox 836 1833 1193 1884; x_wconf 84' lang='lat' dir='ltr'>aegrotantibus</span> <span class='ocrx_word' id='word_1_168' title='bbox 1223 1833 1448 1884; x_wconf 79' lang='lat' dir='ltr'>captivis,</span> <span class='ocrx_word' id='word_1_169' title='bbox 1474 1832 1551 1885; x_wconf 84' lang='lat' dir='ltr'>qui</span> <span class='ocrx_word' id='word_1_170' title='bbox 1581 1833 1628 1872; x_wconf 89' lang='lat' dir='ltr'>in</span> <span class='ocrx_word' id='word_1_171' title='bbox 1658 1831 1861 1884; x_wconf 86' lang='lat' dir='ltr'>quodam</span> <span class='ocrx_word' id='word_1_172' title='bbox 1888 1843 1963 1883; x_wconf 91' lang='lat' dir='ltr'>op-</span> 
     </span>
     <span class='ocr_line' id='line_1_24' title="bbox 328 1903 1961 1955; baseline -0.001 -12"><span class='ocrx_word' id='word_1_173' title='bbox 328 1903 425 1954; x_wconf 88' lang='lat' dir='ltr'>pidi</span> <span class='ocrx_word' id='word_1_174' title='bbox 444 1904 755 1954; x_wconf 83' lang='lat' dir='ltr'>xenodochio,</span> <span class='ocrx_word' id='word_1_175' title='bbox 780 1904 912 1944; x_wconf 90' lang='lat' dir='ltr'>cuius</span> <span class='ocrx_word' id='word_1_176' title='bbox 934 1904 1034 1955; x_wconf 88' lang='lat' dir='ltr'>ipse</span> <span class='ocrx_word' id='word_1_177' title='bbox 1056 1915 1219 1944; x_wconf 88' lang='lat' dir='ltr'>curam</span> <span class='ocrx_word' id='word_1_178' title='bbox 1239 1904 1400 1955; x_wconf 87' lang='lat' dir='ltr'>habet,</span> <span class='ocrx_word' id='word_1_179' title='bbox 1426 1910 1630 1954; x_wconf 89' lang='lat' dir='ltr'>manent,</span> <span class='ocrx_word' id='word_1_180' title='bbox 1655 1909 1699 1944; x_wconf 93' lang='lat' dir='ltr'>et</span> <span class='ocrx_word' id='word_1_181' title='bbox 1720 1903 1776 1943; x_wconf 92' lang='lat' dir='ltr'>iis</span> <span class='ocrx_word' id='word_1_182' title='bbox 1804 1903 1961 1953; x_wconf 88' lang='lat' dir='ltr'>etiam,</span> 
     </span>
     <span class='ocr_line' id='line_1_25' title="bbox 327 1974 1967 2026; baseline 0 -12"><span class='ocrx_word' id='word_1_183' title='bbox 327 1974 408 2025; x_wconf 85' lang='lat' dir='ltr'>qui</span> <span class='ocrx_word' id='word_1_184' title='bbox 437 1975 496 2014; x_wconf 91' lang='lat' dir='ltr'>ab</span> <span class='ocrx_word' id='word_1_185' title='bbox 522 1975 648 2015; x_wconf 87' lang='lat' dir='ltr'>heris</span> <span class='ocrx_word' id='word_1_186' title='bbox 674 1976 795 2016; x_wconf 90' lang='lat' dir='ltr'>male</span> <span class='ocrx_word' id='word_1_187' title='bbox 824 1981 1103 2015; x_wconf 82' lang='lat' dir='ltr'>tractantur.</span> <span class='ocrx_word' id='word_1_188' title='bbox 1133 1974 1387 2026; x_wconf 86' lang='lat' dir='ltr'>Plusquam</span> <span class='ocrx_word' id='word_1_189' title='bbox 1414 1975 1537 2015; x_wconf 91' lang='lat' dir='ltr'>mille</span> <span class='ocrx_word' id='word_1_190' title='bbox 1567 1986 1736 2015; x_wconf 87' lang='lat' dir='ltr'>aureos</span> <span class='ocrx_word' id='word_1_191' title='bbox 1767 1986 1889 2014; x_wconf 91' lang='lat' dir='ltr'>nunc</span> <span class='ocrx_word' id='word_1_192' title='bbox 1919 1974 1967 2014; x_wconf 92' lang='lat' dir='ltr'>in</span> 
     </span>
     <span class='ocr_line' id='line_1_26' title="bbox 324 2045 1966 2098; baseline 0 -14"><span class='ocrx_word' id='word_1_193' title='bbox 324 2046 625 2096; x_wconf 85' lang='lat' dir='ltr'>captivorum</span> <span class='ocrx_word' id='word_1_194' title='bbox 652 2047 1028 2098; x_wconf 89' lang='lat' dir='ltr'>redemptionem</span> <span class='ocrx_word' id='word_1_195' title='bbox 1055 2046 1115 2086; x_wconf 88' lang='lat' dir='ltr'>ad</span> <span class='ocrx_word' id='word_1_196' title='bbox 1145 2058 1250 2086; x_wconf 92' lang='lat' dir='ltr'>eum</span> <span class='ocrx_word' id='word_1_197' title='bbox 1280 2046 1530 2097; x_wconf 89' lang='lat' dir='ltr'>mittimus,</span> <span class='ocrx_word' id='word_1_198' title='bbox 1556 2057 1672 2098; x_wconf 88' lang='lat' dir='ltr'>quos</span> <span class='ocrx_word' id='word_1_199' title='bbox 1702 2045 1966 2097; x_wconf 84' lang='lat' dir='ltr'>Episcopus</span> 
     </span>
     <span class='ocr_line' id='line_1_27' title="bbox 327 2116 1968 2168; baseline 0 -13"><span class='ocrx_word' id='word_1_200' title='bbox 327 2117 533 2168; x_wconf 85' lang='lat' dir='ltr'>quidam,</span> <span class='ocrx_word' id='word_1_201' title='bbox 559 2118 742 2158; x_wconf 86' lang='lat' dir='ltr'>Eborae</span> <span class='ocrx_word' id='word_1_202' title='bbox 763 2129 888 2158; x_wconf 89' lang='lat' dir='ltr'>nunc</span> <span class='ocrx_word' id='word_1_203' title='bbox 910 2117 1178 2168; x_wconf 87' lang='lat' dir='ltr'>defunctus,</span> <span class='ocrx_word' id='word_1_204' title='bbox 1204 2129 1258 2157; x_wconf 89' lang='lat' dir='ltr'>ac</span> <span class='ocrx_word' id='word_1_205' title='bbox 1279 2117 1490 2157; x_wconf 90' lang='lat' dir='ltr'>nonnulli</span> <span class='ocrx_word' id='word_1_206' title='bbox 1512 2117 1589 2157; x_wconf 88' lang='lat' dir='ltr'>alii</span> <span class='ocrx_word' id='word_1_207' title='bbox 1610 2116 1797 2168; x_wconf 84' lang='lat' dir='ltr'>privati,</span> <span class='ocrx_word' id='word_1_208' title='bbox 1822 2116 1968 2167; x_wconf 91' lang='lat' dir='ltr'>ipsius</span> 
     </span>
     <span class='ocr_line' id='line_1_28' title="bbox 328 2188 1964 2240; baseline -0.001 -12"><span class='ocrx_word' id='word_1_209' title='bbox 328 2188 561 2240; x_wconf 86' lang='lat' dir='ltr'>epistolis,</span> <span class='ocrx_word' id='word_1_210' title='bbox 600 2200 655 2228; x_wconf 92' lang='lat' dir='ltr'>ac</span> <span class='ocrx_word' id='word_1_211' title='bbox 691 2195 823 2229; x_wconf 86' lang='lat' dir='ltr'>tanta</span> <span class='ocrx_word' id='word_1_212' title='bbox 858 2200 1015 2229; x_wconf 92' lang='lat' dir='ltr'>rerum</span> <span class='ocrx_word' id='word_1_213' title='bbox 1048 2189 1328 2229; x_wconf 86' lang='lat' dir='ltr'>necessitate</span> <span class='ocrx_word' id='word_1_214' title='bbox 1368 2189 1610 2235; x_wconf 89' lang='lat' dir='ltr'>commoti,</span> <span class='ocrx_word' id='word_1_215' title='bbox 1648 2188 1808 2238; x_wconf 83' lang='lat' dir='ltr'>largiti</span> <span class='ocrx_word' id='word_1_216' title='bbox 1842 2194 1964 2237; x_wconf 73' lang='lat' dir='ltr'>sunt,</span> 
     </span>
     <span class='ocr_line' id='line_1_29' title="bbox 327 2259 1969 2312; baseline 0.001 -14"><span class='ocrx_word' id='word_1_217' title='bbox 327 2266 469 2310; x_wconf 84' lang='lat' dir='ltr'>atque</span> <span class='ocrx_word' id='word_1_218' title='bbox 490 2260 580 2300; x_wconf 89' lang='lat' dir='ltr'>hoc</span> <span class='ocrx_word' id='word_1_219' title='bbox 598 2260 784 2311; x_wconf 84' lang='lat' dir='ltr'>quidem</span> <span class='ocrx_word' id='word_1_220' title='bbox 804 2266 992 2312; x_wconf 89' lang='lat' dir='ltr'>praeter</span> <span class='ocrx_word' id='word_1_221' title='bbox 1014 2259 1082 2311; x_wconf 90' lang='lat' dir='ltr'>id,</span> <span class='ocrx_word' id='word_1_222' title='bbox 1107 2260 1231 2311; x_wconf 87' lang='lat' dir='ltr'>quod</span> <span class='ocrx_word' id='word_1_223' title='bbox 1251 2259 1360 2299; x_wconf 88' lang='lat' dir='ltr'>hinc.</span> <span class='ocrx_word' id='word_1_224' title='bbox 1388 2271 1572 2311; x_wconf 90' lang='lat' dir='ltr'>semper</span> <span class='ocrx_word' id='word_1_225' title='bbox 1601 2259 1661 2299; x_wconf 92' lang='lat' dir='ltr'>ad</span> <span class='ocrx_word' id='word_1_226' title='bbox 1691 2259 1969 2300; x_wconf 88' lang='lat' dir='ltr'>constitutos</span> 
     </span>
     <span class='ocr_line' id='line_1_30' title="bbox 330 2330 1970 2382; baseline 0.001 -13"><span class='ocrx_word' id='word_1_227' title='bbox 330 2331 542 2371; x_wconf 85' lang='lat' dir='ltr'>homines</span> <span class='ocrx_word' id='word_1_228' title='bbox 563 2332 671 2371; x_wconf 90' lang='lat' dir='ltr'>illuc</span> <span class='ocrx_word' id='word_1_229' title='bbox 692 2331 1040 2372; x_wconf 87' lang='lat' dir='ltr'>transmittitur.</span> <span class='ocrx_word' id='word_1_230' title='bbox 1065 2331 1233 2371; x_wconf 86' lang='lat' dir='ltr'>Incitat</span> <span class='ocrx_word' id='word_1_231' title='bbox 1257 2330 1470 2382; x_wconf 86' lang='lat' dir='ltr'>profecto</span> <span class='ocrx_word' id='word_1_232' title='bbox 1492 2342 1586 2371; x_wconf 88' lang='lat' dir='ltr'>non</span> <span class='ocrx_word' id='word_1_233' title='bbox 1606 2342 1774 2382; x_wconf 90' lang='lat' dir='ltr'>parum</span> <span class='ocrx_word' id='word_1_234' title='bbox 1796 2331 1855 2370; x_wconf 87' lang='lat' dir='ltr'>ad</span> <span class='ocrx_word' id='word_1_235' title='bbox 1881 2331 1970 2371; x_wconf 92' lang='lat' dir='ltr'>Dei</span> 
     </span>
     <span class='ocr_line' id='line_1_31' title="bbox 328 2401 1965 2454; baseline 0 -13"><span class='ocrx_word' id='word_1_236' title='bbox 328 2402 490 2442; x_wconf 90' lang='lat' dir='ltr'>laudes</span> <span class='ocrx_word' id='word_1_237' title='bbox 502 2408 633 2442; x_wconf 88' lang='lat' dir='ltr'>tanta</span> <span class='ocrx_word' id='word_1_238' title='bbox 649 2403 959 2443; x_wconf 87' lang='lat' dir='ltr'>lusitanorum</span> <span class='ocrx_word' id='word_1_239' title='bbox 973 2402 1032 2442; x_wconf 87' lang='lat' dir='ltr'>ad</span> <span class='ocrx_word' id='word_1_240' title='bbox 1047 2402 1164 2442; x_wconf 86' lang='lat' dir='ltr'>haec</span> <span class='ocrx_word' id='word_1_241' title='bbox 1178 2401 1528 2442; x_wconf 85' lang='lat' dir='ltr'>misericordiae</span> <span class='ocrx_word' id='word_1_242' title='bbox 1542 2413 1684 2453; x_wconf 87' lang='lat' dir='ltr'>opera</span> <span class='ocrx_word' id='word_1_243' title='bbox 1698 2402 1965 2454; x_wconf 87' lang='lat' dir='ltr'>propensio.</span> 
     </span>
    </p>

    <p class='ocr_par' dir='ltr' id='par_1_6' title="bbox 328 2473 1967 2596">
     <span class='ocr_line' id='line_1_32' title="bbox 408 2473 1967 2525; baseline 0.001 -13"><span class='ocrx_word' id='word_1_244' title='bbox 408 2473 536 2513; x_wconf 90' lang='lat' dir='ltr'>Velit</span> <span class='ocrx_word' id='word_1_245' title='bbox 557 2473 614 2513; x_wconf 91' lang='lat' dir='ltr'>D.</span> <span class='ocrx_word' id='word_1_246' title='bbox 639 2473 744 2525; x_wconf 91' lang='lat' dir='ltr'>Opt.</span> <span class='ocrx_word' id='word_1_247' title='bbox 769 2473 895 2514; x_wconf 85' lang='lat' dir='ltr'>Max.</span> <span class='ocrx_word' id='word_1_248' title='bbox 919 2473 1009 2513; x_wconf 92' lang='lat' dir='ltr'>hoc</span> <span class='ocrx_word' id='word_1_249' title='bbox 1030 2473 1165 2513; x_wconf 91' lang='lat' dir='ltr'>nobis</span> <span class='ocrx_word' id='word_1_250' title='bbox 1194 2479 1437 2524; x_wconf 86' lang='lat' dir='ltr'>praestare</span> <span class='ocrx_word' id='word_1_251' title='bbox 1459 2473 1654 2522; x_wconf 89' lang='lat' dir='ltr'>donum,</span> <span class='ocrx_word' id='word_1_252' title='bbox 1679 2479 1728 2513; x_wconf 92' lang='lat' dir='ltr'>ut</span> <span class='ocrx_word' id='word_1_253' title='bbox 1749 2473 1797 2512; x_wconf 88' lang='lat' dir='ltr'>in</span> <span class='ocrx_word' id='word_1_254' title='bbox 1826 2473 1967 2513; x_wconf 87' lang='lat' dir='ltr'>omni-</span> 
     </span>
     <span class='ocr_line' id='line_1_33' title="bbox 328 2544 1966 2596; baseline 0.001 -13"><span class='ocrx_word' id='word_1_255' title='bbox 328 2544 417 2584; x_wconf 89' lang='lat' dir='ltr'>bus</span> <span class='ocrx_word' id='word_1_256' title='bbox 443 2544 588 2596; x_wconf 88' lang='lat' dir='ltr'>ipsius</span> <span class='ocrx_word' id='word_1_257' title='bbox 620 2546 911 2585; x_wconf 85' lang='lat' dir='ltr'>voluntatem</span> <span class='ocrx_word' id='word_1_258' title='bbox 939 2544 1256 2594; x_wconf 89' lang='lat' dir='ltr'>intelligamus</span> <span class='ocrx_word' id='word_1_259' title='bbox 1283 2544 1581 2595; x_wconf 85' lang='lat' dir='ltr'>perfecteque</span> <span class='ocrx_word' id='word_1_260' title='bbox 1612 2544 1966 2595; x_wconf 88' lang='lat' dir='ltr'>adimpleamus.</span> 
     </span>
    </p>

    <p class='ocr_par' dir='ltr' id='par_1_7' title="bbox 408 2614 1262 2656">
     <span class='ocr_line' id='line_1_34' title="bbox 408 2614 1262 2656; baseline -0.002 -1"><span class='ocrx_word' id='word_1_261' title='bbox 408 2614 672 2656; x_wconf 87' lang='lat' dir='ltr'>Coimbriae</span> <span class='ocrx_word' id='word_1_262' title='bbox 692 2616 759 2656; x_wconf 88' lang='lat' dir='ltr'>VI</span> <span class='ocrx_word' id='word_1_263' title='bbox 779 2615 882 2656; x_wconf 87' lang='lat' dir='ltr'>idus</span> <span class='ocrx_word' id='word_1_264' title='bbox 904 2615 1121 2656; x_wconf 87' lang='lat' dir='ltr'>Octobris</span> <span class='ocrx_word' id='word_1_265' title='bbox 1147 2614 1262 2655; x_wconf 77' lang='lat'>1553.</span> 
     </span>
    </p>

    <p class='ocr_par' dir='ltr' id='par_1_8' title="bbox 408 2686 533 2728">
     <span class='ocr_line' id='line_1_35' title="bbox 408 2686 533 2728; baseline 0.016 -2"><span class='ocrx_word' id='word_1_266' title='bbox 408 2686 461 2727; x_wconf 85' lang='lat' dir='ltr'>T.</span> <span class='ocrx_word' id='word_1_267' title='bbox 484 2687 533 2728; x_wconf 87' lang='grc' dir='ltr'>Ρ.</span> 
     </span>
    </p>

    <p class='ocr_par' dir='ltr' id='par_1_9' title="bbox 408 2757 794 2810">
     <span class='ocr_line' id='line_1_36' title="bbox 408 2757 794 2810; baseline 0.003 -12"><span class='ocrx_word' id='word_1_268' title='bbox 408 2757 632 2810; x_wconf 87' lang='lat' dir='ltr'>Indignus</span> <span class='ocrx_word' id='word_1_269' title='bbox 652 2759 794 2810; x_wconf 76' lang='lat' dir='ltr'>filiuS,</span> 
     </span>
    </p>
   </div>
   <div class='ocr_carea' id='block_1_3' title="bbox 1345 2845 1750 2898">
    <p class='ocr_par' dir='ltr' id='par_1_10' title="bbox 1345 2845 1750 2898">
     <span class='ocr_line' id='line_1_37' title="bbox 1345 2845 1750 2898; baseline -0.005 -13"><span class='ocrx_word' id='word_1_270' title='bbox 1345 2846 1550 2898; x_wconf 78' lang='lat' dir='ltr'>JAcossth</span> <span class='ocrx_word' id='word_1_271' title='bbox 1579 2845 1750 2885; x_wconf 81' lang='lat' dir='ltr'>MIRoN.</span> 
     </span>
    </p>
   </div>
   <div class='ocr_carea' id='block_1_4' title="bbox 329 2986 1969 3111">
    <p class='ocr_par' dir='ltr' id='par_1_11' title="bbox 329 2986 1969 3111">
     <span class='ocr_line' id='line_1_38' title="bbox 410 2986 1969 3042; baseline -0.001 -14"><span class='ocrx_word' id='word_1_272' title='bbox 410 2989 518 3028; x_wconf 82' lang='lat' dir='ltr'>Non</span> <span class='ocrx_word' id='word_1_273' title='bbox 539 2993 607 3029; x_wconf 80' lang='lat' dir='ltr'>est</span> <span class='ocrx_word' id='word_1_274' title='bbox 629 2989 994 3042; x_wconf 68' lang='lat' dir='ltr'>superscriptio,</span> <span class='ocrx_word' id='word_1_275' title='bbox 1024 2989 1107 3029; x_wconf 81' lang='lat' dir='ltr'>sed</span> <span class='ocrx_word' id='word_1_276' title='bbox 1127 2992 1315 3029; x_wconf 80' lang='lat' dir='ltr'>tantum</span> <span class='ocrx_word' id='word_1_277' title='bbox 1335 2987 1385 3027; x_wconf 78' lang='lat' dir='ltr'>in</span> <span class='ocrx_word' id='word_1_278' title='bbox 1406 2987 1501 3027; x_wconf 78' lang='lat' dir='ltr'>mm</span> <span class='ocrx_word' id='word_1_279' title='bbox 1529 2990 1728 3038; x_wconf 74' lang='lat' dir='ltr'>quartae</span> <span class='ocrx_word' id='word_1_280' title='bbox 1752 2986 1969 3038; x_wconf 78' lang='lat' dir='ltr'>paginae</span> 
     </span>
     <span class='ocr_line' id='line_1_39' title="bbox 329 3057 1855 3111; baseline 0 -14"><span class='ocrx_word' id='word_1_281' title='bbox 329 3069 436 3110; x_wconf 73' lang='lat' dir='ltr'>ora,</span> <span class='ocrx_word' id='word_1_282' title='bbox 455 3059 651 3110; x_wconf 74' lang='lat' dir='ltr'>sgnotae</span> <span class='ocrx_word' id='word_1_283' title='bbox 672 3072 845 3101; x_wconf 73' lang='lat' dir='ltr'>manus</span> <span class='ocrx_word' id='word_1_284' title='bbox 868 3061 1146 3111; x_wconf 71' lang='lat' dir='ltr'>llaecpaaca</span> <span class='ocrx_word' id='word_1_285' title='bbox 1167 3059 1426 3109; x_wconf 74' lang='lat' dir='ltr'>leguntur.-</span> <span class='ocrx_word' id='word_1_286' title='bbox 1448 3058 1501 3109; x_wconf 86' lang='lat' dir='ltr'>Q.</span> <span class='ocrx_word' id='word_1_287' title='bbox 1527 3057 1745 3098; x_wconf 90' lang='lat' dir='ltr'>Coimbra</span> <span class='ocrx_word' id='word_1_288' title='bbox 1759 3089 1769 3109; x_wconf 89' lang='lat'>,</span> <span class='ocrx_word' id='word_1_289' title='bbox 1790 3058 1855 3097; x_wconf 80' lang='lat'>53.</span> 
     </span>
    </p>
   </div>
  </div>
 </body>
</html>
