2168 3437
308 254 382 292 368
828 252 1054 289 LITTERAE
1082 263 1440 295 QUADRIMESTRES

391 350 624 391 Antonius
646 349 839 400 Cousin‚
863 349 937 388 vir
959 360 1189 389 annorum
1209 349 1378 400 viginti
1399 361 1504 402 sex,
1529 355 1609 390 aut
1629 349 1750 390 forte
1777 349 1948 401 viginti

308 427 509 473 septem,
535 420 589 460 de
611 432 701 472 quo
724 420 867 460 semel
888 419 1029 460 etiam
1050 419 1109 460 ad
1135 419 1275 460 Rdam
1300 419 1350 460 Ρ.
1381 426 1509 461 tuam
1538 420 1836 472 scripsimus,
1871 422 1950 472 qui

309 503 434 531 anno
457 490 686 542 superiori
713 490 948 530 exercitiis
978 489 1228 531 Societatis
1257 491 1518 540 institutus,
1551 496 1740 531 nostrae
1771 491 1948 543 profes·

307 562 453 602 sionis
473 562 600 612 leges
628 561 759 612 sequi
786 560 1082 612 decreverat,
1114 561 1161 601 in
1191 567 1356 602 sancto
1383 562 1623 614 proposito
1654 568 1946 613 perseverat,

307 633 389 684 qui
410 632 468 672 ad
490 631 825 672 Paternitatem
851 638 981 672 tuam
1006 631 1270 672 Romanum
1299 633 1386 672 iter
1416 633 1716 684 ingressurus
1744 638 1839 683 est,
1874 645 1948 673 ex-

305 704 427 743 actis
458 703 672 743 omnibus
706 703 926 754 negotiis;
964 715 1074 743 nam
1108 702 1322 743 Lutetiae
1357 703 1600 743 nobiscum
1634 715 1850 754 manere,
1890 704 1947 743 ob

308 775 542 826 legitimas
563 774 795 826 rationes,
822 786 990 825 parum
1011 775 1275 815 consultum
1295 774 1382 814 sibi
1402 775 1654 826 persuadet
1677 773 1706 813 ¹.

388 845 625 896 Quantum
645 857 759 886 vero
782 845 842 886 ad
863 845 1188 896 evangelicam
1210 857 1410 886 messem
1438 845 1622 897 attinet,
1652 845 1792 886 Pater
1822 845 1836 864 ²
1864 857 1948 886 suo

306 928 492 968 semper
530 917 719 957 functus
759 923 829 957 est
868 928 1061 957 munere
1095 916 1143 956 in
1182 916 1449 967 audiendis,
1493 917 1778 968 quotidianis
1814 929 1945 969 pene,

305 987 679 1028 >confessionibus
707 993 750 1028 et
780 987 1155 1038 frequentatione
1185 987 1492 1027 infirmorum.
1530 987 1676 1039 Atqui
1705 987 1843 1028 modo
1873 999 1947 1040 pe-

304 1060 392 1100 stis
413 1071 507 1100 non
528 1060 630 1100 leve
657 1060 988 1100 detrimentum
1018 1058 1247 1100 fructibus
1277 1059 1598 1111 spiritualibus
1627 1059 1792 1100 adfert.
1828 1058 1948 1100 Nam

305 1132 365 1172 ob
387 1131 532 1183 pestis
551 1130 815 1182 grassantis
846 1141 1021 1181 urgens
1048 1131 1327 1182 periculum,
1359 1131 1612 1172 Abbatiam
1643 1129 1688 1171 S.
1724 1130 1948 1171 Germani

303 1214 474 1254 parum
500 1208 650 1243 tutum
678 1208 747 1243 est
774 1202 924 1253 adire,
956 1208 999 1242 et
1026 1201 1181 1253 Pater,
1218 1214 1400 1242 summa
1435 1202 1788 1253 observatione,
1826 1201 1944 1242 dele-

303 1281 432 1315 ctum
454 1274 744 1315 infirmorum
764 1274 928 1325 habet,
957 1285 1016 1314 ne
1044 1285 1094 1313 se
1122 1279 1167 1314 et
1193 1274 1464 1314 universam
1490 1273 1716 1314 familiam
1743 1273 1790 1313 in
1821 1273 1948 1314 Vitae

304 1346 559 1386 discrimen
587 1346 802 1386 adducat.
840 1344 1120 1385 Benedictus
1155 1345 1215 1386 sit
1242 1344 1496 1397 Dominus,
1526 1345 1605 1397 qui
1630 1350 1827 1396 paterna
1863 1356 1948 1385 sua

308 1417 558 1458 clementia
578 1428 664 1457 nos
686 1417 895 1468 corripit.

385 1488 712 1529 Reverendiss.
758 1488 1019 1540 Episcopus
1054 1488 1417 1529 Clarmontanus
1456 1487 1469 1506 ⁵
1508 1487 1775 1528 Dioecesim
1813 1498 1947 1527 suam

301 1561 433 1601 adiit.
448 1560 737 1612 Propensum
749 1571 865 1611 erga
879 1572 965 1600 nos
982 1560 1202 1611 animum,
1223 1560 1607 1600 adversariorum
1621 1559 1807 1599 vinulla
1824 1569 1943 1599 com—

303 1638 505 1683 motum,
536 1644 720 1683 semper
754 1637 913 1672 servat
939 1632 1232 1672 incolumem.
1267 1631 1364 1672 Imo
1393 1631 1648 1672 ardentiori
1669 1631 1834 1682 spiritu
1861 1641 1945 1670 nos

304 1704 735 1756 prosequividetur.
754 1702 888 1762 Nam,
907 1709 1237 1756 praeterquam
1255 1703 1378 1756 quod
1394 1704 1597 1753 domum,
1617 1714 1757 1754 quam
1772 1701 1947 1742 inhabi-

302 1782 478 1825 tamUS,
503 1775 760 1815 redditibus
788 1775 954 1815 annuis
975 1775 1184 1815 dotatam
1204 1775 1339 1815 nobis
1359 1774 1633 1827 promittere
1653 1779 1941 1826 perseverat,

304 1847 398 1887 iam
419 1847 656 1887 Primores
678 1846 882 1886 civitatis
903 1847 1054 1886 Billon
1075 1847 1121 1886 in
1142 1846 1369 1887 Alvernia
1392 1846 1611 1886 convenit
1639 1857 1777 1897 super
1804 1855 1942 1896 nego-

301 1918 368 1958 tio
396 1917 643 1959 Societatis
678 1917 848 1958 ibidem
881 1917 1113 1958 fovendae
1148 1918 1208 1958 ad
1233 1917 1489 1958 iuventutis
1524 1917 1865 1957 institutionem
1901 1923 1944 1956 et

301 1989 586 2029 scholastica
608 1989 992 2040 exercitamenta,
1016 1989 1108 2040 qui,
1132 1994 1350 2041 prompto
1373 1989 1545 2039 animo,
1575 1988 1722 2040 ipsius
1749 1987 1945 2028 arbitrio

301 2061 583 2112 suffragium
605 2061 859 2101 contulere.

382 2132 583 2183 Quidam
604 2131 782 2172 Doctor
803 2132 1073 2183 theologus,
1097 2143 1295 2183 praeses.
1320 2132 1559 2184 gymnasii
1588 2130 1941 2182 Petragoricen—

298 2204 367 2244 sis
387 2202 416 2255 ⁴,
442 2204 499 2244 ab
521 2204 756 2255 Episcopo
787 2209 831 2243 et
859 2203 1040 2244 civibus
1069 2203 1305 2255 primariis
1335 2204 1463 2244 urbis
1492 2203 1827 2253 Petragoricae
1854 2202 1942 2241 ele-

301 2282 425 2324 ctus,
468 2276 589 2315 hanc
624 2275 684 2315 ad
718 2287 803 2315 nos
837 2275 983 2315 literis
1017 2275 1172 2315 missis
1213 2275 1499 2326 legationem
1538 2274 1816 2324 destinavit,
1852 2273 1941 2313 hac

300 2347 489 2397 negocii
537 2346 608 2386 sui
653 2352 982 2397 argumentum
1031 2346 1373 2386 exclamatione
1427 2358 1652 2386 exorsus:
1712 2344 1941 2385 “Utinam

304 2417 424 2457 Rdus
447 2417 496 2457 Ρ.
533 2417 590 2457 D.
628 2417 838 2468 Ignatius
872 2417 918 2457 in
952 2418 1109 2458 animo
1142 2417 1335 2458 haberet
1370 2417 1598 2469 quosdam
1625 2429 1684 2457 ex
1717 2415 1940 2457 fratribus

301 2490 351 2529 in
383 2489 469 2529 has
502 2488 721 2539 regiones
757 2488 965 2529 mittere!
1001 2500 1095 2529 non
1130 2488 1288 2529 dubito
1323 2490 1434 2541 quin
1468 2490 1570 2541 plus
1605 2493 1938 2539 promoverent

298 2561 502 2611 gloriam
536 2559 643 2611 Dei,
673 2571 813 2611 quam
846 2560 895 2600 in
928 2560 1169 2612 quibusvis
1202 2561 1493 2612 regionibus3
1531 2566 1574 2601 et
1601 2560 1690 2600 hoc
1720 2570 1831 2600 vere
1862 2558 1937 2598 ad-

300 2632 431 2672 dam:
464 2633 712 2684 plusquam
733 2632 779 2672 in
800 2632 1005 2672 externis
1034 2637 1078 2672 et
1107 2631 1274 2673 indicis
1301 2633 1409 2673 oris.
1439 2632 1598 2684 Usque
1626 2632 1742 2672 adeo
1769 2641 1937 2671 nomen

302 2702 405 2754 Dei,
430 2703 582 2742 cultus
603 2709 647 2743 et
669 2703 884 2743 doctrina
911 2703 1112 2755 caligine
1134 2704 1336 2755 quadam
1360 2704 1452 2744 imo
1474 2703 1678 2744 tenebris
1700 2702 1937 2743 obsoleve-

356 2887 367 2906 ¹
407 2887 515 2922 Hujus
527 2888 666 2915 Antonii
680 2888 802 2915 Cousin
814 2892 911 2915 aetas
923 2895 997 2914 cum
1008 2891 1124 2915 aetate
1139 2889 1298 2916 convenit
1314 2889 1414 2922 illius.
1428 2896 1525 2923 quem
1537 2889 1716 2923 descripsit
1732 2889 1801 2923 ipse
1818 2887 1937 2924 Clays-

298 2934 415 2962 sonius
430 2942 544 2968 supra,
560 2942 637 2969 pag.
656 2934 705 2962 100
720 2939 752 2962 et
768 2935 830 2962 101.

356 2981 369 3000 2
407 2980 511 3007 Pater
527 2980 732 3009 Paschasius
747 2981 862 3009 Brosst.

355 3027 368 3046 5
407 3027 593 3054 Gulielmus
609 3028 651 3054 du
668 3028 761 3055 Prat.

354 3074 369 3094 ⁴
406 3074 491 3101 Vide
509 3075 676 3109 PoLANco,
695 3075 897 3109 chronicon,
911 3079 934 3103 t.
951 3083 997 3109 111,
1011 3084 1089 3111 pag.
1103 3077 1165 3111 300,
1182 3082 1296 3106 annot.
1314 3080 1338 3106 1.
