2168 3437
874 232 958 270 AN.
989 233 1089 270 1554
1732 234 1804 270 673

162 330 256 369 iam
277 329 337 369 ad
357 329 633 380 pariendum
653 329 859 370 vicinam
883 328 908 381 ¹,
932 341 1018 382 pro
1041 341 1132 381 qua
1160 329 1215 370 de
1244 329 1316 370 die
1342 336 1571 381 nocteque
1592 330 1798 370 maxima

161 400 444 452 frequentia,
468 411 650 441 summa
672 401 918 452 religione,
943 401 1125 452 publice
1146 401 1461 452 supplicatum
1483 406 1552 441 est
1574 401 1632 441 ab
1655 402 1799 441 omni-

161 472 247 511 bus
268 471 492 523 cuiusque
514 472 690 512 ordinis
720 478 860 524 atque
891 472 1074 512 aetatis.
1106 472 1157 512 In
1187 472 1321 512 cuius
1341 472 1548 523 gratiam
1568 471 1801 512 Dominus

163 542 428 582 Cardinalis
462 542 670 594 Legatus
706 541 719 560 ²
755 542 1096 594 indulgentiam
1137 542 1394 593 concessit,
1439 554 1559 594 quae
1601 542 1799 583 duorum

160 612 406 653 dumtaxat
428 614 646 654 altarium
673 614 997 654 adorationem
1027 614 1318 665 requirebat:
1342 625 1509 654 verum
1529 615 1683 664 multi,
1708 625 1798 666 quo

160 683 304 724 tutius
325 684 592 736 certiusque
613 696 668 725 ea
688 685 973 736 potirentur,
1002 684 1209 735 ieiuniis,
1239 684 1634 735 confessionibus,
1661 691 1800 737 atque

159 761 458 795 sacramento
478 763 812 796 sacrosanctae
832 756 1146 796 eucharistiae
1163 768 1212 795 se
1229 762 1590 807 praepararunt.
1611 756 1684 796 Ex
1705 757 1802 808 qui-

160 826 246 865 bus
266 824 454 865 ducenti
475 826 599 878 apud
620 838 708 866 nos
734 826 1032 867 sanctissimo
1053 826 1227 867 Christi
1260 838 1458 878 corpore
1488 827 1652 867 refecti
1672 834 1795 867 sunt.

161 896 205 937 A
225 897 359 948 regia
379 897 653 937 mandatum
674 904 744 938 est
764 907 814 938 ut
836 904 880 938 et
909 898 1000 938 viri
1031 898 1202 938 mortui
1236 905 1280 938 et
1310 898 1472 938 uxoris
1491 898 1802 950 periclitantis

160 979 369 1008 essemus
390 979 642 1017 memores,
665 980 798 1021 quos,
822 975 871 1009 ut
893 969 1226 1020 aequissimum
1247 975 1337 1020 est,
1361 969 1558 1020 ieiuniis,
1584 970 1801 1021 precibus

161 1051 216 1079 ac
237 1038 483 1079 sacrificiis
504 1040 661 1080 multis
681 1052 767 1092 pro
797 1047 961 1080 nostra
990 1040 1118 1080 tenui
1144 1046 1279 1092 parte
1307 1041 1590 1081 adiuvimus.
1615 1041 1704 1092 Qui
1723 1053 1800 1081 no-

160 1110 231 1150 bis
259 1122 452 1162 operam
481 1111 615 1161 dant‚
649 1111 914 1162 angelicam
943 1111 1265 1163 precationem
1293 1111 1604 1163 quinquagies
1638 1112 1800 1164 identi—

161 1182 268 1222 dem
288 1182 582 1234 repetebant,
615 1182 825 1234 aliasque
856 1194 1021 1235 preces
1051 1181 1257 1222 Domino
1280 1182 1537 1223 offerebant
1565 1184 1800 1235 postulan-

163 1260 234 1293 tes
257 1253 380 1305 quod
403 1254 491 1305 ipsi
513 1260 636 1293 esset
656 1254 996 1304 gratissimum.

241 1324 317 1365 Ad
344 1325 596 1365 conciones
626 1331 766 1376 atque
792 1325 1016 1365 lectiones
1046 1326 1177 1365 multi
1208 1325 1468 1375 confluunt,
1493 1332 1631 1377 atque
1653 1327 1802 1378 quoti-

161 1395 234 1436 die
255 1396 409 1447 magis
431 1396 600 1436 crescit
620 1408 858 1437 numerus.
882 1396 1202 1436 Concionatur
1224 1396 1363 1436 Pater
1392 1397 1590 1438 Iacobus
1611 1398 1668 1438 de
1690 1397 1801 1438 San-

162 1473 238 1507 cta
253 1471 316 1518 5⁶3
341 1467 563 1518 dogmata
581 1467 838 1508 christiana
859 1467 1050 1519 exponit
1067 1466 1206 1507 Pater
1223 1467 1507 1508 Franciscus
1522 1468 1798 1509 Rodericus.

169 1538 376 1591 Uterque
397 1539 532 1578 nobis
553 1544 597 1578 et
618 1538 909 1579 auditoribus
929 1538 1175 1578 satisfacit.

246 1609 585 1662 Praeceptores
624 1610 882 1661 funguntur
916 1621 1000 1649 suo
1032 1621 1224 1649 munere
1247 1621 1359 1650 sane
1390 1617 1598 1651 strenue:
1631 1611 1723 1652 duo
1755 1613 1801 1652 in

164 1681 380 1721 morbum
408 1681 692 1732 inciderunt3
724 1682 841 1721 alter
870 1680 941 1720 bis
971 1691 1195 1731 magnam
1225 1681 1471 1731 sanguinis
1501 1682 1686 1733 copiam
1718 1682 1802 1722 eie-

165 1753 251 1803 cit3
274 1752 321 1792 in
343 1763 544 1804 quorum
564 1753 719 1792 locum
742 1757 1072 1791 successerunt
1102 1751 1193 1791 alii.
1225 1750 1389 1792 Studia
1416 1753 1570 1803 magis
1599 1753 1804 1804 quotidie

164 1824 440 1874 florescunt,
473 1835 670 1875 quorum
702 1822 1046 1863 administratio
1080 1822 1403 1863 admirabilem
1433 1824 1804 1864 consolationem

165 1895 631 1946 aedificationemque
651 1894 865 1934 omnibus
887 1893 1041 1943 affert,
1062 1894 1183 1933 unde
1201 1894 1416 1945 ingentes
1437 1894 1525 1934 Dei
1545 1895 1708 1935 laudes
1726 1908 1801 1935 na-

164 1973 373 2006 scuntur.
409 1966 608 2006 Iuvenes
636 1965 867 2005 maximos
895 1975 1177 2016 progressus
1212 1965 1258 2005 in
1292 1966 1545 2006 virtutibus
1580 1973 1624 2006 et
1658 1967 1804 2016 literis

162 2037 361 2087 faciunt,
385 2037 503 2077 adeo
525 2042 574 2077 ut
596 2037 782 2088 singula
805 2036 1020 2088 persequi
1037 2036 1231 2087 longum
1251 2044 1389 2076 esset.
1409 2036 1670 2088 Quemdam
1686 2038 1803 2078 inse-

162 2110 377 2149 ctabatur
400 2110 518 2149 alter
544 2114 788 2156 externus,
820 2119 1019 2159 cumque
1048 2115 1180 2158 pater
1207 2109 1346 2147 vellet
1372 2108 1592 2148 iniuriam
1622 2110 1801 2159 ulcisci,

163 2193 242 2230 ne,
279 2180 454 2232 inquit,
491 2179 714 2229 obsecro,
751 2185 915 2230 pater,
952 2178 1100 2218 facias
1135 2185 1299 2218 contra
1335 2190 1412 2226 ea,
1452 2191 1572 2230 quae
1613 2180 1800 2220 doceor.

162 2251 294 2291 Multi
325 2251 603 2292 confitentur
638 2263 693 2291 ac
730 2251 1078 2291 communicant
1113 2250 1309 2301 singulis
1344 2251 1507 2290 diebus
1537 2251 1801 2303 dominicis,

162 2329 449 2375 praeparant
475 2334 524 2363 se
554 2322 627 2362 die
653 2321 843 2362 Saturni
871 2321 1206 2373 pomeridianis
1228 2322 1380 2372 horis,
1404 2333 1514 2361 nam
1543 2329 1640 2362 tum
1669 2323 1805 2363 citius

162 2394 454 2434 dimittuntur
481 2393 516 2445 5;
548 2394 779 2444 reliquum
800 2400 984 2444 tempus
1015 2393 1061 2432 in
1092 2392 1308 2443 precibus
1329 2399 1673 2433 consumentes.
1699 2393 1803 2433 Non

165 2465 539 2515 praetermittam
566 2476 774 2514 sacrum,
804 2463 878 2503 cui
907 2475 1089 2503 summa
1119 2463 1376 2503 attentione
1407 2464 1659 2515 intersunt,
1693 2465 1803 2504 inte-

162 2536 251 2576 rim
271 2535 328 2577 de
349 2537 478 2577 libris
510 2536 658 2576 sacris
689 2535 864 2586 aliquid
885 2534 1153 2574 recitantes.
1186 2533 1237 2573 In
1264 2535 1384 2574 vicis
1404 2547 1551 2586 usque
1574 2547 1629 2575 eo
1652 2536 1805 2587 quiete

217 2723 227 2742 ¹
268 2723 409 2756 Joanna,
426 2722 540 2750 Caroli
555 2722 587 2749 V
603 2722 672 2749 filia
687 2726 720 2749 et
735 2721 885 2755 Joannis,
898 2720 1133 2755 Portugalliae
1150 2720 1328 2755 Principisv
1341 2729 1438 2755 uxor,
1451 2721 1554 2749 filium
1566 2722 1600 2750 in
1611 2724 1720 2750 lucem
1735 2724 1803 2750 edi-

162 2770 210 2797 dit
227 2769 467 2798 Sebastianum
478 2792 484 2804 ,
499 2769 563 2797 20.a
577 2769 731 2802 januarii
748 2769 847 2803 hujus
862 2769 940 2796 anni
959 2769 1043 2803 1551,
1060 2769 1111 2795 die
1127 2769 1257 2796 scilicet
1273 2773 1349 2803 post
1364 2769 1504 2803 Joannis
1519 2770 1648 2797 obitum
1663 2770 1807 2803 decima,

166 2821 301 2845 octava.

217 2865 231 2884 ‘2
269 2865 301 2892 Is
316 2866 379 2893 hoc
394 2869 545 2900 tempore
561 2869 637 2892 erat
652 2866 722 2899 ipse
738 2865 924 2899 Henficus,
939 2864 1133 2892 Cardinalis
1152 2868 1185 2890 et
1208 2864 1392 2891 Eborensis
1409 2865 1713 2901 Archiepiscopus,
1737 2868 1800 2899 cni,

163 2917 328 2948 tanquam
344 2913 517 2940 Pontificis
531 2914 664 2947 legato.
682 2921 801 2940 munus
817 2913 880 2940 hoc
895 2912 1132 2947 promulgandi
1148 2912 1181 2939 in
1196 2912 1410 2946 Portugallia
1423 2913 1565 2947 jubilaei
1585 2915 1802 2942 commissum

162 2964 225 2988 est.
240 2961 301 2989 Ait
316 2962 404 2989 enirn
418 2961 604 2995 Pomm-cus,
623 2961 828 2991 Clzrom'con,
839 2964 863 2988 t.
880 2968 926 2994 lv,
940 2961 1017 2987 dum
1032 2960 1117 2987 haec
1133 2960 1346 2987 transcribit:
1362 2959 1567 2988 Cardinalz's
1581 2964 1620 2989 ut
1636 2961 1802 2996 Legatus.

215 3009 229 3029 5
267 3009 402 3037 Dimitti
419 3009 519 3037 citius
534 3010 688 3036 alumnos
703 3009 755 3035 die
771 3008 914 3036 Sabbati
930 3011 1082 3041 tempore
1105 3008 1302 3042 vespertino
1319 3007 1352 3035 in
1373 3010 1660 3044 consuetudinem,
1680 3014 1808 3045 tempo-

162 3056 209 3084 ris
225 3057 380 3091 decursu,
396 3056 482 3084 abiit
497 3060 530 3084 et
544 3057 619 3091 lege
635 3060 803 3083 statutum
818 3055 850 3083 in
865 3054 1051 3082 Societatis
1067 3053 1239 3088 Collegiis.

356 3116 405 3154 T.
431 3128 474 3154 Π.
1432 3117 1435 3121 ’
1518 3128 1562 3163 43
