2168 3437
899 264 983 301 Ax.
1014 265 1106 302 1553
1761 265 1833 304 305

185 360 490 400 ediscendam
523 367 673 401 artem
705 361 790 401 sub
824 373 938 401 suae
976 361 1082 402 fidei
1118 361 1446 402 commissione
1482 362 1711 413 suscepit,
1751 375 1829 414 pa-

186 430 399 470 rentibus
427 430 616 471 domum
644 432 896 472 remittere.
930 431 1110 472 Verum
1138 433 1273 472 aliter
1301 432 1457 472 visum
1483 438 1554 472 est
1584 432 1739 483 Patri,
1774 445 1831 473 ne

190 503 288 541 sale
309 508 413 541 acta
432 508 649 542 carerent
665 503 965 554 prudentiae:
984 503 1188 554 superba
1210 502 1397 554 quidem
1412 503 1535 543 illico
1553 503 1827 554 omittenda,

188 584 417 623 personas
437 585 551 613 vero
572 585 656 624 per
677 573 865 625 aliquod
886 573 1111 625 temporis
1135 574 1338 625 spatium
1365 574 1412 614 in
1440 574 1606 614 melius
1638 586 1830 614 conver-

188 643 355 684 tendas
377 650 555 695 censet,
581 650 719 695 atque
742 645 920 684 interea
941 655 1026 684 sex
1046 650 1220 695 puncta
1252 656 1278 684 a
1306 645 1565 685 venerabili
1586 645 1830 686 Bonaven-

189 720 296 754 tura
317 715 364 754 in
385 714 481 754 suis
501 715 884 755 meditationibus
904 714 960 754 de
981 714 1079 754 vita
1102 714 1296 765 Christi,
1317 726 1419 766 cap.
1449 715 1516 764 12,
1541 716 1826 768 conscripta,

192 796 312 837 quae
341 784 480 825 Pater
507 785 554 825 in
581 787 886 825 vernaculam
912 785 1149 825 transtulit
1182 786 1413 836 linguam,
1448 787 1489 826 ei
1518 788 1832 828 exscribenda

185 867 392 907 suasque
424 855 636 896 docenda
666 856 876 905 tradidit,
914 862 963 896 ut
999 856 1127 896 hisce
1164 856 1334 907 politas
1369 858 1682 909 ornamentis,
1714 870 1832 910 quas

190 926 346 977 docet,
370 926 559 966 tandem
580 926 639 966 ad
659 927 876 978 proprias
903 927 1181 977 remitteret,
1215 938 1296 966 seu
1322 928 1644 978 parentibus...
1674 927 1683 946 ¹
1708 929 1832 969 iube-

186 1004 260 1038 ret
280 1009 329 1037 se
351 998 548 1049 amplius
575 999 697 1037 nolle
727 998 898 1038 talibus
929 998 1154 1049 occupari
1184 997 1433 1038 mundanis
1463 999 1827 1040 curiositatibus.

188 1069 273 1119 At,
310 1068 512 1109 Domino
543 1069 837 1120 disponente,
870 1068 1158 1109 renunciatis
1190 1069 1284 1108 iam
1313 1069 1493 1109 cunctis
1521 1069 1622 1110 istis
1649 1070 1829 1111 vanita-

189 1140 332 1188 tibus,
357 1140 694 1191 discipularum
714 1151 934 1180 numerus
957 1140 1146 1180 illaesus
1176 1140 1455 1191 permansit,
1489 1152 1605 1192 quas
1626 1142 1830 1193 quotidie

192 1211 480 1263 simpliciora
505 1223 560 1251 ac
582 1211 823 1251 hominum
844 1211 949 1251 usui
969 1211 1241 1252 necessaria
1262 1211 1432 1251 docere
1453 1213 1622 1264 pergit.

273 1281 515 1332 Quaedam
545 1293 745 1333 persona
778 1282 824 1321 in
854 1282 1154 1322 matrimonio
1190 1282 1470 1333 constituta,
1505 1284 1641 1323 avide
1677 1284 1831 1324 admo-

187 1352 301 1392 dum
320 1353 457 1393 huius
478 1353 638 1393 mundi
659 1364 949 1404 prosequens
970 1353 1347 1405 sensualitatem,
1371 1355 1493 1394 ultro
1515 1355 1706 1395 tandem
1728 1362 1832 1407 post

191 1423 373 1475 aliquas
394 1423 710 1464 confessiones
731 1423 920 1464 Patrem
942 1424 1095 1475 coepit
1115 1436 1313 1476 rogare,
1335 1437 1430 1465 non
1453 1426 1576 1466 enim
1594 1426 1832 1478 singulare

191 1494 303 1546 quid
331 1494 605 1535 confitentes
633 1495 786 1534 moliri
813 1495 964 1534 solent
994 1495 1168 1546 absque
1195 1507 1382 1545 eorum,
1415 1497 1582 1548 quibus
1613 1497 1830 1538 confiten-

118 1559 122 1566 ’
187 1571 286 1616 tur,
309 1565 600 1617 praeiudicio
632 1572 675 1606 et
708 1566 927 1617 consilio,
958 1572 1008 1606 ut
1037 1573 1197 1618 posset
1228 1574 1455 1619 argentea
1485 1579 1568 1608 sua
1599 1569 1832 1621 deponere

190 1643 488 1687 ornamenta,
512 1638 746 1689 pretiosas
767 1637 1121 1689 superfluasque
1141 1638 1527 1679 vestimentorum
1544 1640 1832 1682 abscondere

188 1707 397 1748 fimbrias
419 1708 634 1759 (quarum
654 1709 730 1749 hic
752 1720 953 1760 magnus
974 1709 1149 1749 abusus
1180 1716 1270 1757 est,
1302 1710 1385 1750 sed
1413 1722 1439 1750 a
1470 1711 1646 1762 multis,
1671 1712 1830 1753 divino

189 1786 431 1819 crescente
454 1791 637 1830 amore,
668 1792 762 1819 non
789 1779 1080 1820 fimbriarum
1107 1779 1376 1831 dumtaxat,
1407 1782 1489 1822 sed
1517 1788 1560 1822 et
1589 1784 1832 1835 peplorum

189 1862 273 1890 seu
296 1851 464 1902 capitis
484 1851 792 1902 velaminum,
816 1851 1142 1902 pectoralium,
1179 1851 1515 1904 similiumque,
1548 1854 1714 1905 quibus
1736 1866 1830 1896 mu-

189 1922 356 1961 lierum
378 1922 634 1961 delectatur
655 1921 863 1971 vanitaS‚
888 1922 1125 1962 contemni
1146 1923 1426 1973 consuevit),
1450 1924 1576 1964 facta
1592 1926 1691 1966 voti
1709 1919 1832 1967 com-

190 2004 291 2044 pos,
314 1993 473 2032 statim
493 1992 784 2044 incoeptum,
809 2004 1042 2033 consensu
1063 1993 1234 2043 mariti,
1261 1995 1513 2046 complevit
1533 2008 1589 2036 ac
1610 1997 1765 2048 pergit
1786 1998 1832 2038 in

193 2064 362 2104 melius
388 2070 571 2104 mutare
600 2064 749 2104 vitam
778 2070 917 2116 atque
938 2064 1200 2106 ferventius
1225 2065 1325 2106 Deo
1348 2066 1480 2107 unire
1502 2068 1723 2108 animum.

271 2134 533 2175 Nonnullae
562 2135 703 2175 etiam
733 2135 977 2187 utriusque
1007 2148 1148 2177 sexus
1179 2149 1435 2189 personae,
1469 2150 1588 2190 quae
1618 2151 1644 2179 a
1675 2141 1832 2181 multis

189 2206 326 2246 annis
358 2206 405 2246 in
439 2206 650 2258 plurimis
685 2218 741 2247 ac
775 2207 1073 2257 gravissimis
1107 2209 1270 2249 vixere
1303 2210 1533 2261 peccatis,
1571 2211 1627 2250 de
1663 2211 1832 2262 quibus

192 2289 431 2328 nunquam
451 2289 563 2317 vere
583 2277 771 2318 fuerunt
798 2277 1063 2329 confessae,
1095 2291 1183 2320 nec
1210 2291 1415 2332 unquam
1441 2282 1693 2333 tranquilla
1724 2295 1832 2323 con-

193 2348 389 2388 scientia
410 2348 651 2389 vivificum
667 2356 967 2401 sumpserunt
984 2358 1355 2402 sacramentum,
1375 2364 1536 2392 omnes
1554 2353 1601 2393 in
1617 2354 1832 2395 libertate

190 2419 510 2459 conscientiae
539 2420 753 2460 sarcinas
785 2432 869 2471 per
904 2421 1247 2462 confessionem
1281 2422 1463 2473 integre
1497 2423 1828 2476 deposuerunt,

190 2501 285 2541 quo
306 2490 459 2530 medio
480 2501 574 2530 non
593 2491 752 2541 pauci,
777 2497 875 2531 tum
895 2492 1005 2542 viri,
1030 2497 1127 2531 tum
1148 2493 1387 2543 mulieres,
1412 2506 1471 2534 ex
1487 2495 1634 2534 variis
1657 2495 1831 2536 anima-

191 2572 298 2601 rum
327 2561 693 2612 discriminibus,
727 2563 1187 2614 praesumptionibus
1217 2570 1262 2604 et
1282 2565 1389 2605 lacu
1411 2565 1751 2616 desperationis
1772 2568 1832 2608 ad

189 2632 492 2672 serenitatem
512 2632 637 2671 vitae
658 2632 841 2673 reducti
861 2640 983 2673 sunt.
1013 2633 1118 2674 Una
1148 2634 1263 2674 mihi
1289 2636 1467 2686 retulit,
1502 2636 1648 2687 proba
1675 2644 1833 2678 tamen

192 2714 249 2743 ac
269 2713 442 2753 magna
464 2703 511 2743 in
532 2703 704 2743 mundo
727 2710 959 2754 matrona,
983 2705 1073 2745 nisi
1094 2705 1182 2745 hoc
1204 2706 1555 2757 impedivissem
1583 2707 1832 2750 confessio-

193 2773 266 2813 nis
292 2774 623 2824 medicamine,
656 2785 705 2813 se
736 2774 814 2814 diu
842 2776 967 2815 mala
997 2776 1328 2828 interemptam
1354 2777 1497 2817 fuisse
1527 2785 1690 2819 morte.
1728 2779 1832 2820 Alia

193 2856 377 2896 quoque
405 2857 463 2884 ex
492 2845 839 2896 desperatione,
871 2846 927 2886 ob
954 2847 1149 2888 nimiam
1176 2848 1470 2888 iracundiam
1496 2855 1541 2888 et
1566 2861 1830 2900 rancorem,

192 2927 376 2955 veneno
397 2928 446 2956 se
466 2927 638 2956 necare
664 2916 868 2967 putavit;
890 2916 1082 2968 infecta,
1107 2925 1155 2959 ut
1177 2919 1278 2970 ipsa
1306 2919 1628 2971 existimabat,
1653 2933 1736 2963 seu
1756 2935 1833 2963 ve-

248 3075 258 3095 ¹
298 3075 405 3102 Linea
419 3083 521 3110 super
534 3075 636 3103 dueta
651 3083 671 3103 a
691 3076 838 3103 Polanco
854 3075 1002 3104 deletum
1017 3078 1160 3105 verbum
1176 3079 1289 3113 legere
1305 3086 1370 3106 non
1385 3087 1576 3113 possumus.

389 3134 438 3171 T.
470 3146 510 3172 11.
1552 3151 1597 3175 20
