2168 3437
350 302 424 338 470
872 300 1100 338 LITTERAE
1127 311 1486 343 QUADRIMESTRES

351 397 593 447 habemus)
617 396 889 448 audiendas,
913 403 959 437 et
980 408 1118 437 sacra
1139 397 1466 438 Eucharistiae
1484 405 1784 438 sacramenta
1800 399 1996 440 admini-

351 468 559 508 stranda.
584 468 709 508 Inter
731 479 848 520 quos
868 468 1007 519 virgo
1029 480 1122 508 una
1143 468 1197 508 24
1217 478 1449 509 annorum
1470 468 1569 518 fuit,
1594 480 1735 520 quam
1751 468 1883 509 dives
1900 471 1996 521 qui—

352 539 457 578 dam
480 539 554 578 vir
577 550 773 579 uxorem
793 539 1149 590 concupiverat:
1173 539 1290 580 haec
1307 546 1413 590 post
1429 546 1689 580 extremam
1705 540 1992 592 unctionem,

351 610 563 649 omnibus
590 609 938 661 praesentibus,
971 616 1249 662 perpetuam
1276 610 1407 651 vovit
1435 611 1725 662 castitatem,
1757 610 1996 652 Christum

350 680 437 720 sibi
457 680 503 720 in
525 692 748 732 sponsum
770 665 964 732 eligens,
989 693 1108 733 quae
1129 687 1235 733 post
1254 687 1417 722 votum
1438 682 1582 722 horas
1603 682 1806 733 quinque
1828 682 1875 722 in
1891 683 1992 723 vita

349 751 545 800 mansit,
580 763 670 803 quo
698 758 908 804 tempore
937 763 1110 803 magno
1139 764 1245 792 cum
1272 752 1504 793 desiderio
1526 758 1570 792 et
1597 753 1789 804 spiritus
1816 753 1993 804 gaudio

348 822 419 862 sui
455 823 616 874 sponsi
650 822 905 863 adventum
933 823 1234 875 expectabat,
1272 824 1337 864 ita
1366 829 1415 864 ut
1450 824 1665 864 omnibus
1696 823 1990 864 adstantibus

349 904 572 944 magnam
593 893 797 934 adferret
818 894 1131 934 devotionem.
1156 894 1365 934 Maxima
1385 906 1496 946 pars
1517 894 1744 934 nobilium
1777 902 1821 935 et
1849 895 1994 935 domi—

348 976 516 1004 norum
536 970 671 1005 extra
693 963 887 1017 [urbem]
909 965 1145 1016 fugerunt,
1168 977 1351 1006 necnon
1378 976 1552 1016 magna
1578 977 1689 1017 pars
1718 966 1900 1017 populi,
1936 978 1996 1006 ex

348 1035 515 1087 quibus
536 1036 669 1076 multi
689 1037 861 1076 mortui
882 1036 1184 1076 reducuntur.
1209 1036 1364 1076 Etiam
1393 1036 1470 1086 qui
1500 1036 1560 1076 ad
1585 1036 1771 1076 labores
1800 1044 1990 1086 exeunt,

347 1108 395 1146 in
416 1107 596 1159 campis
617 1114 661 1148 et
683 1108 830 1159 sylvis
859 1108 1031 1148 mortui
1061 1108 1371 1159 reperiuntur.
1401 1107 1523 1148 Huic
1552 1107 1671 1148 alius
1698 1108 1889 1148 morbus
1919 1120 1993 1148 ac-

348 1178 503 1229 cessit,
536 1179 615 1230 qui
643 1179 811 1231 capitis
839 1179 1022 1219 insania
1051 1177 1237 1230 dicitur,
1267 1190 1358 1230 quo
1390 1179 1552 1219 morbo
1587 1178 1788 1230 plurimi,
1821 1179 1992 1219 mentis

347 1250 549 1300 impotes
570 1249 735 1301 effecti,
766 1250 907 1290 etiam
934 1250 1081 1289 vitam
1112 1249 1289 1290 finiunt.
1320 1250 1468 1290 Fama
1497 1250 1735 1290 communi
1763 1249 1912 1290 fertur
1942 1250 1998 1290 25

348 1320 495 1371 millia
524 1320 768 1361 hominum
798 1327 928 1373 peste
957 1321 1206 1372 occidisse,
1237 1327 1281 1361 et
1310 1321 1516 1373 quotidie
1542 1322 1694 1361 adhuc
1724 1320 1866 1372 aliqui
1899 1333 1994 1361 mo-

348 1392 545 1432 riuntur.

427 1462 564 1503 Nulla
587 1463 811 1504 Coloniae
833 1464 926 1503 iam
948 1469 1055 1504 sunt
1076 1463 1246 1504 studia:
1271 1462 1468 1503 studiosi
1490 1474 1652 1503 omnes
1673 1462 1733 1502 ad
1753 1462 1871 1503 alias
1888 1471 1996 1504 sunt

347 1534 545 1585 profecti
571 1534 933 1575 Universitates.
990 1542 992 1548 ⁴

427 1605 513 1646 His
534 1606 696 1646 diebus
722 1606 963 1657 plenariae
987 1606 1307 1657 indulgentiae
1329 1618 1356 1646 a
1377 1605 1570 1646 Summo
1594 1605 1817 1648 Pontifice
1846 1608 1990 1659 publi-

348 1683 482 1717 catae
504 1683 626 1728 sunt,
650 1689 795 1729 quare
817 1683 863 1717 et
885 1677 1305 1729 supplicationibus
1327 1690 1354 1718 a
1375 1677 1489 1717 R.1110
1522 1686 1685 1718 nostro
1714 1679 1948 1731 Episcopo
1984 1678 1994 1697 ¹

347 1748 573 1788 institutis
593 1748 782 1800 plurimi
802 1748 936 1788 nobis
959 1748 1162 1788 confessi
1185 1755 1307 1789 sunt.

427 1819 550 1860 R.d¹1⁵
575 1819 714 1860 Pater
735 1820 865 1871 prior
886 1819 1165 1860 Carthusiae
1192 1819 1221 1868 ⁵³,
1246 1832 1339 1860 non
1370 1820 1583 1871 vulgaris
1610 1821 1790 1861 amicus
1821 1826 1866 1861 et
1895 1820 1993 1861 fau-

346 1896 434 1941 tor,
459 1890 518 1930 ad
534 1891 741 1930 reditum
758 1890 965 1930 civitatis
981 1890 1255 1942 primorum,
1275 1891 1665 1943 supplicationem
1681 1892 1883 1943 paravit,
1904 1904 1997 1944 qua

344 1962 500 2002 locum
522 1961 723 2013 aliquem
744 1967 923 2002 certum
946 1962 1285 2012 assignandum
1306 1961 1528 2003 Societati
1548 1963 1677 2014 petit,
1702 1968 1844 2015 utque
1871 1963 1994 2004 illius

347 2045 540 2085 operam
562 2039 811 2084 expetant,
837 2032 961 2085 quod
982 2045 1076 2073 non
1098 2033 1196 2073 sine
1216 2045 1391 2085 magno
1414 2034 1569 2074 fructu
1589 2033 1681 2074 fiet.

429 2103 527 2143 Nos
548 2104 624 2143 hic
644 2103 840 2155 pacifice
867 2115 1135 2144 manemus:
1167 2104 1426 2144 amicorum
1453 2111 1497 2144 et
1526 2104 1785 2153 fautorum,
1809 2116 1993 2145 necnon

346 2175 666 2215 confitentium
688 2181 731 2215 et
754 2175 1216 2224 communicantium,
1236 2176 1284 2215 in
1305 2175 1404 2215 dies
1426 2176 1596 2216 crescit
1612 2187 1850 2227 numerus,
1872 2176 1993 2216 inter

346 2258 463 2298 quos
485 2246 627 2298 aliqui
644 2246 706 2286 ad
728 2244 1011 2286 Societatem
1031 2253 1245 2286 nostram
1266 2247 1438 2298 optime
1461 2246 1615 2287 affecti
1637 2252 1768 2298 sunt,
1793 2258 1993 2298 quorum

346 2329 467 2357 unus
488 2324 558 2357 est
581 2317 658 2369 qui
680 2316 869 2357 domum
890 2328 1025 2357 suam
1047 2317 1159 2357 dare
1183 2317 1392 2369 intendit,
1418 2318 1552 2358 cuius
1573 2317 1714 2369 filius,
1741 2317 1817 2369 qui
1845 2317 1892 2358 in
1924 2329 1994 2358 ar-

346 2389 469 2429 tibus
491 2395 560 2429 est
577 2394 834 2441 promotus,
855 2387 1139 2429 Societatem
1156 2395 1368 2430 nostram
1386 2389 1570 2441 ingredi
1586 2389 1680 2429 iam
1698 2389 1993 2429 deliberavit.

348 2460 549 2511 Quidam
570 2459 750 2500 Doctor
769 2459 954 2500 Veltius
976 2458 1004 2510 ³,
1029 2465 1154 2500 totus
1182 2459 1452 2511 Societatis,
1483 2460 1710 2500 indicavit
1740 2460 1856 2500 mihi
1886 2472 1994 2512 quo-

347 2532 486 2572 modo
507 2537 700 2571 senatus
731 2530 1022 2571 Coloniensis
1051 2531 1144 2571 iam
1172 2531 1228 2571 de
1257 2531 1474 2571 omnibus
1502 2531 1642 2571 rebus
1668 2531 1842 2571 nostris
1877 2530 1995 2570 bene

347 2604 532 2655 sentiat3
557 2609 602 2643 et
624 2603 663 2643 si
684 2614 767 2654 per
794 2608 975 2654 pestem
1002 2603 1157 2642 omnia
1185 2603 1459 2654 perturbata
1485 2615 1580 2642 non
1607 2608 1785 2653 essent,
1818 2602 1995 2653 optima

347 2676 579 2728 principia
599 2675 748 2715 nostri
769 2674 956 2725 collegii
976 2686 1289 2726 speraremus.
1313 2674 1421 2715 Fuit
1448 2674 1523 2714 vir
1543 2673 1751 2725 quidam,
1777 2673 1876 2725 qui,
1899 2685 1995 2714 ma-

346 2759 469 2797 gnae
490 2746 755 2787 sanctitatis
777 2746 834 2786 ab
856 2746 1070 2785 omnibus
1093 2746 1402 2796 existimatus,
1428 2746 1611 2786 animas
1642 2746 1689 2785 in
1711 2745 1989 2796 purgatorio

348 2818 603 2858 existentes
626 2817 723 2857 suis
745 2816 1037 2857 orationibus
1058 2817 1260 2857 liberare
1288 2817 1563 2868 putabatur,
1594 2823 1640 2856 et
1668 2816 1772 2856 ideo
1799 2816 1995 2856 multum

403 2974 413 2992 ¹
455 2973 634 3007 Adolphus
650 2972 698 2999 III
713 2980 780 2999 von
798 2971 1056 3007 Schauenburg,
1073 2972 1284 3000 Coloniensis
1299 2972 1603 3007 Archiepiscopus.

402 3021 416 3040 2
455 3020 630 3048 Gerardus
646 3020 906 3048 Kalckbrenner
922 3019 994 3047 sive
1013 3019 1261 3047 Hamontanus.

402 3068 416 3087 ⁵
454 3068 507 3095 Ita
528 3068 581 3095 hic
604 3068 783 3102 perspicue
802 3075 923 3095 nornen
944 3068 1024 3102 hoc,
1048 3067 1134 3102 quod
1157 3068 1235 3095 dum
1256 3075 1272 3094 e
1297 3067 1448 3095 PoLAch
1469 3067 1636 3094 Chronico
1661 3066 1989 3097 transcribebamuS,

349 3117 470 3145 incerti
486 3117 609 3145 suimus
624 3122 668 3142 an
682 3120 771 3143 esset
783 3119 949 3150 scr1ptum
964 3115 1111 3143 Delzius¹
1128 3115 1216 3143 Vide
1231 3120 1255 3142 t.
1273 3122 1320 3149 111,
1337 3123 1415 3150 pag.
1433 3115 1498 3142 268.
