2168 3437
295 227 364 264 1⁴24
807 226 1034 263 LJTTERAE
1063 236 1422 266 QUADRqusTREs

295 608 579 635 Praecedentium
595 607 853 634 Bartholomaei
869 606 1070 634 Hernandez
1086 607 1282 634 litterarum
1298 607 1405 633 latina
1420 606 1534 634 versio
1550 614 1625 634 cum
1640 607 1932 635 emendationibus

891 663 911 682 a
927 655 964 682 P.
980 655 1127 683 Polanco
1144 656 1290 683 inductis
1307 655 1326 682 ¹.

1072 893 1170 934 lHS

378 1110 543 1151 Gratia
565 1117 609 1150 et
631 1122 726 1162 pax
747 1109 828 1149 X.i
850 1109 909 1150 sit
930 1109 1187 1149 nobiscum.

379 1181 673 1233 Quamquam
704 1193 787 1233 per
818 1181 1018 1231 litteras,
1044 1192 1160 1231 quas
1188 1179 1247 1219 ad
1274 1185 1318 1219 te
1342 1178 1538 1229 singulis
1560 1178 1795 1218 mensibus
1818 1178 1937 1228 dedi,

298 1254 546 1295 certiorem
568 1253 759 1293 fecerim
789 1252 845 1292 de
866 1253 961 1301 his,
992 1264 1111 1303 quae
1137 1251 1366 1291 hactenus
1393 1250 1517 1301 apud
1543 1261 1631 1289 nos
1654 1255 1789 1300 gesta
1816 1255 1937 1299 sunt,

296 1325 491 1366 reddam
511 1325 557 1365 in
580 1325 671 1365 hac
693 1323 898 1364 breviter
924 1309 1181 1372 rationen'i,
1207 1322 1319 1361 Rste
1352 1322 1438 1361 P.¹'
1461 1354 1468 1371 ,
1500 1329 1544 1361 et
1564 1321 1762 1361 fratrum
1784 1327 1827 1361 et
1849 1326 1938 1360 stu-

296 1397 481 1437 diorum
502 1396 640 1436 huius
663 1396 842 1436 domus.
868 1394 1147 1445 Quindecim
1168 1405 1362 1434 numero
1384 1393 1459 1432 lzz'c
1479 1404 1666 1443 sanstus,
1687 1392 1806 1432 inter
1823 1403 1941 1443 quos

297 1468 501 1520 quinque
522 1467 809 1518 sacerdotes,
834 1478 1000 1507 rursus
1020 1465 1238 1506 undecim
1259 1465 1525 1515 theologiae
1555 1470 1598 1504 et
1625 1475 1808 1504 morum
1836 1475 1940 1515 pro-

296 1539 432 1580 bitati
451 1539 659 1579 studiose
681 1538 1018 1588 incumbentes,
1038 1537 1212 1577 caeteri
1232 1536 1503 1577 ministeriis
1521 1535 1689 1575 domus
1706 1535 1938 1586 occupati:

298 1623 459 1651 omnes
480 1618 637 1651 autem
659 1611 803 1661 (velut
824 1610 872 1650 in
893 1609 940 1650 id
957 1609 1204 1658 coniurati)
1224 1607 1541 1658 moderandis,
1562 1606 1882 1659 deprimendis
1899 1613 1942 1646 et

296 1682 641 1723 mortificandis
664 1682 807 1722 animi
830 1681 1090 1731 affectibus,
1126 1692 1181 1720 ac
1209 1679 1431 1731 propriae
1455 1678 1687 1719 voluntati
1710 1679 1942 1729 abnegan-

296 1754 384 1794 dae
404 1754 541 1794 enixe
564 1765 758 1805 operam
781 1753 961 1802 danteS‚
986 1751 1144 1804 quoad
1165 1752 1333 1803 cuique
1356 1762 1440 1803 per
1467 1750 1721 1802 superioris
1749 1750 1942 1790 faculta-

295 1833 389 1866 tem
410 1826 696 1866 conceditur.
724 1824 828 1865 Huc
852 1825 1102 1876 pertinent,
1129 1835 1248 1875 quae
1270 1824 1443 1863 multae
1461 1821 1587 1862 domi
1604 1821 1733 1872 fiunt,
1753 1820 1943 1861 mortifi-

297 1897 519 1938 cationes.
544 1897 692 1937 Extra
714 1897 908 1937 domum
929 1896 1147 1947 proximo
1169 1906 1281 1935 vere
1302 1893 1458 1934 factae
1481 1900 1588 1934 sunt
1604 1892 1943 1944 peregrinatio-

295 1980 392 2008 nes.
430 1968 486 2008 Et
520 1974 569 2008 ut
603 1973 873 2008 nostrorum
909 1966 1206 2007 mortificatio
1242 1977 1349 2005 cum
1379 1965 1579 2005 aliorum
1610 1963 1936 2004 aedificatione

297 2040 678 2091 coniungeretur,
703 2040 944 2091 peregrini
965 2038 1129 2089 nostri,
1156 2039 1278 2078 ultra
1299 2037 1454 2077 Victus
1478 2043 1522 2076 et
1553 2035 1742 2087 hospitii
1771 2034 1943 2075 mendi-

297 2111 546 2161 cationem,
571 2116 738 2151 euntes
754 2109 1093 2162 praedicabant
1112 2109 1352 2149 ferventer
1371 2107 1670 2158 evangelium
1687 2117 1794 2146 cum
1810 2112 1942 2146 tanta

296 2182 621 2234 proximorum
643 2181 984 2231 aedificatione,
1007 2188 1058 2221 ut
1078 2181 1236 2221 multis
1264 2179 1448 2232 populis
1475 2189 1754 2230 persuasum
1784 2178 1857 2228 sit,
1893 2184 1941 2217 ut

298 2255 436 2295 simul
455 2259 775 2306 proponerent
795 2265 889 2293 non
911 2253 1110 2304 amplius
1125 2263 1297 2292 nomen
1313 2250 1401 2290 Dei
1418 2250 1568 2290 nostri
1587 2260 1828 2289 assumere
1848 2248 1942 2288 fru-

299 2334 399 2367 stra
420 2327 505 2367 sub
527 2326 669 2366 certis
690 2325 874 2376 legibus
896 2331 939 2364 et
960 2324 1122 2376 poenis
1144 2322 1407 2363 iurantibus
1429 2321 1618 2372 taxatis,
1650 2333 1791 2372 quam
1818 2320 1943 2360 insti·

301 2398 528 2438 tutionem
564 2396 1001 2437 confraternitatem
1037 2394 1239 2435 nominis
1266 2392 1356 2433 Dei
1383 2392 1577 2442 (scilicet
1603 2391 1943 2434 sanctificandi)

301 2475 489 2509 vocant.
515 2468 600 2508 His
621 2468 765 2519 igitur
787 2466 1115 2519 spiritualibus
1142 2464 1308 2505 studiis
1334 2464 1551 2504 videntur
1578 2463 1721 2504 animi
1748 2462 1945 2503 fratrum

305 2540 531 2591 vegetari.

381 2611 671 2650 Litterarum
695 2609 852 2649 studia
873 2609 1037 2660 vigent
1059 2613 1156 2647 tum
1178 2607 1288 2659 quia
1307 2606 1662 2658 praevidendis,
1687 2604 1944 2654 audiendis,

302 2681 567 2733 relegendis
582 2687 627 2721 et
641 2679 939 2721 conferendis
952 2679 1243 2729 lectionibus,
1258 2678 1645 2730 disputandisque
1657 2681 1825 2716 octavo
1840 2687 1946 2726 quo—

303 2764 392 2804 que
413 2752 487 2792 die
515 2751 894 2792 conclusionibus
920 2757 1028 2791 sunt
1054 2749 1314 2790 destinatae
1341 2749 1508 2799 horae3
1538 2754 1636 2788 tum
1666 2747 1807 2787 etiam
1836 2746 1944 2797 quia

303 2823 537 2872 doctores,
561 2823 637 2875 qui
666 2823 741 2863 hic
769 2834 893 2863 nunc
922 2821 1210 2872 theologiam
1232 2820 1523 2871 profitentur,
1548 2824 1655 2859 sunt
1684 2818 1874 2869 egregie
1904 2822 1949 2856 et

371 3008 380 3028 ¹
421 3007 546 3040 Voces,
566 3016 649 3042 quas
673 3008 842 3036 Polancus
862 3008 1002 3042 propria
1023 3007 1159 3041 scripsit
1181 3014 1300 3039 manu,
1322 3006 1448 3033 italicis
1463 3005 1723 3033 characteribus
1745 3004 1799 3031 hic
1827 3002 1949 3030 descri-

314 3058 446 3083 bemus.
