2168 3437
907 257 991 295 AN.
1022 256 1112 294 1553
1750 251 1820 288 407

862 705 1154 760 COXLIX

258 937 307 975 P.
329 938 523 984 Joannes
544 935 696 973 Nufiez
716 933 903 971 Barreto

310 1002 431 1039 Patri
450 1000 724 1038 Bernardino
745 1010 770 1035 a
790 998 1002 1045 Regibus.

640 1065 684 1102 12
702 1063 974 1111 Septembris
998 1061 1091 1099 1553
1105 1061 1128 1098 ¹.

268 1273 487 1326 Ejusdem
507 1273 567 1313 ad
586 1272 635 1313 P.
659 1271 1000 1312 Bernardinum
1027 1282 1053 1310 a
1082 1269 1231 1322 pridie
1258 1269 1362 1309 idus
1390 1267 1675 1319 Septembris
1696 1278 1818 1306 anno

195 1345 310 1385 1553.

268 1416 535 1467 Perscripta
553 1415 649 1467 jam
670 1414 887 1466 epistola,
912 1423 1104 1465 sparsus
1121 1418 1190 1453 est
1207 1418 1252 1452 et
1272 1412 1409 1463 plane
1430 1410 1733 1451 confirmatus
1749 1409 1825 1449 hic

188 1499 364 1538 rumor,
389 1486 641 1538 quemdam
661 1497 719 1525 ex
738 1484 981 1536 Algarbiis
1001 1483 1015 1502 ²
1034 1494 1251 1535 puerum,
1276 1483 1354 1534 qui
1374 1481 1604 1532 proximis
1621 1479 1824 1531 superio-

187 1558 317 1599 ribus
337 1558 500 1598 diebus
522 1556 841 1608 deprehensus
869 1555 1054 1605 fuisset,
1080 1566 1108 1594 a
1127 1559 1288 1594 nostra
1317 1552 1649 1601 declinantem,
1673 1557 1825 1591 turca-

187 1641 295 1670 rum
314 1628 530 1680 religioni
552 1639 654 1668 sese
676 1627 931 1678 obligasse3
964 1625 1063 1678 ejus
1091 1637 1205 1665 vero
1238 1629 1420 1676 patrem
1441 1623 1488 1663 in
1509 1634 1601 1663 una
1623 1622 1679 1662 de
1700 1621 1826 1673 quin-

187 1712 282 1752 que
309 1700 583 1750 biremibus,
614 1710 733 1750 quae
760 1699 808 1738 in
835 1698 923 1738 hoc
951 1697 1138 1737 flumine
1155 1702 1281 1746 sunt,
1313 1695 1465 1735 arceri
1492 1693 1707 1744 vinculiS,
1736 1704 1827 1744 quo

192 1770 370 1823 majore
391 1771 552 1811 dolore
574 1769 858 1820 afficeretur,
883 1780 990 1809 cum
1010 1768 1082 1808 his
1102 1768 1278 1820 pariter
1308 1767 1386 1807 alii
1416 1766 1506 1806 duo
1531 1764 1748 1816 juvenes,
1784 1768 1828 1803 et

191 1842 397 1883 Larachi
424 1841 452 1893 ⁵,
486 1853 576 1893 quo
603 1842 709 1881 illae
735 1841 920 1881 fuerant
950 1840 1195 1892 appulsae,
1229 1839 1431 1890 quinque
1467 1843 1546 1877 aut
1579 1847 1683 1885 sex,
1721 1846 1827 1875 cum

192 1924 358 1964 puero,
382 1913 459 1964 qui
480 1912 646 1953 eodem
666 1912 871 1964 quodam
890 1910 1204 1962 negotiatorio
1230 1909 1424 1960 navigio
1458 1913 1623 1948 vectus
1650 1906 1826 1955 fuisset,

193 1995 244 2025 se
264 1990 424 2024 turcas
444 1983 646 2035 professi
673 1989 800 2033 sunt;
825 1993 917 2022 uno
945 1993 1087 2034 porro
1114 1980 1212 2032 die,
1247 1981 1338 2021 duo
1375 1978 1620 2030 cujusdam
1655 1988 1829 2018 merca-

192 2055 310 2095 toris
336 2054 610 2095 Maurorum
644 2060 823 2094 sectam
857 2053 1112 2105 amplexati
1152 2057 1286 2093 sunt:
1319 2051 1484 2103 quibus
1514 2050 1657 2090 nimio
1688 2048 1831 2089 animi

195 2125 354 2166 dolore
374 2126 422 2166 in
443 2126 491 2166 id
511 2125 741 2166 sermonis
762 2136 1042 2176 prorrumpo
1062 2135 1071 2164 :
1095 2123 1202 2175 quis
1223 2122 1352 2163 dabit
1372 2121 1518 2173 capiti
1539 2131 1638 2161 meo
1659 2130 1831 2171 aquam

189 2200 238 2237 et
263 2196 414 2236 oculis
443 2196 536 2236 mei
551 2197 743 2247 fontem
770 2195 1130 2246 lachrymarum
1157 2200 1201 2235 et
1230 2193 1424 2246 plorabo
1454 2198 1522 2232 tot
1552 2192 1828 2240 animarum,

194 2267 400 2307 melliflui
435 2266 609 2308 Christi
644 2267 872 2318 sanguine
907 2266 1278 2318 redemptarum,
1312 2263 1591 2315 perniciem?
1625 2262 1710 2302 His
1743 2271 1831 2312 ego

190 2338 418 2390 cognitis,
441 2338 678 2378 hominem
699 2337 812 2378 mihi
836 2337 1278 2387 familiarissimum,
1311 2341 1361 2376 ut
1391 2334 1451 2375 ad
1477 2334 1676 2374 biremes
1704 2332 1829 2372 veni-

194 2415 291 2460 ret,
314 2408 508 2460 rogavi‚
532 2408 648 2449 duos
670 2414 749 2449 aut
770 2413 865 2448 tres
886 2408 1074 2459 horum,
1106 2407 1183 2459 qui
1204 2418 1253 2447 se
1279 2412 1440 2447 turcas
1466 2405 1694 2454 fatentur,
1724 2414 1830 2454 pue-

249 2593 260 2614 1
298 2593 563 2628 Apographum,
579 2592 667 2627 quod
688 2592 807 2627 incipit
822 2593 855 2619 in
870 2592 1021 2627 ejusdem
1035 2599 1075 2619 ae
1090 2590 1299 2625 praecedens
1317 2589 1387 2617 folii
1403 2589 1513 2621 dorso,
1529 2595 1560 2615 n.
1574 2586 1628 2614 520
1638 2590 1671 2614 et
1688 2586 1828 2620 explicit

192 2641 229 2668 in
241 2639 390 2668 521.—De
406 2641 457 2668 his
472 2641 532 2667 illa
547 2640 650 2667 etiam
665 2640 829 2674 intellige,
843 2645 928 2674 quae
939 2641 1047 2674 primo
1061 2642 1095 2666 et
1107 2638 1252 2666 secundo
1263 2639 1336 2665 loco
1350 2635 1657 2664 animadvertimus
1672 2641 1785 2668 supra.
1795 2633 1829 2661 in

192 2688 415 2716 annotatione
431 2688 541 2723 prima
555 2687 712 2722 paginae.
726 2687 825 2715 Licet
838 2688 871 2715 in
887 2687 1013 2715 Cartas
1027 2687 1070 2714 de
1086 2686 1158 2713 San
1174 2686 1331 2719 Ignacz‘o,
1344 2688 1368 2712 t.
1380 2692 1434 2718 111,
1447 2691 1526 2719 pag.
1538 2683 1600 2716 511,
1618 2682 1696 2717 quia
1710 2688 1828 2710 serva-

194 2739 251 2763 tus
266 2739 317 2763 est
337 2736 426 2763 idem
441 2735 534 2769 ordo,
551 2743 650 2770 quem
665 2735 792 2762 habent
806 2735 891 2762 haec
907 2735 1110 2762 documenta
1122 2734 1154 2761 in
1169 2733 1330 2760 Historia
1345 2732 1462 2763 varia,
1476 2731 1621 2765 epistola
1643 2730 1728 2757 haec
1751 2732 1826 2757 tan-

198 2790 300 2817 quam
314 2790 334 2810 a
347 2783 568 2817 praecedenti
584 2782 746 2810 distincta
758 2785 791 2809 et
803 2782 939 2816 quidem
950 2786 1029 2809 ante
1041 2789 1116 2809 eam
1131 2781 1222 2808 edita
1233 2779 1289 2813 sit,
1302 2783 1414 2807 tamen
1426 2779 1459 2805 in
1471 2778 1669 2805 collectione
1683 2783 1825 2804 romana

195 2830 459 2864 praecedentem
471 2830 625 2864 sequitur
639 2830 777 2865 ejusque
791 2836 884 2864 pars,
896 2837 956 2856 seu
970 2829 1082 2864 potius
1094 2827 1274 2863 appendix,
1290 2831 1358 2861 aut,
1370 2831 1407 2854 ut
1419 2827 1523 2860 vulgo
1535 2825 1668 2859 dIcitur,
1683 2824 1826 2860 posteri-

197 2881 257 2912 pta
272 2884 346 2905 esse
361 2878 509 2905 videtur.

250 2924 264 2944 ²
301 2924 547 2959 Algarbiorum
561 2924 595 2951 in
609 2922 824 2958 PortugalTia
844 2924 1023 2958 provincia
1045 2927 1097 2951 est
1118 2922 1349 2951 meridionalis
1368 2922 1508 2956 ideoque
1523 2920 1664 2948 Africae
1684 2919 1828 2947 vicinior

195 2975 232 2998 et
244 2972 437 3006 piratarum
453 2972 643 2999 incursibus
658 2972 769 3006 magis
785 2972 952 3006 exposita.

250 3019 265 3039 ³
300 3019 477 3054 Larache,
499 3019 654 3053 Larach,
669 3018 778 3052 Lixa,
798 3020 879 3046 urbs
892 3018 1124 3046 Mauritaniae*
1139 3017 1356 3052 Tingitanae.
1379 3016 1552 3049 Fanniam,
1574 3013 1727 3042 Lexicon
1751 3021 1825 3048 geo-

196 3066 422 3101 graphicum.
