2168 3437
355 155 402 192 78
871 157 1096 194 LITTERAE
1123 170 1484 201 QUADRIMESTRES

354 252 434 292 nia
468 253 597 304 prius
626 254 950 306 oblectabant,
987 267 1104 307 quos
1141 268 1334 296 numero
1371 257 1533 297 decem
1568 263 1612 298 et
1642 265 1747 299 octo
1785 260 1999 300 extitisse

354 324 488 364 nobis
521 324 607 365 fuit
635 328 851 366 relatum.
886 325 1141 378 Speramus
1176 327 1385 367 sedanda
1420 327 1561 368 etiam
1595 340 1697 369 esse
1732 330 1850 370 bella
1882 330 1994 370 inte-

355 395 493 446 stina,
516 399 636 447 quae
657 403 805 437 totum
825 397 916 437 hoc
938 409 1137 449 regnum
1159 397 1363 438 divisum
1383 399 1605 439 tenebant
1626 399 1672 439 in
1694 400 1811 440 duas
1831 401 1995 441 factio-

354 477 458 518 nes;
487 467 563 507 hic
590 474 730 520 caput
760 469 896 520 hujus
933 470 1024 509 orti
1058 475 1158 509 erat
1193 469 1373 509 dissidii
1409 481 1515 509 cum
1550 470 1641 510 alio
1675 471 1997 513 Illustrissimo

353 538 471 589 viro,
501 540 580 591 qui
609 540 750 580 etiam
778 553 919 592 quam
947 541 1006 581 sit
1040 547 1247 582 mutatus
1279 541 1474 592 mirare,
1508 548 1551 581 et
1580 549 1805 593 quantum
1836 544 1893 584 de
1925 544 1996 584 ira

353 609 588 662 abjecerit.
620 611 772 662 Quam
800 618 968 664 potens
995 620 1065 653 est
1094 613 1346 661 Dominus,
1378 613 1454 664 qui
1482 613 1619 653 vivos
1654 621 1854 655 mortem
1883 615 1996 656 facit

351 682 524 722 sentire
545 690 590 723 et
610 689 821 724 mortuos
841 684 1156 724 reviviscere!

429 753 599 795 Noster
621 754 669 795 P.
693 755 906 807 Baptista
936 756 1122 808 saepius
1154 757 1201 797 in
1231 756 1439 807 Collegio
1471 756 1633 796 diebus
1664 757 1911 798 dominicis
1939 771 1994 799 ac

349 824 480 865 festis
501 826 561 866 ad
583 827 805 878 populum
834 827 1141 868 concionatur
1169 834 1213 868 et
1244 827 1499 880 aliquando
1530 828 1577 867 in
1608 839 1791 868 summo
1821 831 1996 881 templo

351 908 457 936 cum
492 902 623 937 tanta
650 898 890 938 hominum
918 904 964 939 et
991 899 1201 939 virorum
1228 899 1478 939 illustrium
1510 911 1564 938 ac
1596 899 1896 940 sacerdotum
1918 900 1995 940 ad-

349 968 595 1008 miratione
631 975 681 1009 ut
715 969 864 1020 plenis
900 969 1103 1021 undique
1138 970 1230 1010 viis
1264 969 1323 1010 ad
1358 981 1463 1010 eum
1494 976 1643 1010 eatur.
1676 970 1812 1010 Hunc
1848 971 1994 1011 solem

348 1040 600 1090 lunamque
620 1039 798 1080 faciunt
818 1041 1105 1093 summisque
1132 1040 1346 1081 laudibus
1378 1041 1610 1093 (quamvis
1640 1041 1688 1081 in
1715 1042 1892 1093 pulpito
1915 1054 1995 1083 eos

349 1111 520 1151 acriter
542 1111 868 1163 reprehendat)
897 1124 1036 1164 super
1064 1119 1192 1153 astra
1222 1113 1391 1153 ferunt.
1424 1113 1652 1153 Mirarere
1684 1113 1722 1152 si
1753 1113 1996 1154 hominum

343 1181 655 1233 frequentiam
683 1183 731 1223 in
760 1183 986 1223 sumendo
1017 1183 1327 1224 Divinissimo
1363 1184 1575 1235 corporis
1615 1183 1789 1224 Christi
1825 1183 1994 1224 Sacra-

344 1259 502 1293 mento
525 1262 767 1306 cerneres,
791 1254 829 1294 si
850 1266 876 1293 a
898 1255 1006 1294 ludo
1028 1254 1268 1295 hominum
1291 1261 1496 1295 semotos
1519 1255 1724 1306 animos,
1747 1256 1786 1295 si
1815 1255 1995 1307 sopitas

345 1324 678 1376 detractiones,
703 1325 742 1365 si
763 1331 912 1365 totum
932 1325 1070 1377 hujus
1090 1326 1378 1377 reipublicae
1399 1332 1573 1366 statum
1596 1327 1829 1378 quietum,
1855 1327 1896 1367 si
1911 1339 1994 1366 noa

344 1401 470 1435 strae
490 1396 732 1447 religionis
753 1404 1103 1448 persecutores,
1124 1396 1221 1448 jam
1240 1398 1428 1438 tandem
1446 1397 1656 1438 fautores
1672 1398 1838 1438 factos.
1858 1398 1993 1439 Unde

345 1478 519 1518 quaeso
553 1467 670 1508 haec
697 1469 1089 1520 metamorphosis
1121 1476 1165 1509 et
1199 1477 1295 1509 tam
1330 1481 1502 1521 magna
1538 1470 1760 1510 mutatio?
1795 1470 1988 1510 Audies,

343 1537 392 1578 P.
416 1538 628 1590 Baptista
650 1545 845 1591 rogatus
866 1540 925 1580 ab
944 1540 1177 1592 Episcopo
1206 1541 1252 1580 in
1282 1541 1454 1592 templo
1484 1541 1690 1581 maximo
1712 1547 1781 1581 est
1804 1541 1989 1581 concio·

341 1617 500 1662 natus,
525 1622 631 1651 cum
651 1611 911 1663 Episcopus
932 1624 1039 1652 cum
1055 1624 1236 1652 summa
1253 1624 1425 1664 pompa
1442 1624 1631 1652 sacrum
1651 1612 1849 1663 faceret,
1875 1613 1984 1652 hinc

344 1688 561 1733 coeptum
582 1688 651 1723 est
672 1682 911 1723 hominum
932 1683 1088 1723 odium
1109 1683 1298 1735 deponi,
1323 1683 1432 1723 hinc
1459 1683 1751 1723 detractores
1772 1684 1985 1735 proclive

343 1753 582 1805 ingenium
605 1755 664 1795 ad
684 1755 1059 1796 maledicendum
1086 1762 1346 1806 mutarunt,
1377 1756 1485 1795 hinc
1513 1756 1611 1796 ludi
1639 1762 1833 1807 propter
1856 1756 1986 1796 Chri-

343 1832 465 1865 stum
501 1825 607 1866 odio
635 1832 742 1866 sunt
769 1826 935 1877 habiti;
973 1827 1091 1867 coeli
1123 1839 1179 1866 ac
1213 1828 1437 1878 temporis
1471 1826 1662 1879 injuria,
1697 1839 1816 1879 quae
1848 1834 1987 1868 antea

341 1898 581 1938 hominum
603 1904 782 1938 mentes
799 1899 1099 1950 perturbatas
1116 1899 1325 1950 tenebat,
1349 1899 1395 1939 in
1412 1899 1848 1950 tranquillissimam
1865 1900 1987 1939 aeris

338 1970 612 2021 temperiem
632 1976 702 2010 est
729 1975 933 2019 mutata3
958 1970 1187 2010 mirantur
1210 1969 1377 2021 plebeji
1398 1970 1632 2020 homines,
1661 1970 1890 2010 mirantur
1914 1982 1984 2010 or-

337 2040 502 2092 phani,
526 2041 755 2081 mirantur
778 2041 975 2092 denique
1004 2053 1235 2093 pauperes
1265 2048 1446 2081 tantam
1473 2042 1677 2093 gratiam
1706 2048 1801 2081 tam
1831 2042 1985 2082 subito

340 2112 396 2152 de
418 2113 550 2152 coelo
574 2112 835 2164 delapsam.

418 2183 509 2225 Sed
548 2184 608 2224 ad
642 2184 733 2224 alia
769 2195 1040 2235 pergamus.
1080 2183 1261 2233 Mulier,
1297 2184 1664 2236 Concentaynae
1700 2183 1885 2234 Comes,
1925 2184 1984 2224 ad

339 2255 388 2296 Ρ.
412 2256 674 2307 Baptistam
694 2256 941 2306 epistolam
961 2255 1093 2296 festis
1114 2255 1350 2296 Natalitiis
1372 2256 1560 2307 scripsit
1580 2262 1629 2295 ut
1659 2268 1713 2296 eo
1736 2256 1983 2296 conciona-

341 2332 438 2366 tum
472 2337 521 2366 se
552 2325 807 2372 conferret,
844 2337 1009 2366 verum
1043 2326 1206 2366 maluit
1240 2325 1496 2366 Gandiensi
1527 2326 1700 2377 populo
1727 2331 1852 2365 stare
1879 2338 1983 2378 pro-

340 2397 509 2437 missis.
542 2395 658 2437 Sunt
685 2397 827 2436 etiam
855 2402 899 2436 et
925 2396 1293 2448 Concentaynae
1316 2396 1533 2448 permulti
1554 2396 1633 2447 qui
1656 2396 1804 2436 alacri
1826 2396 1981 2436 animo

339 2468 398 2508 ad
420 2467 763 2508 divinissimum
791 2467 1003 2518 corporis
1031 2466 1205 2507 Christi
1237 2465 1596 2506 Sacramentum
1624 2466 1867 2507 accedunt.
1898 2466 1981 2507 Pa-

337 2545 407 2578 ter
434 2545 592 2579 noster
624 2550 730 2578 cum
763 2550 817 2578 eo
838 2538 1117 2590 peregrinus
1138 2549 1186 2577 se
1217 2537 1512 2588 contulisset,
1547 2538 1852 2577 concionibus
1883 2549 1979 2577 sus-

335 2621 506 2662 pensas
540 2610 724 2650 illorum
756 2615 935 2649 mentes
969 2609 1168 2660 reliquit.
1206 2607 1422 2649 Sentiunt
1447 2608 1545 2660 jam
1576 2609 1868 2649 Gandienses
1895 2608 1976 2648 Pa-

334 2681 418 2721 tris
439 2681 697 2721 discessum
717 2686 929 2731 tempore
950 2680 1193 2732 proximae
1215 2680 1627 2731 quadragesimae,
1653 2680 1733 2732 qui
1754 2679 1812 2719 ad
1835 2680 1975 2731 quod-

337 2751 445 2792 dam
465 2752 672 2792 vicinum
704 2751 946 2803 oppidum,
978 2751 1199 2803 frequens
1227 2750 1413 2802 quidem
1439 2758 1483 2791 et
1512 2763 1835 2799 numerosum,
1870 2762 1974 2791 con-

335 2823 517 2863 cionari
538 2823 763 2863 decrevit.

414 2893 534 2934 Vale
556 2893 602 2933 in
625 2893 809 2934 Christo
827 2926 834 2943 ,
859 2900 1047 2934 nostrae
1067 2893 1309 2944 religionis
1331 2905 1523 2944 praeses
1545 2900 1590 2933 et
1612 2899 1800 2944 auctor,
1829 2899 1893 2944 et,
1923 2899 1971 2932 ut

338 2966 646 3016 consuevisti,
668 2965 786 3005 filios
808 2966 894 3005 hos
915 2965 1134 3016 indignos
1154 2965 1255 3005 Deo
1278 2964 1568 3005 commenda.
