2168 3437
310 270 381 307 336
824 266 1051 302 LlrrERAE
1078 273 1437 307 QUADRIMESTRES

313 365 554 415 adhibent,
579 369 628 404 ut
649 374 769 415 quae
791 363 891 402 sola
911 361 979 402 rei
999 361 1199 402 veritate
1219 359 1432 400 dueatur.
1456 358 1710 411 Speramus
1737 358 1946 410 quotidie

312 438 359 477 in
379 436 581 476 Domino
602 434 801 484 maiora,
825 433 865 473 si
887 432 1030 473 semel
1050 431 1363 472 intellexerint
1390 441 1613 482 quorsum
1640 442 1725 470 nos
1751 429 1841 469 huc
1872 429 1947 469 ille

313 507 509 548 vocarit.

392 577 583 618 Privata
612 582 657 617 et
686 576 776 616 alia
807 576 953 616 multa
975 575 1256 625 attulissem,
1294 573 1343 614 P.
1375 570 1491 624 R.de‚
1525 572 1606 613 sed
1633 584 1688 612 ea
1720 572 1948 612 eiusmodi

311 657 417 691 sunt
437 655 506 698 ut,
531 648 747 700 quamvis
768 647 927 688 audita
948 647 1188 697 iuvarent,
1213 645 1363 685 omitti
1382 643 1540 685 tamen
1559 644 1754 695 possint.
1778 642 1884 683 Istis
1900 643 1948 683 in

311 719 685 773 praesentiarum
712 724 981 769 contentus,
1011 717 1238 769 graviora
1271 716 1469 768 posthae
1504 715 1713 755 divinam
1749 715 1944 755 elemen-

312 793 425 832 tiam
446 792 493 831 in
513 791 602 831 hae
624 790 736 830 urbe
758 795 802 830 et
823 790 1030 830 omnium
1053 788 1191 828 saluti
1211 787 1456 839 profutura
1486 786 1658 826 senties
1680 785 1862 826 fecisse.
1887 784 1946 826 Et

313 875 369 903 ne
391 862 559 903 inertia
580 867 742 902 nostra
762 861 1097 913 impediantur,
1120 871 1206 899 nos
1227 870 1387 899 omnes
1408 857 1462 898 R.
1486 857 1539 897 T.
1568 857 1617 897 P.
1649 857 1948 908 omniumque

311 934 504 974 Patrum
523 933 694 974 dlvinis
718 932 979 982 sacrifieiis,
1003 931 1292 982 fratrumque
1312 929 1483 970 ibidem
1511 928 1780 979 degentium
1800 928 1947 980 preci-

312 1006 399 1046 bus
421 1005 590 1045 obnixe
612 1004 1011 1044 Commendamus.

395 1075 636 1124 Perusiae,
659 1076 684 1116 2
706 1075 808 1116 idus
829 1075 953 1128 Junii
978 1074 1092 1114 1553.

393 1148 445 1188 T.
470 1147 524 1188 R.
548 1147 597 1187 Ρ.

393 1219 463 1260 De
486 1219 708 1259 mandato
730 1218 784 1258 R.
809 1217 856 1257 P.
883 1217 989 1257 Dni.
1013 1215 1246 1256 Everardi
1268 1212 1569 1263 Mareur1ani,

394 1291 619 1341 Indignus
641 1290 761 1330 filius
779 1321 786 1339 ,

1225 1430 1448 1471 EMONDUs
1478 1428 1736 1469 AUGERIUS.

396 1646 774 1699 szaperscmptzb:
805 1645 907 1686 R.d0
937 1646 984 1685 in
1018 1645 1157 1686 Chro.
1196 1643 1336 1684 Padri
1371 1641 1482 1693 (sic)
1516 1641 1640 1681 Dno.
1676 1639 1859 1692 Ignatio
1895 1639 1952 1679 de

316 1720 516 1772 Loona,
540 1717 812 1769 Praeposito
834 1715 1085 1757 Societatis
1104 1715 1305 1756 nominis
1325 1714 1437 1767 Jesu
1458 1711 1691 1754 Generali.

397 1790 588 1831 Romae.

397 1861 508 1902 Alia
530 1872 698 1900 manu:
724 1859 838 1900 1553.
863 1859 1011 1910 Quad.
1035 1858 1244 1898 Perusia.
1267 1856 1406 1910 Junii.

386 2251 635 2280 Praecedentes
649 2250 817 2278 Edmundi
835 2250 975 2284 Augetii
992 2249 1132 2276 litterae
1144 2255 1164 2275 a
1180 2247 1217 2274 Ρ.
1233 2247 1379 2274 Polaneo
1395 2245 1594 2274 emendatae
1608 2248 1640 2271 et
1653 2244 1686 2271 in
1701 2240 1886 2270 societatis

989 2302 1103 2330 domos
1119 2301 1243 2329 missae
1260 2301 1282 2328 ¹.

1049 2496 1227 2552 JEsus

398 2717 498 2758 Pax
524 2717 593 2757 x.i
617 2749 625 2766 ,
657 2720 744 2756 ete.

397 2788 571 2828 Rerum
592 2798 769 2837 earum,
788 2798 904 2838 quas
924 2786 1001 2827 hie
1017 2785 1146 2826 Deus
1161 2782 1266 2834 Opt.
1286 2781 1411 2822 Max.
1437 2779 1596 2830 elapso
1618 2775 1823 2829 proximi
1847 2785 1955 2826 qua-

320 2860 580 2900 drimestris
596 2864 758 2899 nostro
775 2857 1032 2898 ministerio
1049 2862 1119 2896 est
1133 2858 1368 2906 operatus,
1385 2862 1504 2903 quae
1521 2847 1825 2895 occurrerint,
1844 2856 1956 2897 pau-

320 2931 387 2971 cis
406 2941 707 2983 exponemus.
731 2929 923 2970 Fratres
946 2938 1107 2968 omnes
1127 2923 1306 2974 iisdem,
1330 2921 1497 2974 quibus
1519 2921 1765 2968 hactenus,
1791 2915 1955 2957 officiis

376 3093 384 3112 ¹
424 3091 672 3126 Apographum
686 3090 718 3117 in
735 3089 813 3117 folio
829 3088 962 3123 duplici,
978 3094 1031 3114 nn.
1045 3085 1080 3113 48
1094 3089 1127 3113 et
1141 3085 1173 3112 51
1191 3087 1224 3111 et
1240 3084 1272 3111 in
1288 3081 1450 3110 Historia
1466 3079 1584 3112 varia,
1600 3082 1622 3106 t.
1643 3085 1664 3109 1.
1680 3077 1736 3104 fol.
1753 3075 1815 3103 318.
