2168 3437
367 282 440 318 54¹2
882 278 1110 316 LITTERAE
1137 289 1498 322 QUADR1MESTRES

366 377 610 418 dominicis
631 376 854 424 festisque
875 375 1090 416 omuibus
1110 376 1297 427 vesperi
1317 387 1412 416 non
1441 376 1611 416 minori
1641 375 1828 427 quidem
1861 377 2008 417 homi-

366 460 477 488 num
498 445 792 499 [frequentia]
816 458 964 498 eaque
985 447 1241 487 attentione
1263 447 1528 487 doctrinam
1548 446 1676 496 facit,
1700 452 1750 486 ut
1771 447 2007 488 maximae

367 520 467 559 Deo
483 519 668 570 gratiae
685 518 777 558 sint
790 517 1017 568 agendae.
1032 517 1240 558 Maxima
1253 529 1363 569 pars
1383 529 1519 558 mane
1533 518 1580 558 in
1593 518 1782 569 templo,
1798 522 1847 557 ut
1870 529 2007 559 suum

366 592 519 630 locum
536 595 738 640 tueatur,
761 595 987 639 remanet,
1011 600 1161 640 neque
1181 600 1407 640 pransum
1428 589 1476 640 it,
1500 588 1579 628 alii
1596 588 1749 628 cibum
1770 588 1926 629 afferri
1939 588 2006 640 ju-

365 663 488 711 bent,
511 661 559 701 in
581 671 747 712 campo
767 660 1069 711 manducant;
1092 660 1170 700 ubi
1192 671 1277 700 nos
1298 660 1390 700 cibi
1411 659 1627 711 capiendi
1647 671 1792 700 causa
1813 659 1870 699 de
1889 667 2006 700 tem-

367 734 442 784 plo
466 732 771 782 discedimus,
796 731 920 783 quod
942 737 1069 771 certe
1091 730 1150 771 ad
1171 731 1411 771 meridiem
1433 735 1512 770 aut
1535 731 1685 770 serius
1705 736 1897 782 propter
1918 730 2006 771 fre-

365 803 695 856 quentissimas
712 802 1033 843 confessiones
1049 802 1112 853 fit,
1131 802 1229 842 fere
1245 807 1393 842 totam
1410 802 1660 842 ecclesiam
1679 811 1960 854 occupatam
1979 814 2006 842 a

365 876 536 927 populo
563 874 888 926 relinquimus,
913 874 991 925 qui
1018 880 1202 914 tantum
1232 873 1290 913 ad
1319 874 1582 913 doctrinam
1611 873 1819 913 confluit.
1848 873 2006 914 Finito

364 954 519 987 autem
539 946 760 998 prandio,
784 946 848 986 ita
869 945 1093 986 refertam
1114 945 1393 995 invenimus,
1414 956 1519 984 cum
1535 945 1594 985 sit
1612 945 1939 996 capacissima,
1958 951 2008 985 ut

363 1029 500 1057 nemo
520 1017 643 1057 intro
665 1016 847 1057 admitti
871 1016 1041 1068 possit;
1071 1016 1118 1056 id
1139 1016 1263 1067 quod
1284 1027 1434 1067 neque
1456 1016 1617 1067 pluvia
1645 1027 1796 1067 neque
1818 1016 1911 1056 alia
1932 1027 2008 1056 res

363 1090 457 1128 ulla
474 1088 687 1140 impedit,
711 1100 804 1128 non
822 1088 1072 1128 conciones
1094 1087 1197 1127 aliis
1219 1088 1266 1127 in
1288 1087 1401 1127 10015
1423 1087 1626 1138 habitae,
1650 1098 1745 1126 non
1767 1087 2006 1138 indulgen-

364 1160 471 1201 tiae.
496 1159 711 1211 Denique
733 1165 864 1199 tanta
885 1165 954 1199 est
975 1158 1222 1199 multitudo
1245 1170 1426 1209 eorum,
1451 1159 1529 1210 qui
1550 1159 1766 1209 veniunt,
1790 1164 1840 1198 ut
1862 1170 2003 1210 quam

364 1232 637 1283 saepissime
649 1232 806 1283 plures
823 1241 963 1282 quam
979 1235 1254 1270 remaneant
1269 1235 1584 1277 revertantur3
1609 1229 1733 1280 quod
1750 1241 1856 1269 cum
1868 1229 2006 1269 Prae-

364 1304 543 1354 positus
560 1309 720 1343 noster
738 1302 1149 1352 animadverteret,
1169 1313 1416 1341 necessum
1433 1313 1535 1341 esse
1551 1301 1853 1352 existimavit,
1879 1300 2004 1353 [quo]

365 1374 705 1414 ardentissimis
726 1379 822 1413 tam
843 1373 1081 1413 numerosi
1102 1372 1259 1425 populi
1281 1372 1446 1412 studiis
1468 1372 1776 1423 satisfaceret,
1801 1379 1850 1412 ut
1867 1371 2006 1412 Pater

363 1458 449 1497 pro
470 1446 629 1497 templi
651 1445 804 1485 valvis
826 1445 1099 1484 concionari
1116 1443 1371 1495 juberetur.
1392 1443 1441 1484 Id
1458 1443 1583 1495 quod
1599 1444 1675 1483 ille
1692 1456 1774 1495 per
1792 1444 2005 1495 corporis

364 1517 730 1557 imbecillitatem
765 1523 808 1556 et
836 1516 1154 1556 valetudinem
1190 1515 1267 1555 diu
1298 1515 1508 1567 nequivit
1539 1515 1783 1555 sustinere.
1818 1514 1910 1555 Sed
1937 1521 2007 1555 est

364 1600 477 1628 sane
499 1589 688 1640 quidem
708 1589 877 1628 mirum
898 1588 1058 1628 videre
1080 1599 1221 1639 quam
1247 1588 1443 1627 libenter
1477 1595 1744 1639 quantaque
1775 1587 2005 1627 aviditate

365 1672 525 1700 omnes
549 1672 654 1700 eum
676 1660 889 1710 audiant,
914 1660 1083 1711 quippe
1111 1659 1189 1711 qui
1216 1665 1261 1699 et
1290 1659 1535 1709 doctrinis,
1569 1670 1688 1709 quae
1724 1658 1841 1698 foris
1870 1658 2006 1698 habe-

362 1732 548 1782 bantur,
572 1731 678 1771 licet
700 1732 893 1782 plueret,
924 1730 1227 1771 nihilominus
1254 1736 1436 1770 tantum
1467 1730 1532 1770 illi
1565 1730 1800 1770 silentium
1830 1730 2004 1770 tribue-

365 1803 492 1854 bant,
515 1808 741 1854 quantum
764 1802 967 1842 maxime
989 1813 1155 1841 serena
1177 1807 1455 1853 tempestate
1477 1801 1767 1841 tribuissent:
1791 1813 1915 1841 nunc
1938 1801 2003 1841 in-

365 1881 439 1913 tus
460 1874 781 1923 concionatur,
801 1879 1052 1924 tantusque
1073 1880 1141 1912 est
1160 1884 1432 1923 concursus,
1451 1878 1500 1912 ut
1517 1872 1652 1912 nobis
1670 1884 1784 1912 sane
1802 1872 2002 1912 admira-

365 1945 479 1985 tioni
499 1945 571 1984 sit.
595 1944 714 1984 Nam
736 1956 842 1984 cum
858 1944 1009 1984 sciant
1026 1950 1069 1983 et
1087 1944 1334 1983 ecclesiam
1353 1955 1447 1983 non
1464 1955 1603 1995 posse
1620 1950 1801 1983 tantam
1818 1943 2004 1983 turbam

365 2028 550 2067 capere,
574 2022 641 2056 tot
662 2016 815 2066 magis
834 2015 1080 2067 magisque
1101 2015 1148 2054 in
1169 2015 1268 2055 dies
1289 2015 1543 2065 confluunt,
1567 2022 1616 2054 ut
1639 2015 1769 2054 initio
1804 2014 1860 2054 de
1891 2014 2003 2054 dua-

363 2088 450 2127 bus
483 2099 590 2138 una,
627 2099 751 2127 nunc
779 2086 834 2126 de
861 2087 1010 2127 tribus
1045 2086 1190 2126 ferme
1225 2086 1366 2136 duae,
1392 2092 1579 2137 partes,
1604 2086 1748 2137 quod,
1774 2091 2006 2136 occupata

360 2158 457 2209 jam
478 2158 693 2209 ecclesia,
716 2170 809 2198 non
830 2164 1046 2209 poterant
1074 2158 1255 2208 audire,
1289 2157 1603 2197 discesserint.
1635 2156 1841 2208 Singulis
1874 2168 2005 2208 prae-

365 2237 493 2269 terea
528 2229 691 2269 diebus
725 2229 946 2269 mercurii
982 2229 1120 2269 habet
1149 2229 1208 2268 ad
1235 2228 1444 2280 Reginae
1476 2228 1782 2280 pedissequas
1811 2228 2003 2268 brevem

364 2313 642 2351 sermonem,
658 2301 733 2341 cui
743 2301 840 2341 fere
859 2301 1010 2341 omnis
1025 2301 1157 2351 regia
1174 2300 1352 2340 familia
1368 2300 1577 2340 interest:
1597 2299 1736 2339 habet
1752 2299 1862 2339 item
1881 2299 2006 2339 aliud

365 2373 424 2412 ad
444 2372 710 2424 Principem
736 2372 976 2413 Elisabeth
1003 2383 1110 2411 cum
1136 2372 1359 2411 universa
1387 2371 1524 2411 simul
1550 2370 1727 2410 familia
1755 2370 2005 2422 multisque

364 2449 609 2495 praeterea
637 2443 820 2494 aulicis,
853 2444 931 2495 qui
963 2454 1069 2483 cum
1096 2443 1198 2494 ipsa
1227 2443 1273 2482 in
1300 2442 1433 2493 regia
1461 2442 1673 2482 habitant
1702 2440 1790 2493 [et]
1836 2441 2000 2481 eodem

362 2515 665 2565 conveniunt,
687 2515 859 2554 multae
880 2515 1048 2554 harum
1069 2514 1314 2554 mulierum
1331 2513 1558 2552 nobilium
1582 2511 1900 2552 confessiones
1916 2510 2003 2551 fre-

365 2591 605 2637 quentant3
630 2597 774 2638 quare
795 2585 842 2625 in
863 2585 1121 2625 maximum
1142 2584 1231 2624 Dei
1252 2584 1496 2624 servitium
1527 2588 1572 2623 et
1593 2583 1816 2634 gloriam,
1840 2594 2002 2622 earum

363 2657 543 2697 fructus
566 2657 688 2708 (sunt
710 2657 833 2697 enim
855 2656 989 2708 quasi
1020 2657 1229 2696 civitatis
1256 2655 1448 2705 lumina)
1477 2654 1824 2695 redundaturus
1856 2654 2002 2694 credi-

363 2734 453 2767 tur.
477 2728 616 2768 Pater
637 2728 816 2769 Doctor
836 2729 1024 2778 Torres,
1049 2728 1127 2779 qui
1155 2727 1230 2767 hic
1260 2739 1384 2767 nunc
1411 2732 1651 2777 versatur,
1686 2726 1745 2765 ad
1772 2725 2004 2777 Principis

363 2799 668 2851 pedissequas
688 2800 829 2839 habet
861 2797 1185 2851 [concionem]
1217 2798 1289 2838 Ex
1317 2798 1389 2838 his
1418 2798 1593 2837 multae
1620 2796 1923 2845 confitentur,
1956 2796 2004 2836 in

365 2870 533 2920 quibus
555 2871 695 2911 etiam
715 2870 868 2921 magis
889 2870 1041 2922 pietas
1063 2870 1226 2920 elucet,
1251 2869 1406 2920 gratia
1429 2874 1473 2909 et
1495 2870 1597 2908 laus
1619 2868 1736 2908 Deo.

443 2940 646 2981 Tantum
667 2946 712 2981 et
732 2940 838 2981 fidei
861 2946 904 2981 et
924 2940 1279 2981 benevolentiae
1301 2940 1409 2980 huic
1436 2945 1628 2980 nostrae
1658 2939 1882 2980 Societati
1909 2952 2002 2981 non

363 3010 593 3061 primores
615 3012 752 3052 modo
774 3010 911 3062 hujus
931 3012 1092 3063 regiae
1123 3012 1332 3052 tribuunt
1363 3011 1445 3051 sed
1476 3011 1725 3051 universus
1752 3011 1895 3051 etiam
1924 3023 2002 3063 po-

363 3083 522 3133 pulus,
546 3089 596 3122 ut
618 3094 723 3123 cum
745 3095 926 3133 omnes,
951 3083 1029 3135 qui
1050 3083 1109 3123 ad
1131 3089 1318 3123 nostras
1340 3082 1480 3122 aedes
1501 3083 1731 3133 incolunt,
1761 3094 2002 3133 nunquam
