2168 3437
329 285 400 323 396
843 284 1069 321 LITTERAE
1096 294 1453 327 QUADRIMESTRES

921 732 1244 788 CCXLVH

406 963 451 999 P.
474 962 667 999 Annibal
688 973 713 999 a
733 961 956 1000 Coudreto

452 1028 573 1064 Patri
592 1028 760 1075 Ignatio
780 1028 833 1065 de
853 1027 1036 1076 Loyola.

498 1092 724 1140 Messana,
746 1093 787 1130 11
809 1092 1081 1140 Septembris
1101 1093 1193 1129 1553
1214 1093 1238 1128 ¹.

416 1516 603 1567 Gratia,
633 1529 726 1568 pax
754 1523 799 1557 et
825 1518 1148 1558 misericordia
1179 1516 1370 1557 Domini
1397 1517 1545 1557 nostri
1573 1516 1683 1569 Jesu
1711 1516 1885 1557 Christi
1916 1518 1976 1557 sit

333 1599 518 1639 semper
540 1599 645 1628 curn
666 1588 879 1629 omnibus
901 1589 1048 1629 nobis.
1074 1588 1241 1629 Amen.

415 1658 533 1710 Quia
564 1670 650 1699 nos
679 1659 838 1699 verbis
872 1660 1085 1711 pluribus
1119 1660 1186 1700 uti
1220 1665 1375 1709 vetas,
1413 1659 1490 1699 ubi
1526 1671 1600 1699 res
1633 1671 1812 1711 paucae
1847 1667 1970 1707 sunt,

333 1715 758 1770 observandissime
793 1730 840 1770 in
875 1730 1063 1771 Christo
1098 1730 1260 1781 Pater,
1298 1730 1512 1770 dabimus
1549 1742 1741 1781 operam
1771 1736 1820 1770 ut
1856 1741 1977 1781 quae

333 1802 544 1853 proxime
579 1801 698 1841 actis
733 1808 933 1853 quatuor
968 1802 1206 1842 mensibus
1241 1802 1317 1842 hic
1350 1801 1477 1842 facta
1512 1808 1639 1852 sunt,
1676 1801 1968 1850 brevissime,

332 1872 486 1923 quoad
521 1870 620 1922 ejus
655 1871 755 1912 fieri
789 1873 983 1924 poterit,
1017 1873 1407 1924 perstringamus.
1446 1872 1599 1923 Atque
1635 1878 1684 1912 ut
1722 1873 1778 1912 ab
1813 1884 1868 1912 eo
1900 1884 1972 1913 su—

330 1954 457 1983 mam
477 1943 774 1995 principium,
798 1944 920 1996 quod
941 1944 1030 1995 piis
1052 1944 1266 1984 omnibus
1284 1950 1328 1984 et
1347 1944 1527 1996 angelis
1546 1943 1635 1984 Dei
1650 1944 1878 1984 laetitiam
1897 1944 1974 1984 ad-

330 2013 453 2054 ferre
474 2015 606 2065 solet,
630 2021 933 2065 peccatorum
956 2015 1332 2055 conversionem:
1351 2015 1423 2055 die
1445 2014 1563 2055 festo
1584 2015 1759 2055 Beatae
1780 2014 1974 2066 Magda-

331 2087 484 2136 lenae‚
523 2085 710 2126 circiter
748 2086 795 2126 12
828 2087 1101 2127 meretrices
1131 2086 1191 2126 ad
1221 2087 1443 2138 templum
1475 2092 1688 2126 nostrum
1723 2086 1968 2136 adductae,

327 2156 488 2197 audita
510 2157 735 2197 concione
756 2157 820 2197 ita
842 2163 1104 2197 commotae
1125 2162 1232 2197 sunt
1254 2157 1424 2207 animo,
1444 2163 1493 2197 ut
1514 2157 1610 2197 fere
1633 2168 1796 2197 omnes
1817 2157 1972 2197 redire

329 2239 378 2268 se
399 2228 519 2267 velle
541 2228 599 2267 ad
621 2228 956 2278 poenitentiam
972 2228 1195 2268 dicerent.
1214 2227 1356 2268 Dedit
1373 2228 1489 2268 haec
1511 2239 1587 2268 res
1608 2227 1818 2268 merendi
1840 2239 1973 2268 occa-

330 2299 509 2339 sionem
524 2299 685 2350 probis
707 2299 884 2351 aliquot
906 2299 1103 2350 civibus,
1122 2300 1200 2350 qui
1217 2299 1430 2350 cogitare
1448 2305 1703 2351 coeperunt
1720 2305 1770 2339 ut
1787 2298 1975 2339 domum

331 2369 390 2409 ad
424 2369 558 2420 hujus
595 2370 782 2421 generis
815 2370 1116 2410 mulierculas
1153 2370 1373 2421 deinceps
1402 2370 1714 2421 receptandas
1748 2370 1973 2410 conduce-

331 2446 454 2492 rent,
478 2446 522 2481 et
544 2440 688 2492 quod,
712 2447 898 2492 praeter
921 2453 995 2491 ea,
1029 2452 1147 2492 quae
1170 2453 1392 2481 manuum
1420 2441 1615 2492 opificiis
1646 2441 1752 2481 illae
1782 2441 1869 2481 sibi
1896 2453 1974 2493 pa-

330 2523 437 2552 rare
457 2518 671 2564 possent,
696 2512 755 2552 ad
777 2513 952 2552 victum
974 2513 1294 2553 necessarium
1310 2512 1452 2563 foret,
1478 2512 1523 2553 id
1555 2513 1610 2553 de
1642 2524 1726 2553 suo
1757 2513 1972 2564 suppedi—

330 2589 497 2623 tarent.
516 2583 706 2636 Iamque
727 2583 886 2623 divina
909 2595 1010 2635 ope,
1030 2595 1202 2635 magno
1223 2590 1269 2624 et
1289 2584 1516 2636 principis
1538 2590 1582 2624 et
1602 2585 1746 2624 totius
1763 2584 1973 2624 civitatis

330 2666 526 2695 assensu
549 2661 688 2706 atque
709 2654 895 2705 favore,
920 2666 1037 2706 opus
1058 2655 1146 2695 hoc
1168 2655 1433 2696 confectum
1462 2661 1550 2705 est,
1582 2662 1627 2695 et
1655 2655 1819 2696 domus
1841 2655 1969 2695 habi-

330 2726 420 2766 tari
455 2731 635 2777 coepta.
669 2725 786 2766 Sunt
821 2733 976 2766 autem
1006 2726 1053 2766 in
1083 2738 1138 2766 ea
1172 2725 1269 2766 sere
1308 2725 1374 2777 14,
1407 2726 1497 2766 illis
1525 2726 1665 2766 etiam
1695 2726 1968 2776 numeratis,

330 2808 450 2848 quae
473 2809 635 2837 curam
657 2808 995 2837 conversarum
1024 2803 1183 2848 agunt.
1217 2796 1370 2837 Datur
1401 2797 1588 2837 interim
1615 2809 1782 2849 opera,
1819 2804 1917 2837 tum
1949 2808 1976 2836 a

331 2867 448 2908 viris
469 2868 576 2919 piis,
601 2874 699 2908 tum
722 2880 748 2907 a
770 2868 1060 2917 mulieribus,
1085 2868 1226 2908 etiam
1246 2867 1571 2918 nobilissimis,
1596 2873 1645 2908 ut
1675 2869 1831 2920 plures
1847 2864 1850 2868 ’
1869 2880 1975 2908 con-

336 2944 594 2978 vertantur.
892 2944 893 2947 ’

387 3099 397 3118 ¹
438 3100 704 3134 Autographae,
721 3104 814 3128 totae
831 3108 931 3127 manu
947 3100 1135 3132 Annibalis,
1152 3100 1183 3127 in
1201 3099 1279 3127 folio
1296 3099 1438 3134 duplici.
1455 3108 1508 3127 nn.
1526 3101 1576 3127 148
1592 3104 1624 3127 et
1645 3100 1704 3127 149.
