2168 3437
826 278 906 315 ΑΝ.
937 279 1029 315 1554
1679 279 1749 316 529

113 376 241 417 vitiis
262 381 586 426 assueuerant‚
611 376 669 415 ab
704 376 769 416 eis
790 376 963 416 vellent
991 377 1083 415 ullo
1119 375 1257 415 modo
1290 375 1543 415 discedere.
1568 375 1637 415 Ita
1669 387 1746 415 va-

113 447 181 488 rie
208 446 545 498 diligenterque
565 457 615 486 re
637 447 836 497 agitata,
859 447 1013 486 visum
1040 452 1109 486 est
1135 446 1323 486 tandem
1350 445 1395 485 id
1426 446 1608 486 consilii
1636 445 1748 486 Pro-

116 518 218 569 regi
246 528 532 570 proponere,
573 522 642 565 ut,
687 517 910 568 dispersis
944 517 1033 556 illis
1063 517 1110 556 in
1145 518 1237 557 alia
1267 517 1569 567 monasteria,
1593 528 1748 575 novae

118 590 165 629 in
200 595 414 629 sanctum
446 587 558 628 illud
591 588 910 627 habitaculum
938 588 1198 628 monachae
1214 588 1566 638 inducerentur,
1591 594 1636 627 et
1656 599 1747 639 quo

119 661 324 711 aptiores
343 659 403 699 ad
422 670 586 699 veram
607 658 848 709 religionis
864 664 1032 698 norma
1054 670 1156 698 esse
1180 665 1370 708 possent
1390 691 1397 707 ,
1430 671 1524 699 non
1555 671 1612 698 ex
1645 659 1748 698 aliis

120 731 377 781 coenobiis,
414 730 497 770 sed
531 741 589 769 ex
621 729 808 769 saeculo
840 729 1051 779 virgines
1088 736 1395 779 sumerentur,
1433 731 1571 781 paulo
1600 735 1751 781 posta

119 802 313 842 Vicario
351 800 715 841 consecrandae.
753 799 877 839 Nihil
914 811 1075 839 morae
1107 799 1192 839 fuit
1229 800 1275 839 in
1304 800 1542 851 Principe,
1575 801 1747 852 quomi

119 885 207 913 nus
234 873 411 922 omnia,
443 877 493 911 ut
519 871 759 923 proposita
794 870 1004 919 fuerant,
1034 870 1099 910 ita
1136 871 1524 921 transigerentur.
1555 871 1751 911 Mulieri-

119 945 205 984 bus
225 942 391 994 igitur,
416 954 535 993 quae
557 942 618 982 ibi
639 941 899 981 habuerant
921 941 1051 991 (sic),
1082 953 1109 980 a
1142 941 1265 981 Dno.
1298 941 1491 981 Vicario
1522 942 1567 981 in
1595 953 1752 982 mona-

119 1014 285 1064 steria,
308 1018 447 1064 prout
476 1013 565 1064 ipsi
595 1013 749 1053 visum
779 1018 869 1060 est,
901 1012 1182 1062 distributis,
1213 1012 1410 1052 edicitur
1448 1025 1473 1052 a
1509 1012 1609 1052 Pre.
1649 1025 1749 1053 nro.

121 1085 455 1125 concionatore
480 1082 489 1102 ¹
513 1084 551 1123 si
571 1095 690 1134 quae
710 1083 921 1134 virgines
949 1083 1005 1122 ab
1034 1084 1122 1123 hoc
1153 1083 1342 1122 saeculo
1371 1095 1594 1134 nequam,
1628 1084 1754 1123 vitae

121 1155 458 1207 tranquillioris
488 1166 668 1205 amore,
701 1154 847 1194 velint
875 1155 1094 1194 inlocum
1113 1165 1301 1194 sacrum
1322 1154 1560 1202 secedere,
1584 1167 1753 1194 nomen

124 1226 357 1275 deferant,
382 1237 590 1266 amorem
611 1225 702 1275 sui,
732 1226 934 1276 patriae,
965 1230 1230 1276 parentum,
1262 1223 1503 1275 abjiciant,
1536 1232 1585 1264 ut
1614 1238 1754 1265 unum

126 1298 378 1338 induantur
399 1297 558 1350 Jesum
580 1296 837 1347 Christum,
861 1297 969 1336 huic
988 1297 1068 1336 uni
1090 1296 1288 1347 posthac
1310 1302 1354 1336 et
1375 1296 1585 1336 victuras
1601 1304 1645 1335 et
1663 1308 1755 1336 mo—

126 1370 301 1409 rituras
322 1374 545 1408 statuant.
568 1368 687 1408 Mira
709 1380 805 1418 res,
825 1374 869 1407 et
895 1379 1008 1408 sane
1027 1366 1280 1417 laudanda3
1305 1379 1358 1406 eo
1376 1367 1477 1418 ipso
1500 1367 1572 1407 die
1601 1368 1757 1418 plures

127 1452 267 1491 quam
290 1446 478 1480 centum
500 1452 558 1479 ex
579 1440 656 1487 iis,
681 1451 800 1490 quae
821 1439 1001 1479 Pribus.
1024 1439 1136 1478 nris.
1162 1438 1373 1478 confiteri
1393 1439 1564 1485 solent,
1589 1439 1709 1478 sicut
1731 1451 1755 1477 a

126 1511 228 1551 R.d0
254 1511 356 1551 Pre.
387 1510 663 1562 Praeposito
690 1511 978 1562 accepimus,
1008 1510 1242 1550 conscribi
1272 1510 1518 1560 petierunt.
1556 1510 1757 1550 Habitus

129 1589 200 1623 est
219 1588 376 1622 tamen
404 1581 632 1631 delectus,
661 1593 809 1632 neque
838 1582 996 1632 plures
1026 1593 1165 1632 quam
1197 1581 1358 1621 decem
1385 1588 1428 1621 et
1458 1593 1626 1621 nouem
1653 1587 1758 1621 sunt

127 1654 380 1703 admissae,
404 1665 523 1704 quae
543 1653 690 1692 natali
711 1653 783 1692 die
805 1653 978 1692 Beatae
998 1652 1087 1692 Dei
1109 1652 1362 1692 Genitricis
1384 1653 1430 1691 in
1453 1652 1573 1692 illius
1600 1664 1757 1692 mona-

126 1725 257 1765 sterii
277 1725 464 1774 templo,
489 1735 676 1764 sacrum
692 1723 893 1763 faciente
910 1735 1003 1763 uno
1020 1735 1080 1763 ex
1095 1723 1275 1764 Pribus.
1294 1724 1424 1769 nris..
1446 1730 1630 1775 sumpto
1647 1723 1756 1763 Dni.

102 1786 105 1787 ⁷
126 1797 214 1836 nri.
231 1795 342 1848 Jesu
363 1795 537 1835 Christi
558 1795 819 1834 sacratiss.⁰
842 1806 1061 1845 corpore,
1099 1805 1271 1845 magna
1305 1795 1462 1846 populi
1482 1795 1758 1846 frequentia,

127 1873 368 1918 spectante
385 1852 524 1906 etiam
541 1865 770 1917 Principe,
791 1865 1047 1917 Rhegiensi
1063 1866 1313 1917 Episcopo,
1334 1872 1378 1906 et
1395 1866 1599 1906 ciuitatis
1617 1866 1761 1916 Magi-

127 1945 298 1988 stratu‚
318 1944 422 1989 post
441 1937 669 1985 auditam,
690 1948 809 1987 quae
826 1937 1029 1976 maxime
1048 1937 1106 1976 ad
1122 1949 1220 1977 rem
1236 1937 1452 1984 faciebat,
1472 1938 1759 1982 concionem,

127 2021 250 2049 nouo
271 2020 383 2048 suae
404 2009 530 2048 vitae
552 2008 766 2047 instituto
790 2007 1017 2047 dederunt
1040 2009 1244 2058 initium,
1268 2008 1326 2047 ab
1350 2020 1496 2059 eaque
1523 2008 1596 2048 die
1626 2009 1761 2047 bene-

129 2080 410 2120 dictinarum
430 2091 480 2119 se
501 2090 693 2118 normae
715 2078 1009 2118 addixerunt.
1035 2079 1107 2119 Ex
1121 2080 1209 2118 hac
1227 2080 1351 2118 enim
1367 2079 1543 2118 familia
1560 2080 1759 2128 fuerant,

129 2163 247 2203 quae
268 2151 331 2191 ibi
352 2157 459 2191 ante
487 2150 725 2190 viuebant.
754 2150 868 2190 Erat
895 2162 1032 2190 sacra
1064 2150 1141 2190 illa
1173 2151 1312 2190 aedes
1342 2150 1622 2190 Ascensioni
1653 2149 1759 2189 Dni.

130 2222 307 2272 dicata,
331 2233 357 2261 a
379 2233 470 2272 qua
492 2227 536 2260 et
559 2232 728 2260 nomen
749 2221 835 2260 toti
856 2222 960 2260 loco
982 2220 1090 2271 fuit,
1114 2221 1244 2261 cuius
1266 2221 1405 2270 situs,
1437 2221 1559 2272 quod
1588 2221 1763 2260 inutilis

130 2303 388 2344 parumque
411 2292 605 2332 idoneus
629 2291 688 2331 ad
709 2291 799 2331 hoc
821 2292 946 2331 vitae
966 2302 1114 2342 genus
1135 2291 1405 2338 videbatur,
1431 2292 1639 2342 virgines
1659 2292 1764 2331 illae

132 2363 179 2403 in
201 2363 343 2402 alium
363 2363 537 2411 locum,
563 2362 641 2413 qui
663 2361 721 2401 ad
743 2362 867 2402 hunc
888 2373 1024 2402 usum
1046 2368 1183 2402 antea
1202 2363 1354 2402 fuerat
1373 2364 1573 2412 electus,
1592 2374 1765 2414 magna

130 2434 372 2474 hominum
389 2433 684 2484 maximeque
701 2433 949 2473 mulierum
967 2434 1218 2473 comitante
1235 2434 1542 2482 multitudine,
1567 2440 1673 2473 sunt
1692 2435 1765 2473 de-

133 2504 317 2553 ductae,
332 2504 410 2543 ubi
425 2515 564 2553 nunC,
583 2515 677 2543 non
698 2504 796 2543 sine
809 2504 1074 2544 sanctitatis
1090 2504 1215 2544 fama
1235 2505 1358 2555 (quid
1372 2505 1494 2544 enim
1507 2516 1599 2544 non
1613 2505 1765 2544 dicam

134 2576 257 2627 quod
277 2586 440 2615 verum
465 2574 585 2625 est?)
608 2580 652 2614 et
680 2575 1033 2625 praedicatione
1061 2576 1289 2615 bonorum
1320 2576 1527 2615 omnium
1553 2586 1767 2627 perseue-

133 2652 254 2697 rant3
277 2657 428 2697 neque
449 2645 496 2685 id
517 2651 642 2685 certe
660 2645 890 2685 immerito
908 2645 971 2695 fit,
991 2651 1040 2685 ut
1057 2652 1102 2685 et
1122 2646 1193 2685 sui
1209 2652 1340 2686 tanta
1357 2646 1766 2696 existimationem,

137 2725 182 2758 et
203 2717 402 2758 caeteris
422 2716 668 2756 monachis
687 2715 1045 2756 admirationem
1066 2717 1293 2766 excitent,
1312 2716 1422 2757 Diui
1440 2717 1562 2757 enim
1578 2717 1768 2757 Benedi-

139 2789 201 2828 cti
236 2799 441 2828 canones
474 2799 531 2827 ne
565 2787 664 2827 latu
699 2786 884 2838 quidem
920 2787 1086 2837 pedem
1121 2788 1555 2839 transgrediuntur:
1595 2789 1766 2838 Victus,

137 2859 430 2910 vestitusque
464 2857 586 2897 ratio
617 2857 781 2897 eadem
816 2857 1051 2908 omnibus,
1085 2858 1292 2910 nihilque
1327 2859 1407 2898 ulli
1443 2859 1631 2899 omnino
1665 2871 1767 2911 pro-

196 3045 206 3064 1
246 3043 530 3070 Concionatorem
543 3041 720 3068 Messanae
736 3040 799 3068 hoc
816 3045 968 3076 tempore
989 3044 1115 3078 agebat
1138 3043 1173 3070 P.
1199 3043 1426 3079 Hieronymus
1446 3044 1586 3072 Otellus.
1600 3045 1770 3076 PoLANco,

143 3091 345 3122 chronicon,
359 3096 384 3117 t.
399 3097 449 3123 111,
464 3096 546 3123 pag.
565 3088 627 3120 216,
643 3095 674 3116 n.
690 3088 752 3121 468,
768 3093 802 3115 et
817 3096 896 3123 pag.
912 3089 973 3123 227,
990 3098 1020 3116 n.
1036 3090 1097 3118 499.

287 3150 337 3185 Τ.
358 3160 400 3184 ιι.
1541 3163 1585 3198 34
