2168 3437
352 199 420 237 lOo
867 196 1092 233 LITTERAE
1119 204 1478 238 QUADRIMESTRES

1049 649 1299 704 CXCIII

426 883 472 920 P.
496 881 716 919 Antonius
738 880 884 918 Vinck

476 947 598 984 Patri
616 947 786 994 Ignatio
805 946 859 983 de
878 945 1065 993 Loyola.

521 1012 740 1055 Messana,
757 1011 781 1049 3
799 1011 998 1058 Januarii
1020 1010 1113 1048 1553
1132 1009 1157 1045 ¹.

1121 1253 1219 1331 nis

439 1505 625 1557 Gratia,
656 1516 750 1556 pax
777 1510 821 1545 et
853 1505 1175 1546 misericordia
1208 1505 1301 1545 dni.
1335 1505 1422 1545 nri.
1451 1505 1537 1545 Ies.
1567 1503 1640 1544 Χ.ἰ
1671 1503 1728 1543 sit
1756 1503 2003 1543 nobiscum

366 1589 566 1629 semper.
588 1576 757 1617 Amen.

438 1648 693 1688 Honestius
714 1648 902 1700 quidem
923 1653 1061 1698 esset,
1080 1647 1130 1687 Ρ.
1149 1647 1196 1687 in
1217 1647 1301 1687 X.⁰
1322 1646 1765 1696 observandissime,
1785 1650 2000 1685 nostram

358 1719 626 1760 socordiam
652 1719 816 1771 paucis
842 1719 1045 1770 ingenue
1073 1718 1234 1769 fateri,
1264 1718 1354 1758 nisi
1381 1729 1468 1758 nos
1496 1724 1540 1758 et
1567 1717 1897 1757 sanctissimae
1926 1717 2003 1756 lex

359 1790 650 1831 obedientiae
681 1796 896 1841 cogeret,
928 1798 971 1830 et
1002 1795 1080 1830 tua
1101 1789 1368 1840 benignitas
1395 1789 1640 1839 invitaret,
1665 1794 1736 1839 ut,
1761 1788 2004 1840 quantula-

359 1873 556 1914 cumque
577 1868 706 1912 sunt,
732 1873 851 1913 quae
874 1861 1101 1913 proximis
1122 1866 1325 1913 quatuor
1357 1860 1595 1900 mensibus
1626 1859 1700 1899 hic
1731 1865 1892 1899 nostro
1923 1859 2004 1898 mi—

358 1933 550 1974 nisterio
567 1932 798 1973 Dominus
815 1933 972 1973 facere
990 1933 1210 1984 dignatus
1231 1938 1315 1983 est,
1336 1943 1499 1972 eorum
1518 1937 1562 1971 te
1584 1931 1712 1971 hisce
1735 1930 1881 1971 literis
1906 1942 2003 1970 cer-

360 2005 530 2044 tiorem
551 2004 830 2044 faceremus.

440 2075 571 2126 Quae
592 2082 642 2115 ut
664 2076 756 2115 iam
779 2074 1046 2126 aggrediar,
1072 2075 1184 2114 illud
1207 2074 1436 2125 imprimis
1457 2073 1627 2113 habeto
1647 2084 1654 2121 ;
1685 2073 1808 2124 quod
1840 2072 1899 2112 ad
1927 2072 2004 2112 do-

358 2147 579 2187 mesticos
602 2147 768 2187 attinet
786 2145 858 2196 (de
878 2146 951 2186 his
972 2146 1096 2186 enim
1116 2145 1318 2197 primum
1340 2145 1475 2197 quasi
1497 2143 1729 2196 quaedam
1750 2144 1862 2184 mihi
1879 2143 2003 2183 ratio

359 2217 598 2258 reddenda
626 2217 735 2268 est),
771 2228 945 2269 magna
980 2217 1026 2257 in
1055 2228 1172 2268 pace
1204 2222 1248 2256 et
1275 2217 1418 2256 animi
1446 2216 1600 2267 quiete
1632 2226 1794 2255 omnes
1821 2215 2002 2265 vivere,

360 2295 458 2329 tum
493 2289 695 2329 orationi
729 2300 785 2328 ac
820 2288 1020 2328 caeteris
1055 2287 1345 2340 spiritalibus
1380 2287 1618 2327 exercitiis
1653 2286 1923 2337 diligentius
1956 2286 2003 2325 in

359 2360 458 2400 dies
479 2360 737 2400 intendere.
770 2359 906 2410 Quod
936 2358 1123 2410 quidem
1144 2358 1256 2398 nihil
1278 2358 1450 2408 minus,
1474 2358 1566 2397 imo
1588 2369 1702 2397 vero
1727 2357 1831 2407 (nisi
1853 2356 2005 2408 pudor

360 2438 430 2470 cst
452 2431 540 2471 hoc
564 2431 734 2480 dicere)
757 2431 902 2470 multo
925 2430 1066 2469 etiam
1088 2429 1240 2480 magis
1263 2420 1318 2469 de
1340 2429 1397 2468 iis
1419 2429 1633 2480 accipere
1656 2428 1820 2479 debes,
1853 2428 1931 2479 qui
1956 2427 2004 2467 in

361 2502 496 2542 domo
519 2501 811 2554 probationis
832 2501 979 2541 vitam
1001 2507 1161 2552 agunt.
1186 2500 1236 2540 In
1258 2500 1446 2552 quibus,
1481 2500 1567 2539 etsi
1596 2500 1740 2539 multa
1770 2505 1877 2539 sunt
1908 2498 2004 2538 lau-

362 2574 549 2625 dabilia,
569 2572 682 2613 nihil
703 2579 863 2613 tamen
883 2572 1065 2623 gratius
1085 2571 1293 2611 cernitur
1314 2583 1454 2623 quam
1472 2571 1740 2611 constantia
1761 2569 2002 2610 confirma-

359 2645 515 2695 tioque
538 2644 681 2684 animi
701 2644 748 2684 in
777 2644 866 2684 hoc
896 2649 1058 2683 nostro
1085 2642 1212 2683 vitae
1241 2642 1469 2682 instituto.
1499 2641 1590 2682 Par
1621 2648 1690 2682 est
1719 2648 1762 2681 et
1785 2641 1831 2681 in
1858 2641 2006 2681 literis

360 2714 621 2766 profectus3
654 2715 733 2766 qui
760 2714 807 2754 in
835 2713 1130 2754 scholasticis
1159 2712 1429 2753 domesticis
1456 2718 1614 2752 tantus
1644 2718 1832 2763 tamque
1861 2711 2004 2751 mani-

416 2876 427 2894 ¹
466 2874 746 2908 Autographum‚
769 2881 870 2901 manu
892 2873 1006 2901 Patris
1030 2873 1209 2900 Annibalis
1234 2873 1272 2900 de
1296 2872 1464 2900 Coudreto
1486 2873 1677 2899 consectum
1698 2876 1731 2899 et
1754 2879 1773 2898 a
1795 2871 1830 2898 P.
1854 2871 2007 2898 Antonio

361 2921 474 2948 Vinck
489 2922 730 2956 subscriptum,
747 2922 779 2949 in
795 2921 874 2948 folio
890 2921 1025 2956 duplici.
1040 2928 1094 2947 nn.
1114 2920 1163 2947 136
1177 2925 1210 2947 et
1227 2920 1389 2947 137.—Est
1405 2921 1509 2947 etiam
1527 2920 1733 2953 exemplum,
1750 2920 1832 2946 item
1847 2922 2005 2952 autogra-

361 2969 474 3003 phum.
491 2976 592 2996 manu
607 2969 712 3003 ipsius
728 2968 919 3002 Annibalis,
934 2969 966 2995 in
981 2968 1061 2995 folio
1076 2975 1106 2995 n.
1122 2968 1182 3001 138,
1200 2968 1286 3002 quod
1302 2975 1343 2994 ex
1359 2968 1481 3001 lituris,
1498 2966 1697 3000 emendatis,
1713 2965 1916 3000 suppressis,
1933 2973 2001 2992 mu·

362 3016 446 3043 tatis
461 3020 493 3043 et
510 3016 635 3043 additis
651 3016 765 3043 verbis
781 3019 874 3043 certo
890 3020 1034 3050 apparet
1050 3015 1289 3042 adversarium
1305 3023 1377 3042 esse
1394 3018 1527 3042 tantum
1543 3014 1686 3041 alterius
1701 3012 1921 3048 autographi.
