2168 3437
358 294 430 331 242
872 291 1100 328 LITTERAE
1127 300 1485 334 QUADRIMESTRES

440 389 564 429 Bene
590 387 748 428 valeat
774 387 823 427 P.
847 386 907 427 V.
931 386 979 426 in
999 385 1080 426 X.⁰

439 459 613 500 Ultima
633 457 811 510 Aprilis
835 457 951 497 1553.
974 457 1178 509 Raptim.
1204 456 1445 498 Coloniae.

440 529 494 570 R.
518 528 578 570 V.
597 540 763 569 servus
784 528 1022 580 indignus,

1279 669 1564 710 LEONARDUS
1585 668 1784 710 KESSEL.

442 885 811 937 Sztperscm'ptz'o.
832 883 863 936 †
880 883 984 924 R.d0
1007 884 1055 924 in
1076 883 1159 924 X.⁰
1174 883 1299 935 patri
1316 883 1422 923 dno.
1442 882 1624 934 Ignatio
1647 894 1672 923 a
1702 882 1881 934 Loyola
1904 894 2007 934 pre-

360 957 514 1010 posito
536 956 746 1008 generali
767 956 1008 996 societatis
1027 955 1150 1008 Jesu.
1174 954 1367 995 Romae.

442 1027 554 1068 Alia
575 1039 736 1068 manu.
766 1026 880 1067 1553.
904 1026 1054 1077 Quad.
1079 1025 1241 1066 Colon.
1268 1025 1374 1065 ult.a
1396 1025 1512 1077 apri.

1070 1453 1303 1507 CCXIV

442 1692 702 1730 Theodorus
725 1691 946 1734 Peltanus,

490 1757 559 1794 Ex
578 1755 900 1793 commissione
920 1755 1065 1792 Patris
1085 1754 1304 1801 Alphonsi
1324 1753 1570 1799 SaImeron,

539 1823 660 1860 Patri
678 1821 848 1869 Ignatio
870 1820 920 1857 de
942 1819 1128 1867 Loyola.

587 1887 785 1934 Neapoli,
807 1886 854 1923 30
874 1885 1038 1933 Aprilis
1059 1885 1150 1922 1553
1168 1885 1193 1920 ¹.

1150 2153 1247 2194 IHS

453 2383 553 2424 Pax
574 2382 764 2422 Domini
784 2381 824 2434 J.

455 2454 556 2495 R.de
592 2455 639 2494 in
659 2453 740 2493 X.0
759 2452 831 2492 Rs

454 2526 606 2567 Huius
642 2523 1001 2577 quadrimestris
1041 2528 1200 2573 gesta,
1241 2522 1411 2572 obiter,
1449 2527 1498 2561 ut
1530 2521 1644 2561 iussi
1673 2532 1854 2569 sumus,
1890 2527 2014 2560 tran-

361 2598 634 2638 scribimus.
659 2596 751 2636 Sex
772 2606 973 2646 magnae
1001 2593 1101 2645 spei
1129 2593 1323 2633 iuvenes
1352 2592 1712 2633 ferventissimis
1734 2591 1747 2610 ‘²
1770 2591 2015 2632 desideriis

372 2675 562 2709 nostrae
584 2680 686 2708 sese
707 2666 928 2708 Societati
948 2665 1195 2714 dederunt,
1220 2665 1340 2704 inter
1362 2675 1477 2715 quos
1494 2675 1613 2703 unus
1631 2696 1637 2713 ‚
1663 2663 1882 2714 egregius
1901 2674 2014 2703 sane

373 2741 665 2789 adolescens,
691 2750 783 2778 una
805 2749 908 2778 eum
930 2736 1023 2787 his,
1047 2736 1127 2788 qui
1148 2735 1300 2775 Roma
1321 2735 1519 2787 profecti
1540 2741 1687 2785 erant,
1714 2734 1933 2774 Patribus
1959 2746 2014 2774 ae

372 2812 595 2852 iratribus
616 2811 662 2850 in
683 2809 914 2858 Siciliam,
938 2813 1064 2847 metu
1085 2812 1355 2858 parentum,
1380 2818 1430 2846 se
1452 2806 1662 2846 contulit,

452 2882 626 2933 Magna
657 2881 730 2920 his
761 2879 1019 2928 mensibus,
1044 2883 1087 2918 et
1110 2877 1361 2929 praecipue
1388 2877 1435 2916 in
1463 2876 1849 2928 quadragesima,
1873 2875 2013 2915 confi-

427 3017 437 3037 ¹
477 3016 743 3051 Autographae,
769 3016 867 3043 unico
889 3015 979 3049 folio,
1007 3014 1078 3041 sub.
1097 3021 1128 3040 n.
1152 3013 1213 3040 122.
1237 3013 1308 3040 Eas
1330 3013 1525 3041 emendavit
1548 3013 1734 3046 Polancus7
1758 3015 1791 3039 et
1813 3012 2020 3039 emendatas

374 3064 590 3098 transcripsit
607 3064 693 3091 alius
709 3064 741 3090 in
758 3063 814 3090 fol.
833 3063 884 3090 123
899 3062 952 3089 v.⁰

426 3112 440 3130 ²
479 3112 790 3138 aestuantissimz's
805 3110 990 3144 scripserat
1008 3109 1182 3137 Peltanus.
