2168 3437
925 270 1008 307 AN.
1041 270 1134 307 1553
1780 269 1848 308 361
1899 262 1901 265 ¹

216 366 461 407 multitudo
483 367 560 407 illa
581 378 681 407 rem
700 367 766 408 ita
792 378 969 407 novam
994 373 1133 418 atque
1163 366 1391 406 hactenus
1418 366 1676 406 inauditam
1705 367 1848 407 intue-

217 443 343 477 retur
364 449 457 477 non
484 437 583 477 sine
613 437 834 477 effusione
864 437 1234 489 lachrymarum,
1268 443 1405 488 atque
1432 437 1637 477 maximo
1668 443 1849 478 terrore

214 508 397 548 illorum
417 509 562 548 animi
581 509 1021 558 commovebantur,
1045 513 1090 548 et
1111 519 1272 547 omnes
1294 519 1387 548 uno
1410 519 1489 547 ore
1511 519 1609 547 rem
1630 514 1726 548 tam
1756 520 1850 548 me—

215 579 492 619 morandam
513 579 892 630 comprobabant.
916 578 1012 618 Nec
1033 578 1144 618 illud
1170 577 1353 618 silentio
1380 584 1673 629 praeteream
1704 578 1847 619 fuisse

216 649 261 689 in
282 661 426 690 causa
446 655 495 690 ut
516 650 647 690 multi
668 649 831 690 eodem
855 649 1109 700 diplomate
1130 648 1397 688 fruerentur
1422 651 1446 699 ¹,
1479 661 1675 701 quorum
1704 650 1845 690 animi

214 721 342 772 prius
364 721 635 760 alienissimi
657 726 804 760 erant.

292 790 524 831 Numerus
555 790 896 841 confitentium,
926 790 1004 842 qui
1035 790 1094 830 ad
1124 801 1210 830 nos
1238 790 1489 841 accedunt,
1522 802 1617 830 non
1647 792 1849 842 exiguus

212 869 302 913 est,
326 867 371 901 et
391 862 438 901 in
459 862 557 902 dies
579 868 792 913 augetur,
823 873 878 901 ac
908 862 1052 901 multo
1081 860 1231 912 majus
1258 867 1461 901 sumeret
1488 861 1843 908 incrementum,

211 933 250 972 si
270 933 493 984 templum
514 938 834 973 constructum
855 932 1138 972 haberemus
1158 937 1208 971 ut
1229 937 1325 971 tam
1345 932 1462 971 viris
1487 944 1626 983 quam
1647 933 1846 973 mulieri-

211 1004 296 1044 bus
316 1004 477 1044 liceret
499 1004 558 1044 ad
579 1015 664 1044 nos
687 1003 938 1053 accedere,
970 1002 1094 1054 quod
1123 1002 1257 1043 brevi
1289 1004 1353 1051 (ut
1385 1003 1431 1042 in
1459 1002 1661 1043 Domino
1690 1015 1847 1055 spera-

211 1074 329 1125 mus)
365 1086 684 1126 assequemur,
720 1074 998 1126 praesertim
1028 1085 1134 1113 cum
1160 1073 1390 1113 Dominus
1421 1073 1586 1114 Petrus
1616 1073 1843 1115 Domene-

209 1146 339 1197 chus,
362 1151 496 1197 pater
515 1158 570 1186 ac
590 1151 826 1197 protector
846 1145 996 1185 nostri
1016 1145 1224 1196 collegii,
1250 1156 1354 1184 eam
1376 1145 1593 1185 exhibeat
1616 1157 1777 1185 curam
1799 1152 1844 1186 et

209 1217 499 1267 diligentiam
521 1217 682 1268 quales
702 1222 799 1257 tam
819 1217 896 1268 pio
917 1216 1022 1256 Viro
1043 1215 1214 1267 dignae
1237 1222 1532 1256 censeantur.

287 1288 641 1328 Pomeridianae
660 1288 908 1338 lectiones,
934 1298 1054 1339 quae
1083 1287 1130 1327 in
1158 1293 1319 1326 nostro
1347 1287 1544 1338 collegio
1572 1287 1732 1327 diebus
1765 1288 1842 1327 do—

210 1359 392 1399 minicis
414 1371 469 1399 ac
489 1358 619 1398 festis
636 1359 985 1410 praeleguntur,
1004 1370 1098 1398 non
1115 1358 1215 1398 sine
1232 1369 1405 1408 magna
1424 1358 1688 1398 auditorum
1707 1359 1845 1410 copia

209 1436 347 1482 atque
369 1430 631 1469 animarum
653 1430 802 1469 salute
821 1435 1185 1480 prosequuntur.

288 1500 372 1541 His
393 1500 556 1540 diebus
576 1499 817 1551 proximis,
836 1505 1033 1551 accepta
1053 1499 1257 1550 quadarn
1278 1500 1473 1551 epistola
1496 1511 1522 1539 a
1545 1499 1682 1539 Patre
1704 1499 1843 1540 Nata-

208 1574 272 1623 le,
297 1583 388 1623 qua
408 1571 726 1622 praecipiebat
746 1576 907 1610 nostro
929 1570 1168 1621 praefecto
1195 1569 1209 1588 ²
1239 1576 1288 1610 ut
1313 1569 1505 1622 quidam
1533 1582 1591 1610 ex
1617 1570 1843 1610 fratribus

208 1655 301 1683 una
323 1654 430 1682 cum
450 1642 553 1682 aliis
574 1642 620 1681 in
640 1642 881 1681 Baeticam
903 1653 951 1681 se
973 1641 1259 1691 conferrent,
1283 1647 1332 1681 ut
1354 1641 1535 1681 initium
1556 1641 1720 1681 darent
1750 1643 1841 1681 col-

205 1714 327 1765 legio
349 1712 649 1763 cordubensi,
673 1712 796 1764 quod
816 1712 948 1752 brevi
970 1712 1190 1763 erigetur,
1216 1718 1260 1752 et
1283 1718 1535 1764 antequam
1556 1712 1663 1752 hinc
1696 1712 1838 1752 disce-

206 1785 357 1835 deret,
382 1784 567 1825 curavit
587 1784 854 1836 praefectus
874 1789 925 1824 ut
945 1783 1105 1834 frater,
1129 1784 1316 1823 nomine
1344 1783 1594 1824 Marcellus
1614 1782 1649 1834 ⁵,
1679 1785 1842 1823 laurea

203 1868 379 1896 corona
401 1855 706 1906 insigniretur
728 1861 772 1895 et
792 1860 1029 1907 postremo
1051 1860 1230 1906 septem
1251 1855 1423 1895 artium
1444 1855 1704 1895 liberalium
1735 1867 1836 1906 pro-

202 1927 351 1967 fessor
372 1932 627 1966 crearetur.
660 1925 794 1977 Quod
822 1924 911 1965 Dei
941 1925 1045 1977 Opt.
1076 1925 1201 1965 Max.
1231 1925 1456 1966 beneficio
1484 1925 1661 1965 facturn
1691 1931 1760 1966 est
1791 1926 1839 1965 in

201 1998 290 2038 hac
310 1997 550 2037 valentina
580 1996 838 2037 Academia
867 2008 961 2037 non
987 1997 1087 2036 sine
1114 1996 1320 2037 maximo
1348 1996 1667 2048 professorum
1699 2004 1839 2048 atque

202 2069 595 2109 scholasticorum
617 2079 863 2108 consensu.

284 2139 422 2180 Faxit
442 2139 571 2179 Deus
591 2144 641 2179 ut
661 2150 826 2179 veram
846 2138 974 2178 illam
995 2149 1237 2189 coronam,
1259 2150 1400 2190 quam
1420 2139 1519 2190 ipse
1538 2139 1750 2190 promisit
1772 2139 1833 2179 di-

202 2210 453 2261 ligentibus
475 2222 538 2261 se,
563 2209 752 2250 tandem
773 2221 1096 2262 assequamur.

287 2281 418 2322 Vale.
447 2280 718 2331 Valentiae,
746 2281 884 2321 tertio
911 2292 1019 2321 non.
1051 2280 1275 2332 Augusti,
1309 2293 1432 2321 anno
1461 2292 1487 2320 a
1516 2287 1653 2332 partu
1683 2281 1840 2332 Virgi-

205 2352 278 2392 nis
302 2351 417 2391 1553.

282 2423 409 2463 Tuus
431 2422 652 2473 indignus
671 2422 818 2474 filius,

1173 2549 1344 2590 Lucius
1374 2548 1572 2589 CRucms
1594 2548 1621 2588 ⁴.

284 2705 637 2758 Superscmptz'o
659 2706 708 2746 in
729 2711 902 2758 quarta
917 2708 1131 2760 pagina:
1151 2672 1264 2750 ΙΙΪΙΞ.
1296 2709 1356 2750 ΑΙ
1375 2709 1488 2760 Muy
1507 2708 1609 2749 R.d0
1634 2709 1681 2749 in
1708 2708 1839 2751 Chri—

258 2840 268 2861 ¹
307 2841 458 2869 Vocibus
472 2842 524 2869 his
541 2843 660 2870 eodem
678 2843 1110 2878 diplomatefruerentur,
1124 2852 1266 2880 quorum
1286 2845 1341 2872 hie
1355 2852 1490 2879 sensus,
1506 2845 1708 2880 jubilaeum
1725 2845 1839 2874 lucra-

203 2889 341 2921 rentur,
353 2889 530 2916 substituit
549 2889 714 2917 Polancus
728 2890 825 2917 haec:
839 2891 885 2917 ad
900 2891 1158 2926 confessionem
1174 2899 1211 2919 se
1222 2893 1410 2926 pararent.

256 2935 270 2954 2
305 2940 422 2963 nostro
438 2936 623 2971 Superiori,
638 2944 696 2971 se.,
712 2937 809 2964 Patri
823 2937 943 2971 Joanni
959 2938 1138 2973 Baptistae
1155 2940 1194 2966 de
1210 2939 1346 2967 Barma.

255 2982 269 3002 3
305 2982 486 3011 Marcellus
501 2985 540 3011 de
557 2984 708 3012 Salazar.
723 2984 890 3019 POLANco,
909 2985 1112 3019 Clzronicon,
1126 2990 1151 3014 t.
1166 2994 1213 3020 111,
1227 2995 1307 3021 pag.
1320 2987 1383 3019 376,
1398 2995 1429 3014 n.
1446 2987 1508 3015 827.

256 3030 270 3049 4
309 3029 515 3065 Tyburtinus
530 3032 584 3059 hic
600 3035 675 3059 erat
691 3035 724 3059 et
739 3032 919 3066 Tyburtini
934 3033 1095 3068 Episcopi
1116 3041 1236 3069 nepos,
1257 3039 1357 3062 extra
1380 3034 1519 3062 Italiam
1543 3036 1664 3064 missus
1685 3040 1721 3063 ut
1744 3044 1763 3063 a
1782 3044 1837 3063 co-

203 3081 387 3112 gnatorum
402 3079 566 3107 molestiis
582 3080 667 3107 liber
683 3083 784 3107 esset.
799 3079 887 3107 Vide
902 3079 1072 3114 PoLAnco,
1090 3081 1291 3116 chronicon,
1308 3086 1331 3109 t.
1351 3089 1386 3116 11,
1404 3090 1480 3117 pag.
1496 3084 1538 3117 16,
1554 3091 1584 3111 n.
1599 3083 1648 3111 30.
