2168 3437
913 269 992 306 AN.
1026 269 1117 306 1553
1753 266 1826 303 ‘219

191 377 290 406 rem
311 366 519 406 divinam
540 365 743 417 quotidie
765 365 979 406 audirent
1000 371 1045 405 et
1067 365 1125 405 ad
1147 365 1496 416 suscipiendum
1517 364 1823 404 christianum

191 436 333 476 animi
353 438 526 476 cultum
548 436 761 476 omnibus
783 436 943 476 diebus
963 435 1094 476 festis
1110 436 1429 476 convenirent.
1450 435 1578 486 Quas
1600 434 1820 475 conditio-

190 519 273 548 nes
294 519 401 547 cum
421 519 774 558 exponeremus,
800 507 930 547 multi
951 507 1255 555 mirabantur,
1279 506 1401 557 quod
1423 506 1558 557 haec,
1588 517 1706 557 quae
1734 516 1822 545 nos

191 579 326 630 quasi
345 578 519 618 laboris
539 579 687 618 nostri
708 578 888 629 premia
908 577 1176 627 flagitamus
1198 577 1254 616 ab
1277 577 1581 626 auditoribus,
1601 576 1660 616 ad
1678 576 1820 616 multo

190 649 446 689 maximam
476 660 636 689 eorum
668 649 917 688 utilitatem
943 648 1230 699 pertineant,
1263 654 1308 687 et
1339 660 1444 688 cum
1476 660 1569 688 non
1597 647 1822 687 mediocri

190 726 458 760 nostrorum
484 719 784 760 sacerdotum
811 719 1117 771 occupatione
1146 719 1396 759 coniuncta
1427 719 1531 759 sint.
1564 719 1698 759 Initio
1728 719 1820 759 duo

188 797 368 832 tantum
389 791 636 831 habuimus
657 790 921 842 gymnasia,
941 802 1139 842 quorum
1161 791 1359 830 alterum
1376 802 1481 830 cum
1501 791 1694 830 haberet
1715 795 1821 841 post

188 874 367 914 paucos
397 861 495 902 dies
530 862 767 902 auditores
801 867 986 901 centum
1015 866 1060 901 et
1090 861 1331 911 octoginta
1358 872 1572 909 numerO,
1603 872 1689 900 nec
1718 872 1822 912 pos-

190 939 293 973 sent
320 934 562 974 commode
593 939 688 973 tam
715 933 846 972 multi
875 933 932 972 ab
963 944 1054 972 uno
1083 938 1409 984 praeceptore,
1440 933 1654 983 quamvis
1682 933 1722 972 is
1751 939 1822 972 est

190 1004 238 1044 P.
262 1004 556 1053 Emmanuel,
581 1010 625 1044 et
655 1003 896 1055 diligentia
918 1009 962 1043 et
993 1003 1207 1043 doctrina
1229 1003 1471 1054 singulari,
1495 1004 1670 1043 laboris
1691 1015 1823 1054 prae-

189 1081 318 1115 terea
352 1075 739 1127 patientissimus,
773 1074 978 1124 edoceri,
1009 1074 1281 1125 scripsimus
1308 1074 1369 1114 ad
1395 1073 1450 1114 R.
1479 1074 1528 1114 P.
1567 1073 1823 1114 Doctorem

190 1145 386 1196 Torres,
423 1146 500 1197 qui
534 1146 722 1186 tertium
757 1158 781 1186 e
815 1145 1022 1197 vestigio
1057 1145 1182 1185 misit
1214 1152 1571 1198 praeceptorem
1610 1145 1822 1185 Rochum

189 1216 444 1268 Sanctium,
468 1217 657 1257 natione
678 1218 981 1269 valentinum,
1004 1224 1048 1259 et
1069 1219 1220 1270 ipsum
1241 1218 1335 1258 iam
1356 1218 1402 1257 in
1430 1216 1640 1257 docendo
1665 1228 1821 1256 excer-

189 1289 403 1339 citatum,
427 1289 502 1328 cui
530 1288 689 1328 datum
716 1295 785 1329 est
812 1290 999 1330 tertium
1025 1290 1327 1341 gymnasium
1355 1289 1561 1340 amplum
1586 1287 1738 1328 valde.
1771 1288 1822 1327 In

183 1371 243 1418 eo
265 1365 371 1399 sunt
391 1359 481 1399 hoc
507 1366 716 1410 tempore
745 1366 932 1400 centum
953 1361 1139 1400 circiter
1159 1360 1398 1400 auditores
1416 1392 1424 1409 ,
1448 1360 1495 1399 in
1516 1358 1722 1399 secundo
1742 1371 1822 1398 no—

187 1430 395 1481 naginta,
419 1430 466 1470 in
487 1431 636 1481 primo
657 1431 971 1482 quadraginta
992 1443 1084 1472 uno
1111 1432 1284 1481 minus,
1309 1431 1387 1482 qui
1418 1442 1579 1470 ornnes
1600 1430 1647 1470 in
1668 1437 1820 1470 certos

188 1501 375 1541 ordines
396 1508 503 1542 sunt
523 1502 770 1553 distributi,
790 1514 906 1554 quos
928 1502 1158 1554 decurias,
1179 1503 1303 1554 quod
1325 1502 1485 1542 decem
1502 1502 1598 1542 fere
1619 1502 1822 1541 habeant

187 1572 461 1624 discipulos,
485 1584 728 1613 vocamus.
752 1573 876 1614 Inter
905 1574 991 1614 hos
1012 1580 1081 1614 est
1102 1585 1235 1624 unus,
1268 1574 1345 1625 qui
1377 1574 1583 1613 omnium
1613 1572 1821 1613 decuria-

187 1655 291 1683 rum
311 1643 358 1683 in
378 1655 461 1684 suo
482 1645 731 1695 gymnasio
753 1656 916 1685 curam
937 1645 1092 1695 habet;
1118 1647 1285 1696 cuique
1307 1645 1447 1684 etiam
1470 1645 1688 1684 decuriae
1709 1656 1822 1684 suus

188 1720 375 1765 praeest
409 1715 613 1755 decurio.
647 1714 723 1756 Sic
756 1717 881 1756 nullo
911 1716 1071 1756 labore
1105 1716 1379 1767 intelligitur
1410 1716 1448 1756 si
1477 1716 1580 1767 quis
1609 1716 1748 1765 absit,
1782 1716 1821 1755 si

188 1797 354 1836 parum
374 1786 421 1825 in
443 1786 673 1827 audiendo
690 1792 909 1837 attentus,
929 1787 968 1827 si
985 1787 1228 1838 negligens
1249 1787 1295 1827 in
1311 1787 1535 1827 memoria
1558 1787 1822 1827 exercenda

187 1856 260 1896 sit.
285 1856 414 1897 Haec
436 1869 511 1897 res
532 1857 757 1898 maiorem
776 1864 937 1898 nostra
959 1858 1178 1909 opinione
1198 1858 1246 1898 in
1268 1858 1366 1898 dies
1394 1858 1597 1898 ostendit
1619 1870 1820 1898 commo-

187 1927 380 1967 ditatem
411 1927 469 1967 ad
504 1928 845 1968 multitudinem
879 1929 1250 1980 gubernandam.
1280 1928 1398 1969 Sunt
1425 1935 1579 1969 autem
1606 1929 1744 1980 positi
1773 1929 1820 1969 in

186 1997 388 2038 decuriis
422 2011 507 2050 pro
540 1999 906 2051 uniuscuiusque
938 1999 1165 2051 profectu.
1196 2000 1258 2039 In
1289 2000 1360 2039 3.⁰
1394 2000 1650 2051 gymnasio
1679 2005 1818 2051 paeri

185 2068 445 2119 diligenter
467 2081 515 2108 m
535 2069 777 2110 elementis
798 2071 1145 2121 grammaticae
1172 2071 1410 2111 discendis
1436 2074 1743 2111 exerceretur:
1770 2071 1820 2109 in

186 2139 259 2178 2⁰
279 2139 482 2180 audiant
509 2139 746 2180 Ciceronis
766 2140 1021 2192 epistolas,
1043 2153 1161 2192 quas
1178 2141 1459 2192 familiares
1479 2146 1673 2188 vocant,
1700 2141 1819 2181 eins-

186 2210 289 2249 dem
309 2209 482 2250 librum
503 2211 558 2250 de
574 2211 795 2251 Amicitia
816 2216 860 2252 et
882 2212 1164 2264 difficiliora
1186 2213 1533 2263 granmzaticae
1547 2216 1820 2264 praecepta:

186 2280 235 2319 ia
250 2281 409 2331 primo
437 2293 548 2322 vero
578 2282 857 2323 rlzetoricem
887 2285 949 2323 aa'
975 2284 1269 2324 Herennium
1298 2284 1552 2335 scriptam,
1579 2284 1821 2323 orationes

193 2351 450 2402 Ciceronis,
472 2352 739 2393 Salustium
760 2358 804 2394 et
825 2366 1052 2405 graecam
1074 2355 1443 2405 grammaticam
1461 2388 1466 2400 ‚
1487 2367 1627 2406 qnam
1654 2366 1819 2394 memo-

188 2422 305 2462 riter
325 2422 540 2463 ediscunt
562 2434 665 2463 cum
686 2424 942 2465 rhetorices
958 2426 1243 2477 praeceptis.
1269 2426 1534 2466 Salustium
1556 2437 1666 2465 vero
1688 2429 1732 2465 et
1754 2425 1819 2465 Ci-

187 2504 399 2533 ceronem
433 2493 483 2533 in
511 2495 728 2545 patrium
763 2495 903 2535 etiam
933 2508 1196 2536 sermonem
1223 2501 1441 2542 vertant,
1475 2497 1598 2547 quod
1623 2496 1820 2547 faciant

179 2564 417 2615 permulti
433 2575 526 2604 non
547 2565 859 2616 ineleganter.
882 2566 979 2607 Nec
1000 2567 1111 2607 illud
1133 2567 1319 2619 quidem
1347 2580 1373 2607 a
1404 2568 1536 2607 nobis
1565 2567 1821 2618 negligitur

185 2641 234 2674 ut
254 2636 370 2675 bene
392 2647 446 2675 ac
467 2636 690 2676 velociter
712 2638 933 2688 scribant,
958 2645 1208 2690 propterea
1230 2639 1354 2689 quod
1377 2649 1596 2678 curamus
1616 2645 1665 2678 ut
1685 2639 1820 2690 pueri

185 2705 309 2745 tertii
329 2706 566 2757 gymnasii
597 2714 694 2747 turn
715 2719 852 2748 mane
873 2715 971 2749 tum
993 2721 1190 2761 vespere
1213 2710 1437 2760 scriptam
1457 2709 1594 2748 domo
1622 2709 1820 2749 afferant

184 2777 458 2827 lectionem,
498 2789 638 2828 quam
674 2780 927 2819 memoriae
965 2780 1369 2820 commendarint:
1406 2779 1528 2819 idem
1553 2779 1602 2819 fit
1636 2780 1682 2820 in
1716 2781 1820 2820 aliis

185 2846 366 2887 duobus
391 2848 666 2899 gymnasiis.
704 2848 838 2899 Quod
869 2850 1033 2891 attinet
1061 2851 1120 2890 ad
1144 2850 1404 2902 juventutis
1426 2862 1595 2900 mores,
1620 2851 1696 2890 alii
1726 2852 1819 2891 iam

185 2929 287 2957 esse
307 2918 540 2969 videntur,
567 2924 706 2970 atque
727 2920 857 2960 initio
881 2927 1030 2971 erant;
1054 2921 1254 2973 plurima
1276 2921 1398 2960 enim
1419 2922 1623 2972 quotidie
1644 2921 1818 2962 defere-

184 2989 352 3028 bantur
370 2989 654 3039 iuramenta,
679 2993 851 3031 multae
872 2992 1090 3043 puerilies
1113 2991 1330 3041 iniuriae,
1363 3003 1481 3042 quae
1510 3005 1633 3032 nunc
1661 2993 1817 3033 omnia

187 3057 360 3099 Christi
379 3059 568 3100 Domini
589 3062 735 3101 nostri
765 3062 972 3102 bonitate
1003 3070 1109 3103 sunt
1145 3062 1413 3113 emendata,
1444 3069 1493 3103 ut
1523 3075 1694 3114 magna
1721 3064 1816 3104 iam
