2168 3437
364 234 438 272 118
879 237 1106 274 L1TTERAE
1133 247 1490 279 oqureiMEsTREs

365 331 527 372 stifera
547 333 636 384 lue,
659 333 868 384 profiteri
889 333 934 373 in
956 333 1118 373 schola
1138 345 1259 373 nova
1285 334 1433 374 nostri
1459 335 1643 386 publice
1669 342 1876 387 possent.
1906 337 2003 378 Nec

366 402 535 443 desunt
557 403 697 444 etiam
716 415 861 453 nune,
886 404 964 455 qui
985 415 1095 444 suos
1110 404 1245 445 nobis
1270 405 1441 445 liberos
1468 406 1777 447 instituendos
1807 408 2004 449 offerant

367 480 508 525 atque
538 475 884 525 commendent,
908 480 958 514 ut
978 475 1086 515 hinc
1107 476 1200 515 iam
1222 475 1280 515 ad
1301 487 1386 516 nos
1412 476 1574 517 venire
1605 479 1842 530 coeperint
1870 480 2003 530 pueri

367 556 423 585 ac
445 544 688 585 nobiscum
710 557 822 585 sane
849 552 1040 586 manent
1069 547 1363 598 perlibenter.
1394 546 1513 588 Nam
1542 554 1586 588 et
1615 549 1792 600 iniussi,
1817 562 1924 590 cum
1945 563 2003 591 ex

368 628 496 656 more
516 627 765 667 precamur
787 617 871 657 sub
893 617 1133 658 meridiem
1164 617 1248 669 (ter
1270 618 1393 658 enim
1420 619 1624 670 quotidie
1655 620 1715 660 ad
1742 621 2002 661 orationem

366 687 673 726 convenimus
690 699 852 727 omnes
871 694 922 728 ut
941 694 1038 728 tam
1067 689 1211 729 multa
1233 695 1277 729 et
1298 689 1399 729 dira
1420 690 1529 730 irati
1549 690 1639 730 Dei
1657 690 1858 743 flagella,
1883 704 2002 744 quae

368 758 733 810 circumquaque
770 758 1065 811 desaeviunt,
1103 761 1292 800 tandem
1326 750 1512 800 mitiora
1544 761 1701 812 fiant),
1739 763 1907 802 adsunt
1939 763 2003 803 illi

366 830 509 878 ultro,
540 829 837 880 precationes
867 830 994 882 ipsas
1023 837 1190 871 curant
1224 832 1557 882 transcribere,
1592 844 1857 885 magnaque
1887 833 2029 885 erga

365 904 554 939 nostros
588 899 732 940 animi
765 901 1078 952 propensione
1108 902 1334 953 seruntur,
1372 908 1421 942 ut
1456 903 1614 943 dicant
1649 904 1789 944 etiam
1825 916 1874 944 se
1902 905 2003 945 fieri

365 971 485 1010 velle
501 970 712 1022 Iesuitas;
732 971 821 1011 hoc
842 972 965 1012 enim
982 973 1168 1013 nomine
1186 974 1327 1024 vulgo
1350 974 1561 1014 dicimur.
1582 974 1830 1026 Coepimus
1847 983 2002 1016 autem

366 1041 630 1082 doctrinam
653 1043 755 1082 istis
777 1043 1082 1083 christianam
1104 1055 1390 1095 proponere,
1415 1045 1539 1097 quod
1556 1047 1633 1085 vel
1659 1034 1862 1087 maxime
1887 1048 2001 1087 resc-

363 1118 437 1151 rat
469 1113 740 1153 innocentes
776 1114 860 1153 hos
889 1114 1070 1154 animos
1097 1127 1295 1166 syncere
1323 1116 1486 1156 salutis
1513 1117 1683 1168 pabulo
1711 1117 1924 1169 reficere,
1958 1126 2001 1158 et

365 1183 595 1223 adversus
621 1190 688 1224 tot
710 1184 958 1224 haeresum
978 1191 1148 1237 pestes,
1172 1197 1291 1237 quae
1312 1187 1451 1238 longe
1471 1188 1546 1227 hic
1567 1188 1750 1240 lateque
1781 1200 1998 1245 grassan-

363 1260 454 1304 tur,
479 1256 792 1306 praemunire.
824 1255 915 1296 Sed
940 1255 1078 1296 finem
1105 1257 1340 1297 scribendi
1366 1257 1510 1309 facio,
1542 1258 1872 1312 Christumque
1898 1272 1999 1312 pre-

364 1336 448 1365 cor
469 1326 695 1377 optimum
716 1334 917 1377 maxum,
938 1333 987 1367 ut
1008 1328 1131 1379 quod
1151 1340 1235 1379 per
1251 1334 1439 1369 nostros
1460 1330 1535 1370 hic
1553 1331 1720 1381 coepit,
1740 1331 1894 1382 gratia
1915 1343 1998 1371 sua

363 1404 626 1447 conservet,
651 1403 823 1448 augeat
843 1405 1212 1450 promoveatque
1230 1400 1276 1439 in
1296 1401 1496 1450 gloriam
1519 1402 1721 1441 nominis
1741 1403 1814 1442 sui
1835 1403 1998 1454 sempi—

363 1474 563 1516 ternam;
599 1480 688 1520 qua
711 1469 757 1508 in
779 1481 828 1508 re
858 1469 996 1509 valde
1015 1481 1101 1510 nos
1123 1472 1393 1518 consolatur
1414 1478 1457 1511 et
1479 1472 1677 1524 animat,
1712 1473 1835 1525 quod
1865 1475 1999 1514 nobis

362 1539 488 1579 haud
510 1539 751 1580 defuturas
772 1548 989 1592 putemus
1010 1553 1195 1593 preces,
1219 1554 1315 1582 non
1334 1543 1473 1583 modo
1496 1542 1548 1583 R.
1573 1543 1621 1583 Ρ.
1646 1544 1722 1595 Τ.,
1747 1545 1829 1584 sed
1858 1545 1999 1585 etiam

362 1610 560 1651 aliorum
582 1611 789 1651 omnium
818 1611 1009 1652 Patrum
1031 1624 1086 1652 ac
1107 1612 1321 1664 fratrum,
1351 1615 1746 1666 quemadmodum
1768 1627 1881 1656 sane
1902 1617 2000 1656 tali-

361 1682 447 1726 bus
467 1682 615 1722 nostri
638 1688 776 1733 egent
797 1683 1037 1734 subsidiis,
1062 1683 1109 1723 in
1130 1684 1217 1724 hac
1238 1685 1517 1736 praesertim
1539 1685 1822 1727 Germaniae
1844 1699 2000 1728 corru-

360 1753 621 1804 piissimae,
658 1754 750 1794 imo
784 1755 1151 1806 perditissimae,
1175 1767 1340 1796 messe.
1370 1756 1600 1797 Dominus
1621 1757 1749 1798 Iesus
1777 1770 1883 1799 cum
1911 1759 2000 1800 hoc

358 1836 483 1865 anno
503 1837 628 1865 novo
651 1837 826 1865 novum
847 1826 981 1866 nobis
1002 1826 1217 1878 spiritum
1243 1827 1509 1879 ingeneret,
1540 1835 1590 1868 ut
1617 1829 1704 1869 rite
1734 1830 2001 1871 circumcisi

358 1907 499 1936 veros
516 1897 587 1936 sui
607 1897 810 1937 nominis
831 1896 1009 1938 fructus
1031 1898 1165 1938 nobis
1187 1905 1232 1938 et
1253 1899 1356 1938 aliis
1377 1899 1632 1950 pariamus.

440 1966 655 2007 Viennae
676 1968 749 2008 die
769 1967 888 2008 festo
910 1969 1204 2021 Epiphaniae
1226 1981 1348 2009 anno
1371 1969 1561 2010 Domini
1586 1970 1701 2012 1553.

439 2037 492 2077 R.
517 2037 567 2077 P.
591 2038 644 2078 T.
669 2038 790 2078 filius
810 2039 1044 2090 minimus,

1221 2183 1468 2223 MARTINth
1498 2183 1783 2225 STEVORDIA.

441 2393 552 2434 Alta
574 2406 737 2445 mann,
758 2394 807 2433 sn
828 2406 989 2445 marg.
1015 2395 1112 2434 Afle
1131 2395 1381 2446 pagellae:
1404 2396 1638 2448 Viennae,
1662 2398 1776 2448 1553,
1801 2398 1873 2438 die
1895 2399 2000 2450 Epi-

362 2465 530 2516 faniae,
555 2465 620 2505 6³
640 2466 736 2506 Ian.

440 2536 503 2576 Et
530 2536 680 2588 paulo
713 2536 949 2587 inferias:
976 2537 1199 2577 Mandata
1229 2550 1253 2577 a
1283 2537 1509 2590 Spaygna
1540 2552 1622 2591 per
1655 2541 1771 2580 duas
1800 2541 1925 2590 vias,
1957 2548 2001 2580 ct

362 2607 631 2659 Portugalo.
