2168 3437
926 262 1008 299 Ax.
1040 262 1132 300 1553
1778 261 1851 297 143

202 361 485 402 mentionem
506 360 682 400 faceret
707 372 793 400 nec
826 360 1035 400 cuiusvis
1065 359 1257 399 alterius
1290 358 1607 410 praesentiam
1635 364 1843 409 cuperet,

203 444 310 473 cum
339 438 495 472 tamen
529 432 782 481 Doctores,
812 430 1061 480 Canonici,
1096 441 1304 470 summus
1340 429 1475 469 huius
1511 429 1847 470 Universitatis

202 504 387 553 Rector,
412 503 470 543 D.
496 503 816 543 Cancellarius
838 508 882 542 et
904 501 1101 554 quaevis
1124 512 1353 552 personae
1374 500 1570 540 alicuius
1593 499 1842 540 auctorita-

201 575 261 615 tis
290 587 393 615 eam
415 575 462 614 in
483 574 751 614 infirmitate
773 586 858 614 sua
881 573 1144 612 visitarent.
1171 571 1284 621 Sed,
1308 573 1445 623 pleno
1462 571 1721 622 intellectu,
1741 582 1843 623 por-

201 651 330 686 recta
369 657 529 691 manu,
571 645 618 685 in
656 645 925 696 praesentia
964 643 1170 683 omnium
1209 655 1447 692 sororum,
1484 648 1754 682 nostrorum
1794 653 1843 681 se

205 717 567 757 commendabat
602 716 842 768 precibus,
881 714 1118 755 confidens
1154 714 1210 753 iis
1246 714 1337 753 cito
1372 713 1560 753 liberari
1595 713 1650 753 de
1685 713 1852 764 poenis

203 788 482 840 purgatorii.

286 859 422 900 Alius
443 859 634 911 quidam
656 870 800 898 senex
831 857 1073 906 sacerdOS,
1105 857 1183 908 qui
1210 862 1371 907 pastor
1398 856 1483 896 fuit
1510 856 1660 896 nostri
1689 855 1852 907 templi

205 930 251 971 S.
275 930 540 981 Michaelis,
565 941 712 981 agens
735 929 781 969 in
802 928 1047 979 extremis,
1080 927 1267 968 Patrem
1289 927 1347 967 ad
1381 939 1430 967 se
1462 927 1652 967 vocavit
1682 932 1732 966 ut
1762 926 1851 966 sibi

205 1002 455 1041 iubilaeum
490 1000 837 1041 communicare
864 999 1153 1050 dignaretur,
1185 1010 1274 1050 quo
1303 1006 1511 1049 accepto,
1542 1009 1752 1037 summae
1779 1009 1846 1037 re-

206 1073 445 1113 verentiae
480 1072 614 1123 signo
648 1071 878 1122 exhibito,
916 1069 1044 1110 Patri
1078 1070 1259 1121 gratias
1294 1080 1463 1120 agens,
1501 1080 1610 1108 mox
1646 1068 1850 1108 vinculis

207 1143 449 1195 corporeis
473 1143 689 1183 excessit.

283 1215 370 1255 Vir
392 1215 581 1267 quidam
602 1214 890 1266 spectabilis,
921 1213 1162 1265 utriusque
1189 1213 1305 1253 iuris
1334 1212 1622 1262 licentiatus,
1655 1213 1842 1263 iampri-

205 1287 309 1327 dem
332 1298 437 1326 cum
459 1286 662 1337 quodam
683 1284 930 1326 Societatis
961 1285 1111 1325 amico
1134 1284 1193 1324 ad
1214 1284 1404 1324 Patrem
1434 1284 1650 1333 venienS‚
1684 1284 1846 1322 vinum

204 1358 427 1398 fratribus
446 1357 698 1409 propinare
720 1363 858 1408 atque
878 1368 972 1396 una
1002 1367 1108 1396 cum
1134 1356 1201 1396 eis
1231 1355 1478 1407 prandium
1509 1366 1693 1395 sumere
1726 1354 1845 1394 desi-

205 1429 400 1469 derabat
421 1435 469 1469 ut
491 1429 596 1469 inde
619 1428 707 1468 sibi
727 1428 970 1468 nobiscum
991 1427 1372 1477 familiaritatem,
1398 1425 1743 1477 Societatisque
1770 1437 1847 1464 no-

206 1500 357 1540 titiam
385 1500 698 1540 contraheret.
731 1499 814 1540 Cui
842 1510 948 1538 cum
983 1511 1010 1538 a
1040 1498 1179 1538 Patre
1213 1509 1491 1549 responsum
1521 1504 1645 1536 esset
1676 1496 1852 1536 fratres.

209 1572 306 1611 suis
326 1571 571 1611 inhaerere
599 1570 766 1610 studiis
788 1576 832 1610 et
852 1581 1151 1621 nequaquam
1178 1569 1268 1609 hac
1295 1575 1489 1608 externa
1521 1567 1640 1608 affici
1669 1579 1850 1607 recrea-

210 1643 355 1693 tione,
381 1643 438 1683 ab
460 1642 548 1682 hoc
571 1642 761 1694 quievit.
785 1640 876 1681 Sed
898 1641 944 1681 in
967 1641 1058 1681 alio
1080 1640 1272 1681 maioris
1295 1640 1556 1680 dilectionis
1580 1651 1715 1679 suum
1736 1649 1850 1689 erga

210 1726 294 1754 nos
329 1714 493 1753 volens
529 1713 770 1753 declarare
806 1713 1036 1763 animum,
1074 1712 1294 1764 pulchras
1329 1718 1374 1751 et
1408 1712 1589 1762 amplas
1627 1710 1761 1750 nobis
1791 1709 1851 1749 ad

209 1784 566 1825 inhabitandum
598 1784 748 1836 gratis
783 1784 947 1824 obtulit
977 1783 1131 1823 aedes.
1169 1782 1260 1823 Sed
1296 1782 1659 1831 commodiores,
1690 1781 1848 1821 divina

210 1857 484 1908 disponente
506 1856 680 1907 gratia,
707 1861 1026 1907 expectamus.
1051 1853 1172 1894 Nam
1194 1854 1314 1894 alius
1336 1853 1524 1905 quidam
1552 1853 1624 1893 vir
1653 1853 1785 1892 dives
1806 1858 1850 1892 et

209 1928 374 1967 unicus
408 1926 655 1967 Societatis
691 1927 869 1966 amicus
903 1926 1043 1966 aedes
1077 1925 1394 1977 amplissimas
1428 1925 1635 1976 sitasque
1665 1924 1712 1964 in
1747 1925 1850 1963 loco

210 1998 591 2038 commodissimo
630 1998 766 2038 nobis
806 2008 1083 2048 comparare
1123 1996 1356 2048 disponit,
1405 2007 1524 2047 quae
1564 1996 1712 2035 tribus
1752 1995 1853 2034 fere

208 2070 410 2110 millibus
438 2069 722 2109 florenorum
748 2069 1087 2118 inscribuntur3
1118 2068 1286 2108 asserit
1307 2067 1430 2107 enim
1460 2079 1509 2107 se
1536 2068 1731 2106 multum
1758 2066 1847 2105 sru-

209 2147 310 2181 ctus
333 2141 379 2181 in
400 2141 540 2181 vinea
560 2140 751 2180 Domini
773 2140 828 2180 de
849 2139 1082 2181 Societate
1105 2146 1376 2191 expectare3
1409 2138 1603 2190 proinde
1634 2144 1677 2177 et
1713 2137 1853 2188 aptis-

209 2213 378 2252 simum
417 2212 479 2252 ad
517 2211 880 2252 z'nlzczbitcmdmn
918 2211 1052 2251 nobis
1092 2210 1412 2262 quaesiturum
1449 2211 1624 2259 locum,
1667 2207 1850 2248 etiamsi

210 2289 408 2335 quatuor
430 2289 509 2323 aut
529 2283 730 2335 quinque
751 2283 894 2323 millia
916 2283 1201 2322 florenorum
1235 2287 1314 2321 aut
1346 2281 1546 2332 amplius
1574 2284 1845 2331 exponeret,

210 2355 265 2395 de
298 2354 466 2406 quibus
497 2359 751 2405 speramns
774 2354 1020 2406 proximis
1053 2353 1228 2394 litteris
1269 2353 1314 2392 V.
1345 2353 1404 2392 P.
1436 2352 1681 2391 certiorem
1699 2349 1848 2400 sacie-

210 2435 346 2476 muss
365 2425 557 2466 interim
579 2426 795 2466 orandus
814 2425 1068 2466 Dominus.

291 2497 425 2538 Nunc
447 2497 506 2537 ad
527 2497 843 2537 studiosorum
869 2503 918 2537 ut
945 2497 1190 2537 veniamus
1211 2496 1617 2544 exercitationem,
1642 2494 1731 2532 hoc
1759 2491 1851 2543 pri-

211 2579 338 2608 mum
373 2568 673 2609 scribendum
707 2567 924 2608 offertur:
962 2568 1120 2620 plures
1156 2567 1499 2615 adolescentes,
1532 2576 1626 2604 non
1660 2563 1849 2614 vulgari

212 2639 413 2679 imbutos
435 2639 662 2690 doctrina,
688 2638 747 2678 ad
767 2644 981 2679 nostram
1002 2639 1214 2690 aspirare
1236 2637 1533 2679 Societatem.
1557 2635 1628 2674 De
1649 2635 1748 2683 leis,
1770 2634 1856 2685 qm*

212 2711 274 2750 ad
305 2710 351 2750 V.
376 2711 436 2750 P.
459 2713 716 2760 venerunt,
746 2709 947 2761 aliisque
974 2710 1114 2749 rebus
1148 2708 1336 2758 multis,
1363 2709 1418 2748 de
1449 2707 1615 2758 quibus
1641 2705 1849 2746 diversis

212 2781 388 2821 litteris
401 2780 597 2832 plenius
616 2784 773 2821 actum
793 2784 887 2831 est,
909 2793 964 2820 ne
985 2780 1187 2832 epistola
1207 2791 1323 2820 snos
1343 2779 1542 2818 excedat
1572 2776 1771 2823 limites,
1799 2777 1848 2816 in

206 2852 594 2904 praesentiarum
628 2852 806 2903 scripto
841 2857 960 2903 opus
995 2851 1114 2891 m'lzz‘l
1149 2863 1250 2891 esse
1278 2854 1413 2902 puto.
1446 2848 1551 2889 Duo
1581 2849 1775 2888 iuvenes
1802 2848 1849 2888 in

214 2924 422 2974 Collegio
457 2923 717 2973 Castrensi,
754 2934 950 2975 quorum
981 2923 1098 2963 alter
1133 2922 1389 2971 secundus,
1422 2921 1540 2960 alter
1568 2920 1733 2960 tertius
1769 2924 1848 2959 aut

215 2999 408 3046 quartus
429 2995 593 3035 domus
615 2995 889 3034 aestimatur
909 2993 1106 3045 futurus,
1131 2993 1301 3043 statim,
1326 2997 1517 3044 peracta
1539 2990 1846 3042 promotione,

216 3066 276 3106 ad
297 3077 381 3105 nos
402 3067 564 3106 venire
586 3066 939 3106 constituerunt.
968 3065 1039 3105 Ex
1066 3064 1229 3105 eodem
1249 3063 1458 3114 Collegio
1485 3068 1727 3114 promotus
1754 3061 1853 3113 qui·
