2168 3437
854 290 938 325 AN.
970 288 1060 326 1553
1300 341 1304 344 ἡ
1706 290 1777 328 283

139 384 333 434 auxilio,
358 383 483 435 quod
504 396 530 423 a
551 384 806 425 nobis·fieri
827 385 1013 425 solitum
1035 392 1127 435 est,
1156 386 1358 437 plurima
1385 386 1775 438 deprompserunt

139 455 319 494 scelera
341 461 385 494 et
409 454 652 503 maleficia,
678 466 795 506 quae
817 461 955 495 antea
976 456 1210 507 patefacta
1233 468 1326 497 non
1354 456 1560 536 fuerant,
1592 457 1775 509 hocque

140 524 293 576 modo,
316 525 484 565 mentis
504 537 621 576 pace
642 531 932 577 comparata,
957 526 1184 566 abierunt.

219 595 336 635 Illud
353 595 494 635 etiam
511 608 541 635 v
545 596 651 635 elim
668 608 711 636 m
718 596 872 636 11111116
894 597 1187 647 exploratum
1210 597 1400 648 habeas,
1424 598 1564 639 Pater
1585 600 1772 651 optime,

141 678 225 706 nos
246 665 428 706 dedisse
455 678 646 718 operam
667 673 717 706 ut
738 678 900 707 omnes
921 667 1147 717 homines,
1175 669 1252 719 qui
1274 669 1333 709 ad
1350 681 1436 709 nos
1453 671 1649 721 praevia
1669 682 1774 722 gra-

140 738 204 777 tia
231 737 504 787 veniebant,
534 737 896 777 adhortaremur
934 737 993 778 ad
1020 738 1327 779 confessionis
1356 740 1685 792 frequentiam,
1720 753 1774 781 ac

140 807 417 847 doceremus
438 806 527 846 hoc
549 819 693 848 unum
713 818 815 848 esse
846 808 1086 859 singulare
1115 808 1509 850 medicamentum
1531 811 1589 851 ad
1610 823 1775 851 sanan-

140 878 224 919 das
240 879 383 937 animi
401 879 719 930 aegritudines
737 885 780 919 et
802 879 1104 930 depellendas
1121 880 1181 920 ad
1198 881 1312 920 vitia
1330 884 1679 933 propensiones.
1704 882 1775 922 Ac

141 949 370 990 Dominus
389 951 525 1003 Jesus
555 951 652 990 vim
676 962 731 990 36
752 950 976 991 virtutem
1006 962 1089 991 suo
1110 951 1256 991 verbo
1285 963 1367 1003 per
1389 964 1476 992 nos
1497 953 1774 1003 pronuncia-

141 1027 187 1060 to
204 1021 453 1072 praestitit,
473 1022 704 1073 siquidem
721 1033 748 1061 3
765 1021 949 1062 Pascha
966 1022 1209 1062 hominum
1226 1035 1463 1073 numerus,
1484 1025 1561 1075 qui
1578 1036 1776 1064 comme-

149 1092 458 1132 morationem
490 1093 654 1132 mortis
687 1093 949 1133 dominicae
983 1094 1374 1134 communicando
1405 1095 1663 1145 celebrant,
1698 1107 1772 1135 au-

144 1169 247 1203 ctus
267 1169 352 1213 est,
368 1169 412 1203 et
428 1164 475 1203 in
491 1164 589 1203 dies
606 1164 829 1213 nonnulli,
846 1165 984 1205 rebus
1001 1165 1249 1205 mundanis
1266 1164 1513 1217 despectis,
1531 1167 1774 1206 accedunt.

221 1232 338 1273 Sunt
354 1234 583 1285 quaedam
602 1241 845 1275 matronae
864 1235 1011 1275 divini
1032 1235 1182 1279 61111115
1202 1236 1501 1288 percupidae,
1526 1249 1582 1276 36
1604 1236 1777 1277 Christi

141 1304 321 1355 gloriae
344 1305 709 1353 amantissimae,
734 1318 868 1357 quae,
888 1317 1083 1357 prorsus
1104 1318 1189 1358 pro
1205 1307 1349 1347 nihilo
1368 1307 1526 1347 habito
1543 1307 1716 1347 mundo
1734 1314 1776 1348 et

145 1376 271 1415 omni
292 1376 497 1416 humana
525 1376 906 1417 reformidatione
927 1379 1143 1429 expulsa,
1168 1389 1340 1429 magno
1364 1379 1516 1418 studio
1538 1379 1777 1430 piscantur

143 1452 239 1486 tam
271 1447 400 1487 viros
430 1458 569 1498 quam
596 1446 825 1488 foeminas
857 1460 912 1488 36
939 1449 1165 1500 plurimos
1192 1449 1430 1489 adducunt
1461 1461 1621 1489 secum
1649 1456 1691 1489 ct
1722 1450 1781 1489 ad

143 1517 486 1557 confessionem
507 1524 549 1557 61
572 1518 631 1558 ad
653 1519 923 1559 convivium
951 1520 1166 1560 coeleste.
1192 1519 1435 1571 Quaedam
1461 1521 1605 1571 igitur
1632 1532 1689 1560 ex
1710 1521 1782 1560 his

143 1600 250 1628 cum
265 1589 420 1628 Virum
438 1600 573 1629 suum
590 1601 684 1629 non
701 1597 859 1641 posset
879 1591 1066 1631 allicere
1083 1591 1142 1631 ad
1160 1591 1468 1632 confessionis
1484 1592 1780 1639 medicinam,

142 1671 245 1699 sese
276 1660 335 1700 ad
365 1660 463 1699 eius
492 1660 688 1712 proiecit
718 1661 881 1713 pedes,
916 1674 970 1702 ac
1002 1668 1132 1702 tanto
1162 1663 1318 1702 animo
1346 1675 1394 1702 se
1417 1663 1585 1713 gessit,
1616 1670 1665 1703 ut
1687 1663 1785 1703 voti

142 1742 336 1783 compos
356 1731 500 1771 fieret.
524 1731 630 1771 Alia
658 1738 708 1772 ut
734 1732 807 1772 vir
839 1733 1021 1773 audiret
1041 1734 1237 1774 Verbum
1258 1734 1368 1783 Dei,
1394 1746 1420 1773 a
1443 1746 1532 1785 quo
1565 1746 1677 1774 sane
1708 1734 1782 1773 ab-

142 1801 378 1853 horrebat,
402 1802 538 1842 toties
559 1815 665 1842 eum
686 1810 754 1843 est
786 1810 979 1855 precata
1008 1811 1052 1844 et
1083 1805 1270 1844 hortata
1299 1813 1347 1845 ut
1376 1806 1514 1845 modo
1540 1806 1697 1845 veniat
1726 1805 1785 1845 ad

143 1873 410 1913 conciones.
435 1873 535 1913 Hae
558 1874 756 1926 denique
778 1881 970 1915 sanctae
992 1876 1165 1916 Christi
1187 1883 1431 1916 matronae
1453 1883 1559 1916 sunt
1583 1876 1786 1916 artifices

142 1945 452 1996 plurimorum
484 1946 757 1986 meritorum
792 1948 839 1987 in
873 1948 1122 1988 ecclesiam
1157 1955 1201 1987 61
1231 1949 1483 1988 multarum
1518 1948 1783 1988 animarum

142 2016 512 2067 gubernatrices.

222 2087 273 2127 In
296 2095 454 2128 nostro
476 2089 649 2140 templo
672 2090 959 2141 praelegitur
989 2091 1035 2130 in
1062 2090 1225 2131 diebus
1254 2092 1500 2132 dominicis
1529 2092 1784 2131 christiana

141 2159 370 2207 doctrina,
395 2170 484 2210 quo
507 2166 760 2200 accurrunt
781 2167 848 2200 tot
868 2161 1080 2201 homines
1099 2195 1106 2211 ,
1126 2174 1181 2202 ac
1203 2163 1412 2203 nonnulli
1429 2163 1569 2211 docti,
1589 2169 1637 2202 ut
1655 2164 1786 2202 locus

142 2230 201 2268 sit
219 2229 469 2270 admodum
486 2239 736 2281 angustus,
756 2243 843 2272 nec
860 2244 941 2272 eos
957 2244 1126 2284 capere
1147 2234 1309 2285 possit.
1331 2234 1556 2274 Omnibus
1576 2245 1660 2285 pro
1677 2234 1785 2273 viri-

141 2301 227 2340 bus
244 2300 425 2351 satisfit,
445 2302 568 2352 quod
586 2303 789 2342 maxime
806 2303 896 2343 1106
912 2304 1138 2354 probatur
1155 2311 1451 2356 argumento,
1471 2305 1608 2356 quod,
1629 2305 1782 2344 lectio-

140 2384 198 2412 ne
214 2372 443 2422 absoluta,
467 2374 655 2423 plurimi
672 2374 1019 2415 confessionem
1037 2376 1224 2416 adeunt.
1246 2376 1475 2417 Visuntur
1493 2383 1537 2416 et
1554 2387 1786 2428 pauperes

143 2443 327 2494 aegroti
349 2443 395 2483 in
417 2444 713 2485 xenodochio
735 2458 790 2486 36
812 2448 1097 2488 adiuvantur
1119 2455 1216 2488 tum
1239 2449 1555 2497 concionibus,
1580 2454 1677 2487 tum
1697 2447 1785 2499 pri·

142 2515 267 2554 vatis
289 2515 726 2566 exercitationibus,
761 2523 858 2558 tum
889 2518 1283 2567 confessionibus,
1307 2520 1385 2559 ubi
1412 2531 1505 2558 non
1536 2518 1786 2558 mediocris

142 2585 321 2625 fructus
338 2585 562 2626 nascitur.
586 2586 761 2627 Eodem
778 2594 916 2639 pacto
934 2596 977 2629 et
994 2589 1044 2640 ii,
1064 2590 1142 2641 qui
1159 2590 1205 2629 in
1228 2589 1440 2630 custodia
1458 2597 1565 2629 sunt
1582 2589 1784 2640 publica,

142 2656 440 2707 adiuvantur,
465 2658 630 2708 quibus
653 2660 869 2710 quamvis
890 2661 948 2700 sit
972 2661 1169 2701 arduum
1187 2673 1242 2701 ac
1266 2661 1448 2701 difficile
1474 2660 1610 2700 fidem
1630 2659 1787 2700 facere

142 2734 192 2767 ut
215 2728 502 2768 adversariis
523 2736 735 2780 parcant,
759 2730 1061 2772 nihilominus
1081 2738 1239 2772 tamen
1259 2738 1388 2772 tanto
1406 2737 1576 2771 conatu
1594 2731 1639 2771 id
1656 2743 1786 2782 pera-

143 2799 283 2849 gitur,
301 2806 352 2839 ut
373 2800 518 2840 divini
541 2801 673 2840 verbi
693 2801 741 2840 vi
762 2802 951 2843 tandem
972 2803 1276 2854 deliniantur,
1298 2809 1341 2842 et
1364 2803 1411 2843 in
1430 2803 1635 2853 gratiam
1652 2802 1789 2842 redu-

144 2875 312 2910 cantur
333 2882 440 2911 cum
461 2872 675 2922 inimicis,
700 2878 743 2912 et
764 2873 905 2912 etiam
925 2874 1014 2913 hoc
1036 2874 1173 2914 modo
1197 2874 1256 2914 ad
1276 2873 1611 2925 poenitentiam
1639 2880 1683 2913 et
1710 2884 1788 2925 pa-

143 2941 355 2982 tientiam
388 2954 473 2994 pro
501 2942 675 2983 Christi
705 2955 865 2983 amore
888 2946 1233 2996 suscipiendam
1264 2945 1569 2985 deducantur.
1601 2944 1788 2984 Iuvenis

145 3012 348 3064 quidam,
367 3021 504 3055 natus
522 3016 709 3055 circiter
727 3027 789 3055 xx
804 3027 967 3068 annos,
988 3016 1171 3057 deditus
1188 3023 1257 3057 est
1275 3016 1512 3064 Societati,
1531 3022 1575 3055 et
1591 3028 1617 3055 a
1635 3016 1784 3065 nobis,

146 3082 299 3123 Patris
329 3085 625 3126 Commisarii
654 3087 960 3138 praescripto,
989 3088 1257 3131 Ferrariam
1287 3093 1357 3127 est
1392 3087 1576 3147 missus.
1610 3087 1787 3138 Magna
