2168 3437
332 261 403 298 510
838 259 1064 296 LITTERAE
1090 270 1446 302 QUADRIMESTRES

995 711 1318 766 CCLXVII

406 939 667 977 Theodorus
688 940 896 978 Peltanus

452 1005 575 1043 Patri
593 1005 763 1053 Ignatio
785 1006 838 1043 de
857 1006 1044 1054 Loona,

500 1071 707 1119 Neapoli,
732 1071 748 1108 1
770 1072 969 1118 Januarii
990 1073 1079 1111 1554
1099 1073 1125 1111 ¹.

1105 1318 1204 1395 Iffls

414 1566 513 1607 Pax
533 1568 629 1619 xpi.

415 1638 783 1690 Quadrimestris
804 1650 1095 1690 successum,
1118 1639 1219 1680 Rde
1254 1641 1301 1681 in
1322 1641 1390 1681 X.0
1415 1640 1509 1692 Pr.‚
1534 1653 1587 1681 ea
1610 1653 1701 1693 qua
1717 1641 1810 1682 iam
1829 1643 1973 1682 semel

336 1716 473 1761 atque
496 1711 665 1750 iterum
685 1710 863 1750 iussum
884 1716 953 1750 est
973 1710 1204 1751 breuitate
1232 1712 1609 1764 perstringimus.
1640 1712 1732 1753 Res
1762 1713 1972 1753 literaria

339 1781 403 1832 (ut
444 1782 551 1821 inde
591 1781 815 1821 narrandi
853 1781 1036 1821 initium
1072 1782 1304 1834 sumatur)
1349 1783 1548 1824 feliciori
1586 1795 1726 1836 quam
1761 1796 1972 1836 unquam

339 1864 480 1893 cursu
513 1852 740 1905 procedit.
776 1852 1044 1903 Lectiones,
1080 1853 1137 1893 ob
1167 1853 1336 1894 nimios
1369 1860 1526 1895 aestus
1560 1855 1877 1907 intermissas,
1914 1854 1974 1896 ad

338 1924 464 1964 KaLS
503 1924 710 1964 octobris
744 1925 1106 1976 resumpsimus,
1145 1925 1310 1976 quibus
1337 1932 1433 1966 tres
1462 1926 1700 1966 orationes
1735 1938 1842 1967 cum
1875 1927 1973 1978 qui-

337 1995 535 2036 busdam
552 1995 798 2035 uersiculis
814 1995 861 2035 in
875 1996 1116 2036 literarum
1135 1996 1541 2038 comendationem
1558 1998 1831 2049 compositis
1842 2010 1973 2050 prae-

338 2067 508 2107 missae
525 2072 647 2106 sunt.
667 2066 949 2107 Confitentiu
966 2079 1021 2107 ac
1039 2067 1435 2108 comunicantium
1456 2080 1715 2108 concursus
1736 2069 1975 2110 mensibus

338 2138 410 2178 his
433 2138 645 2188 proxime
667 2137 810 2189 lapsis
831 2138 967 2177 solito
988 2138 1136 2178 maior
1158 2138 1259 2178 fuit.

418 2209 493 2249 Pr.
517 2208 553 2248 F
556 2208 801 2248 ranciscus
822 2207 835 2226 2
857 2208 1069 2260 pluribus
1091 2209 1333 2260 utriusque
1353 2221 1496 2250 sexus
1518 2211 1743 2250 exercitia
1761 2210 1971 2262 tradidit,

323 2279 507 2331 'quibus
528 2285 711 2320 tantum
731 2285 997 2330 promotum
1017 2285 1110 2330 est,
1134 2285 1184 2320 ut
1205 2286 1385 2331 septem
1406 2281 1613 2321 eiusdem
1641 2280 1845 2322 familiae
1873 2293 1975 2334 per-

340 2357 528 2402 petuam
549 2350 636 2390 deo
665 2351 932 2390 castitatem
957 2351 1190 2391 uouerint.
1223 2351 1350 2392 Idem
1375 2351 1638 2392 doctrinam
1668 2353 1976 2393 christianam

338 2422 561 2462 declarat.

418 2493 492 2533 Pr.
516 2492 738 2533 Nicolaus
755 2491 767 2510 ³
786 2492 946 2532 diebus
966 2492 1148 2533 festiuis
1165 2493 1212 2532 in
1233 2494 1404 2534 sacello
1422 2499 1582 2534 nostro
1600 2495 1918 2535 concionatur.

417 2563 523 2604 Duo
544 2564 695 2603 bonae
717 2563 813 2615 spei
836 2563 1029 2603 iuuenes
1050 2564 1264 2604 societati
1285 2576 1387 2604 sese
1404 2577 1552 2616 nuper
1569 2564 1809 2606 dederunt.
1829 2565 1905 2616 Hi,
1926 2572 1974 2606 ut

338 2640 643 2686 praeceptum
664 2640 785 2685 erat,
809 2634 856 2674 in
876 2633 1085 2674 Siciliam
1107 2635 1238 2675 missi
1259 2641 1381 2675 sunt.
1404 2635 1498 2676 Alii
1518 2636 1676 2687 plures
1708 2637 1828 2676 idem
1853 2648 1973 2677 sum—

338 2705 426 2745 mis
461 2705 585 2745 uotis
621 2705 858 2746 affectant.
896 2704 951 2745 R.
982 2705 1057 2745 Pr.
1090 2706 1329 2756 Andreas,
1360 2705 1376 2724 ⁴
1402 2706 1539 2746 huius
1568 2706 1764 2758 Collegii
1785 2707 1970 2759 Rector,

339 2787 477 2816 casus
499 2776 816 2816 conscientiae
836 2787 931 2816 non
952 2775 1050 2816 sine
1073 2787 1246 2827 magno
1278 2777 1531 2817 multorum
1558 2779 1871 2818 emolumento
1898 2790 1973 2819 ex-

393 2935 403 2955 1
443 2934 705 2969 Autographae,
722 2935 847 2970 duplici
860 2935 950 2969 folio,
967 2943 997 2962 n.
1016 2935 1076 2962 140.

391 2982 405 3001 2
443 2981 590 3014 Joannes
605 2981 810 3010 Franciscus
825 2982 990 3010 Araldus.

392 3029 405 3049 5
443 3029 603 3056 Nicolaus
619 3029 809 3057 Bobadilla.

391 3077 406 3096 4
443 3076 601 3103 Andreas
617 3077 656 3103 de
673 3077 812 3104 Oviedo.
