2168 3437
905 192 989 229 AN.
1020 191 1112 230 1554
1756 194 1822 230 071

270 288 622 339 Superscm'pn'o
657 288 707 328 iu
738 292 911 340 quarta
935 288 1151 340 pagina:
1172 288 1233 329 Al
1253 289 1394 329 molto
1423 288 1524 329 Rflo
1553 301 1655 330 nro.
1678 289 1750 330 P.e
1774 291 1819 330 in

187 359 298 410 Jesu
318 357 403 398 Χ.Ο
429 359 460 398 il
487 358 560 399 P.e
581 359 642 399 M.
666 359 848 410 Ignatio
870 359 926 400 de
946 359 1145 411 Loona,
1170 358 1345 410 Prep.t0
1366 360 1521 410 gnale.
1545 359 1663 400 della
1692 360 1822 401 Com-

189 429 363 481 pagnia
386 428 432 468 di
451 429 576 482 Jesu.

267 499 379 539 Alia
400 511 562 539 mame:
587 500 701 541 1554.
726 500 907 552 Napoli.
932 501 1065 541 insin'
1089 513 1115 541 a
1136 501 1161 540 6
1182 501 1227 541 di
1249 501 1455 551 Maggio.

856 927 1121 981 CCXCII

260 1154 309 1192 N.
331 1154 381 1191 N.

308 1219 430 1257 Patri
449 1219 619 1266 Ignatio
639 1219 692 1257 de
711 1220 894 1267 Loyola.

349 1284 636 1333 Ulyssipone,
657 1284 681 1322 8
698 1284 802 1332 Maji
823 1285 914 1323 1554
931 1286 958 1307 1·

930 1530 1068 1620 Jegus

259 1777 424 1819 Gratia
446 1778 634 1819 Domini
661 1780 812 1820 nostri
836 1780 945 1833 Jesu
975 1780 1149 1820 Christi
1181 1781 1301 1821 adsit
1332 1793 1519 1833 semper
1540 1784 1708 1824 animis
1737 1796 1815 1823 no-

182 1850 306 1889 stris.
331 1849 498 1890 Amen.

259 1919 551 1973 Scripturus,
574 1921 675 1962 R.de
695 1921 855 1973 Pater,
879 1934 998 1974 quae
1020 1922 1108 1962 Dei
1130 1922 1235 1974 Opt.
1266 1923 1391 1964 Max.
1414 1925 1638 1965 beneficio
1660 1929 1815 1977 proxi-

176 1992 264 2032 mis
284 1998 483 2044 quatuor
505 1993 741 2034 mensibus
763 2000 870 2034 acta
891 2000 1020 2044 sunt,
1051 1994 1163 2034 illud
1191 1994 1238 2034 in
1263 1995 1425 2046 primis
1453 1996 1626 2047 dicam,
1652 1997 1814 2038 Patres

176 2063 458 2115 fratresque,
482 2063 690 2105 eiusdem
710 2063 900 2105 Domini
919 2076 1132 2114 munere,
1152 2065 1198 2104 in
1215 2066 1539 2117 concionibus,
1564 2068 1814 2109 confessio-

176 2134 335 2186 nibus,
356 2135 635 2176 lectionibus
655 2136 912 2188 studiisque
936 2136 1180 2176 literarum
1208 2136 1436 2177 hactenus
1464 2149 1811 2190 perseverasse,

177 2205 379 2246 maiores
400 2206 448 2246 in
474 2206 573 2248 dies
602 2207 814 2258 singulos
840 2207 1019 2247 fructus
1045 2206 1248 2247 ferentes
1295 2207 1577 2249 Benedictus
1606 2209 1754 2262 Deus,
1788 2224 1814 2251 a

177 2288 269 2328 quo
291 2277 447 2317 omnia
468 2277 592 2318 bona
612 2278 985 2329 proficiscuntur.

258 2347 397 2387 R.dum
417 2347 503 2389 ΗΠ)
524 2348 739 2389 Natalem
760 2348 816 2389 de
837 2349 1081 2390 Lusitania
1099 2350 1416 2390 discedentem
1432 2350 1554 2390 ΚΑΜ
1570 2352 1642 2392 P.r
1662 2352 1814 2394 Miron

176 2431 321 2471 usque
360 2420 552 2460 eboram
590 2427 902 2472 prosequutus
941 2427 1030 2471 est,
1074 2421 1170 2471 ubi,
1209 2422 1409 2472 cognitis
1445 2424 1812 2476 compositisque

175 2491 336 2541 rebus,
360 2491 568 2531 calendis
587 2491 793 2532 Ianuarii
813 2492 964 2532 rediit.
994 2492 1293 2532 Intellexerat
1320 2492 1549 2544 siquidem
1578 2506 1637 2535 ex
1666 2496 1812 2537 literis

176 2562 285 2602 hinc
316 2562 510 2614 perlatis
539 2562 729 2613 negotia
764 2563 940 2613 indica,
979 2563 1220 2614 brasilica,
1255 2569 1394 2615 atque
1429 2564 1694 2617 aethiopica
1725 2568 1811 2608 sibi

175 2632 479 2685 conficienda;
499 2633 670 2674 accidit
682 2633 805 2674 enim
821 2641 871 2674 ut
888 2634 1024 2675 simul
1040 2634 1087 2674 in
1104 2635 1189 2674 has
1201 2635 1472 2685 provincias
1484 2637 1808 2689 navigaretur.

254 2703 329 2744 Ad
348 2703 528 2744 Indiam
550 2705 720 2745 missus
740 2710 810 2745 est
829 2706 1013 2756 legatus
1034 2705 1177 2756 Regis
1198 2704 1430 2746 Dominus
1446 2706 1611 2748 Petrus
1630 2708 1809 2750 Masca—

229 2819 238 2838 ¹
281 2818 530 2853 Apographum
544 2818 576 2844 in
592 2818 804 2852 quadruplici
820 2818 915 2851 folio,
932 2826 986 2845 nn.
1001 2818 1070 2852 420,
1085 2818 1154 2853 421,
1169 2818 1224 2846 42¹2
1243 2822 1277 2846 et
1297 2818 1359 2846 423.
1379 2819 1517 2847 Nullum
1537 2820 1641 2849 habet
1664 2823 1810 2850 subscri-

173 2870 268 2901 ptum
282 2865 432 2893 auctoris
446 2872 579 2892 nomen.
597 2864 737 2892 Certum
751 2868 867 2891 autem
881 2865 1018 2892 videtur
1033 2865 1181 2900 scriptas
1195 2872 1262 2893 non
1277 2873 1350 2893 esse
1365 2867 1408 2894 ab
1424 2873 1476 2898 e0,
1491 2868 1546 2901 qui
1563 2867 1694 2902 priores
1711 2869 1810 2905 hujus

173 2914 251 2941 anni
266 2912 534 2947 quadrimestres
549 2911 748 2947 Ulyssipone
762 2912 917 2946 scripsit,
932 2920 1036 2947 supra
1051 2920 1082 2939 n.
1098 2920 1220 2939 ccmnv
1231 2934 1238 2947 ,
1260 2920 1340 2948 pag.
1361 2912 1429 2947 492,
1453 2914 1583 2942 scilicet
1599 2923 1619 2943 a.
1637 2915 1810 2952 Cypriano

174 2961 317 2995 Suarez,
333 2968 432 2994 quem
447 2961 468 2988 l.
485 2967 512 2987 c.
527 2967 587 2994 per
602 2967 753 2987 errorem
768 2959 981 2994 Alphonsum
997 2959 1206 2996 Cyprianum
1226 2960 1489 2995 appellavimus.
1510 2961 1583 2990 Non
1605 2964 1691 2998 enim
1713 2965 1752 2992 de
1774 2973 1809 2992 se

176 3007 247 3042 ipse
265 3006 457 3043 Cyprianus
471 3007 664 3041 scripsisset
680 3014 765 3041 quae
780 3006 835 3048 hic
850 3007 1020 3047 leguntur.
1310 3000 1313 3005 ¹
