2168 3437
883 242 966 279 AN.
997 241 1091 280 1553
1741 238 1816 278 239

173 342 418 393 transegit,
442 352 641 392 cumque
661 351 688 380 a
709 340 904 380 medicis
924 345 1185 387 curaretur,
1210 350 1302 378 una
1324 338 1388 378 illi
1408 337 1576 387 Patris,
1600 337 1679 388 qui
1705 336 1807 377 ade-

172 419 260 464 rat,
280 412 546 465 praesentia
566 411 732 452 solatio
753 421 926 462 magno
948 416 1073 461 erat3
1098 421 1236 462 quem
1257 408 1454 450 subinde
1475 408 1804 460 complectens,

174 484 329 524 cordis
349 483 576 524 laetitiam
597 483 817 522 eximiam
837 481 1121 522 declarabat.
1141 480 1229 520 Hic
1252 491 1444 520 cernere
1465 485 1567 519 erat
1587 491 1681 519 non
1697 490 1807 530 pau-

174 567 254 596 cos
289 555 348 595 ad
382 555 550 595 similia
587 565 735 606 aequo
772 553 925 593 animo
960 551 1154 592 ferenda
1182 563 1267 602 pro
1296 551 1385 592 Dei
1415 551 1567 603 gloria
1597 556 1805 602 paratos.

174 627 325 666 Tanta
346 626 482 678 hujus
501 625 675 677 populi,
694 625 773 676 qui
793 630 931 664 antea
950 623 1086 663 ferox
1107 630 1152 663 et
1173 623 1316 663 durae
1337 622 1537 663 cervicis
1558 621 1726 671 fuerat,
1748 622 1807 661 ad

175 697 326 738 Deum
347 695 595 737 conversio
620 700 665 735 et
685 695 811 735 vitae
834 694 1029 734 mutatio
1051 700 1153 734 tota
1174 692 1274 733 Deo
1296 705 1378 744 per
1400 693 1709 733 ministerium
1730 690 1809 732 So-

174 767 356 808 cietatis
385 767 624 817 tribuitur;
654 765 735 806 sed
768 763 907 816 hujus
939 764 1081 804 habet
1114 775 1208 803 non
1244 764 1484 803 minimam
1518 770 1701 815 partem
1736 763 1810 803 vir

174 850 355 879 summa
393 837 620 889 religione
659 842 703 877 et
737 836 910 888 pietate
945 841 990 875 et
1029 834 1277 876 Societatis
1316 834 1650 885 amicissimus,
1688 833 1809 874 illius

174 909 401 950 dioecesis
421 909 698 960 Episcopus.

253 981 383 1021 Haec
404 985 525 1030 sunt,
548 979 602 1019 R.
625 978 675 1019 Ρ.
700 979 747 1019 in
774 978 974 1029 Christo,
1009 989 1127 1030 quae
1155 977 1238 1017 4.0¹'
1266 977 1339 1017 his
1366 976 1603 1016 mensibus
1635 975 1807 1016 Divina

173 1052 358 1092 bonitas
388 1052 435 1091 in
468 1051 540 1091 his
573 1050 689 1090 locis
722 1061 804 1101 per
838 1060 949 1090 suos
978 1060 1140 1089 servos
1172 1054 1364 1100 operata
1396 1053 1480 1087 est.
1513 1046 1735 1098 Superest
1761 1054 1809 1086 ut

173 1124 226 1164 T.
248 1123 297 1164 P.
320 1134 407 1163 nos
429 1133 591 1162 omnes
620 1121 720 1161 Deo
754 1127 915 1161 nostro
943 1120 1084 1160 etiam
1113 1131 1168 1159 ac
1196 1119 1337 1159 etiam
1358 1118 1664 1168 commendet,
1688 1117 1810 1169 quod

174 1201 224 1235 ut
244 1194 392 1234 facias
403 1199 561 1245 patres
574 1203 736 1232 omnes
749 1198 794 1232 et
805 1191 976 1231 fratres
989 1190 1254 1231 charissimi
1267 1190 1568 1230 vehementer
1580 1189 1807 1240 cupimus.

256 1264 583 1305 Conimbricae
604 1262 650 1302 V
672 1262 870 1303 Kalend.
894 1261 1006 1313 Maji
1031 1261 1146 1301 1553.

256 1478 316 1517 In
355 1480 529 1528 quarta
561 1475 770 1528 pagina,
809 1487 953 1515 manu
989 1475 1160 1515 Patris
1197 1474 1416 1514 Polancz':
1451 1474 1521 1514 Ex
1557 1473 1808 1513 Coimbria.

177 1548 325 1600 Quad.
347 1549 373 1588 5
395 1548 483 1588 cal.
506 1546 633 1598 Maii,
662 1546 777 1587 1553.
