2168 3437
361 243 408 280 40
871 246 1100 284 LITTERAE
1127 258 1486 290 QUADRtMESTREs

362 339 428 379 les
457 340 586 381 cives
612 341 691 381 alii
717 353 1056 394 nonnunquam
1086 348 1131 383 et
1163 342 1392 394 religiosi,
1422 344 1610 384 tametsi
1638 345 1769 386 locus
1798 346 1857 387 sit
1887 347 2007 387 mul—

362 415 460 450 tum
480 411 776 463 importunus
798 413 855 453 ob
877 414 1085 453 rationes
1105 414 1390 464 praedictas.
1415 414 1482 454 Ea
1504 420 1573 455 est
1594 416 1783 457 scholae
1809 422 2006 458 nostrae

363 480 538 522 utilitas
567 488 639 533 ut,
670 490 858 535 praeter
887 496 1140 535 puerorum
1171 485 1393 535 fructum,
1427 497 1517 537 quo
1538 486 1585 526 in
1606 486 1704 527 dies
1731 499 2002 528 recreamur

363 550 408 590 in
443 551 660 604 Domino,
697 560 915 606 parentes
949 561 1195 606 tantopere
1224 555 1508 606 afficiantur,
1546 563 1594 597 ut
1624 569 1786 598 eorum
1812 558 2000 610 quidam

364 629 665 664 occurrentes
685 636 770 665 nos
798 637 879 676 per
909 626 1115 676 plateam
1146 627 1291 666 veluti
1322 628 1637 678 amplexaturi
1666 629 1913 669 videantur
1945 641 2001 670 ac

363 694 508 733 veluti
534 694 888 746 adgratulantes
914 696 1080 737 filiolos
1113 709 1222 737 suos
1253 698 1391 738 modo
1423 704 1604 739 tantum
1634 700 1690 739 ab
1726 700 1782 740 iis
1809 701 1997 751 distare,

365 776 480 815 quos
518 765 652 806 initio
691 767 828 808 nobis
867 769 1230 819 commiserant,
1274 775 1499 821 quantum
1541 782 1567 809 a
1607 771 1811 811 tenebris
1850 773 2001 812 lucem

362 835 527 886 ipsam.
561 836 698 877 Multi
719 838 860 878 etiam
882 839 938 879 ab
961 839 1051 879 illis
1070 840 1344 891 parentibus
1374 842 1682 892 parvulorum
1710 842 1897 883 scholas
1924 855 2002 883 no-

365 912 487 947 stras
508 907 679 948 adeunt
702 909 1027 950 observandae
1049 911 1255 951 methodi
1272 912 1426 962 gratia
1444 944 1451 962 ‚
1475 924 1566 963 qua
1587 913 1634 953 in
1656 913 1744 953 11115
1764 913 2003 954 instituen-

366 977 437 1017 dis
457 984 650 1018 utuntur
670 980 818 1020 nostri
840 980 1102 1030 (imitantur
1132 982 1270 1033 plane
1297 982 1606 1031 Romanam‘),
1630 996 1750 1035 quae
1772 984 1888 1024 adeo
1915 984 2004 1024 illis

367 1049 538 1100 placet,
577 1061 683 1090 cum
715 1051 876 1092 Vident
910 1053 1047 1103 plane
1084 1054 1322 1093 animosas
1357 1053 1823 1105 digladiatiunculas‚
1861 1061 1911 1095 ut
1945 1056 2004 1096 ad

367 1120 555 1160 easdem
577 1121 702 1161 domi
722 1122 862 1162 etiam
884 1123 1070 1163 irritare
1092 1124 1304 1164 delectet.
1328 1125 1506 1166 Eorum
1528 1138 1750 1166 numerus
1778 1126 1825 1166 in
1852 1133 2003 1166 cente-

366 1191 551 1232 narium
570 1192 708 1233 facile
728 1194 960 1244 excrevit;
984 1195 1073 1235 hoc
1095 1201 1251 1235 tamen
1272 1196 1617 1237 vindemiarum
1638 1202 1847 1249 tempore
1870 1198 2003 1238 multi

365 1261 705 1304 desiderantur.
747 1264 955 1305 Tametsi
993 1267 1202 1306 nonnulli
1238 1267 1366 1307 cives
1400 1268 1505 1318 qui,
1548 1268 1734 1308 tametsi
1768 1269 2003 1319 integram

363 1333 589 1374 familiam
611 1334 670 1374 ad
701 1335 893 1386 praedia
919 1336 1177 1388 abducant,
1208 1350 1378 1389 pueros
1406 1345 1563 1379 tamen
1592 1339 1761 1379 vicinis
1793 1340 1999 1380 commit-

365 1410 485 1453 tant,
523 1417 580 1445 ne
608 1405 779 1446 diutius
812 1406 1038 1448 ferientur
1071 1420 1098 1447 a
1133 1409 1300 1449 studiis
1332 1421 1387 1450 ac
1422 1411 1629 1450 moribus
1661 1410 1998 1463 perdiscendis.

365 1476 497 1516 Licet
533 1477 681 1517 tribus
715 1478 943 1518 classibus
978 1479 1342 1530 distinguantur,
1379 1492 1542 1521 omnes
1580 1486 1736 1521 tamen
1769 1479 2006 1533 jaciundis

363 1546 679 1588 fundamentis
705 1549 878 1589 latinae
912 1551 1256 1600 grammaticae
1285 1553 1580 1603 incumbunt,
1616 1558 1665 1592 ut
1696 1554 2003 1604 provectiori-

363 1618 451 1658 bus
485 1620 819 1670 praelegantur
851 1620 1092 1662 Ciceronis
1126 1622 1364 1673 Epistolae
1400 1623 1657 1664 familiares
1693 1636 1749 1664 ac
1781 1624 2003 1665 Bucolica

365 1689 553 1741 Virgilii
574 1696 770 1731 tantum.

444 1761 529 1801 His
549 1768 704 1802 autem
724 1763 898 1803 nostris
919 1764 1347 1805 exercitatiunculis
1369 1766 1549 1806 animos
1572 1766 1745 1806 civium
1767 1767 1831 1807 ita
1851 1767 2005 1818 pascit

365 1843 449 1872 sua
483 1833 761 1874 liberalitate
791 1834 1043 1886 Dominus,
1076 1842 1125 1876 ut
1155 1834 1438 1877 Societatem
1467 1844 1678 1878 nostram
1699 1838 1775 1878 hic
1797 1839 2005 1879 vicissim

364 1904 427 1944 illi
449 1904 676 1945 hactenus
699 1906 847 1955 alant,
879 1907 1053 1958 absque
1083 1913 1277 1947 externa
1305 1908 1459 1959 aliqua
1486 1914 1646 1949 nostra
1677 1910 2003 1961 sollicitudine,

365 1981 794 2028 quantumcumque
832 1989 918 2017 nos
958 1989 1012 2017 eo
1049 1984 1210 2019 nostra
1243 1979 1397 2019 studia
1434 1991 1528 2019 non
1566 1980 1846 2031 referamus,
1884 1981 2006 2033 quod

365 2047 503 2087 facile
524 2047 777 2088 advertunt
799 2048 910 2088 dum
930 2049 1209 2089 munuscula
1230 2061 1323 2089 non
1352 2050 1641 2091 admittimus
1662 2051 1719 2091 ab
1741 2052 1816 2102 iis,
1842 2052 2007 2103 quibus

366 2123 528 2158 nostra
558 2119 972 2170 communicamus,
1004 2119 1111 2160 licet
1142 2132 1217 2171 ea,
1252 2132 1375 2160 nunc
1406 2121 1608 2172 quadam
1638 2122 2006 2173 importunitate,

364 2200 488 2229 nunc
509 2194 666 2229 autem
686 2189 762 2230 Vel
784 2201 842 2230 ex
865 2190 1068 2241 insidiis,
1101 2191 1337 2231 mittitent.
1369 2191 1500 2232 Illam
1528 2198 1684 2232 autem
1706 2204 1867 2233 curam
1888 2193 2008 2245 ipso-

367 2271 470 2300 rum
492 2272 547 2300 36
567 2260 895 2300 liberalitatem
917 2272 1031 2312 erga
1052 2273 1139 2301 nos
1160 2262 1280 2302 inter
1307 2261 1395 2302 Dei
1426 2262 1651 2303 beneficia
1673 2275 1768 2304 non
1790 2265 2007 2316 vulgaria

366 2332 686 2382 reponendam
725 2338 958 2383 putamus.
1003 2332 1119 2383 Qua,
1158 2333 1204 2372 in
1242 2333 1405 2384 primis
1445 2340 1601 2374 tamen.
1640 2334 1727 2374 Dei
1766 2335 2006 2386 beneficio,

369 2403 595 2443 hactenus
617 2409 662 2443 et
682 2403 887 2443 vivimus
908 2409 952 2443 et
973 2404 1206 2454 valemus,
1231 2404 1680 2457 suppeditanturque
1703 2417 1779 2457 ea,
1810 2418 1929 2457 quae
1950 2407 2009 2447 ad

369 2474 703 2525 supellectilem
724 2474 891 2514 domus
913 2480 1020 2514 sunt
1047 2475 1331 2514 necessaria.
1364 2474 1659 2528 Quamquam
1690 2477 1820 2517 initio
1849 2489 2012 2518 omnes

368 2546 465 2586 fere
485 2557 571 2586 nos
592 2545 830 2586 febriculis
853 2545 1130 2597 quibusdam
1153 2546 1362 2586 exercuit
1390 2546 1643 2598 Dominus,
1673 2549 1755 2588 sed
1776 2561 1831 2588 ea
1852 2550 2005 2600 provi-

370 2617 525 2656 dentia
561 2616 746 2657 aliunde
783 2616 1019 2657 sarciebat
1050 2622 1100 2656 ut
1134 2616 1190 2656 ab
1221 2616 1351 2656 hisce
1388 2619 1538 2658 servis
1573 2618 1671 2670 ejus
1705 2620 1819 2659 nihil
1849 2632 2010 2660 eorum

371 2688 559 2728 omnino
582 2689 896 2739 omitteretur,
930 2699 1050 2739 quae
1079 2688 1137 2727 ad
1168 2689 1536 2729 consolationem
1557 2696 1767 2731 nostram
1788 2702 1925 2742 posse
1945 2691 2008 2731 fa-

370 2770 476 2798 cere
493 2757 695 2809 judicari
717 2759 992 2810 potuissent.
1012 2757 1144 2798 Adeo
1164 2759 1370 2809 impense
1392 2760 1621 2800 curabant
1643 2761 1707 2801 illi
1728 2773 1785 2801 ne
1807 2762 1916 2813 quid
1937 2761 2010 2802 de·
2031 2753 2035 2755 ⁸

371 2830 626 2869 sideratum
657 2837 800 2881 essct,
831 2835 879 2870 ut
900 2836 945 2869 et
967 2829 1055 2880 ipsi
1083 2829 1438 2880 diligentissime
1466 2842 1549 2871 nos
1576 2832 1844 2883 visitarent,
1870 2833 2010 2873 addu-

372 2900 458 2941 ctis
500 2911 682 2952 quoque
722 2906 766 2940 et
805 2900 997 2940 medicis
1032 2907 1076 2940 et
1115 2901 1509 2952 pharmacopolis.
1552 2902 1686 2942 Hanc
1729 2904 2014 2955 opinionem,

373 2983 512 3023 quarn
535 2971 590 3011 de
612 2970 844 3011 Societate
865 2977 1028 3011 nostra
1049 2978 1365 3022 conceperunt
1393 2972 1603 3012 homines
1624 2973 1690 3024 hi,
1716 2986 2011 3027 summopere

372 3042 432 3083 ad
466 3042 655 3083 Domini
690 3042 874 3083 laudem
907 3041 1202 3093 profuturam
1241 3042 1539 3094 confidimus,
1577 3044 1622 3083 in
1651 3045 1791 3086 rebus
1826 3046 2014 3097 potissi—
