<?xml version="1.0" encoding="UTF-8"?>
<!DOCTYPE html PUBLIC "-//W3C//DTD XHTML 1.0 Transitional//EN"
    "http://www.w3.org/TR/xhtml1/DTD/xhtml1-transitional.dtd">
<html xmlns="http://www.w3.org/1999/xhtml" xml:lang="en" lang="en">
 <head>
  <title>
</title>
<meta http-equiv="Content-Type" content="text/html;charset=utf-8" />
  <meta name='ocr-system' content='tesseract 3.04.00' />
  <meta name='ocr-capabilities' content='ocr_page ocr_carea ocr_par ocr_line ocrx_word'/>
</head>
<body>
  <div class='ocr_page' id='page_1' title='image "./litteraequadrime1402lain_0299.png"; bbox 0 0 2168 3437; ppageno 0'>
   <div class='ocr_carea' id='block_1_1' title="bbox 913 240 1834 280">
    <p class='ocr_par' dir='ltr' id='par_1_1' title="bbox 913 240 1834 280">
     <span class='ocr_line' id='line_1_1' title="bbox 913 240 1834 280; baseline -0.004 0"><span class='ocrx_word' id='word_1_1' title='bbox 913 243 995 280; x_wconf 71' lang='grc' dir='ltr'>ΑΝ.</span> <span class='ocrx_word' id='word_1_2' title='bbox 1027 243 1118 280; x_wconf 72' lang='lat'>1553</span> <span class='ocrx_word' id='word_1_3' title='bbox 1764 240 1834 277; x_wconf 75' lang='lat'>295</span> 
     </span>
    </p>
   </div>
   <div class='ocr_carea' id='block_1_2' title="bbox 199 337 1837 2872">
    <p class='ocr_par' dir='ltr' id='par_1_2' title="bbox 201 337 1834 665">
     <span class='ocr_line' id='line_1_2' title="bbox 203 337 1832 393; baseline -0.004 -10"><span class='ocrx_word' id='word_1_4' title='bbox 203 351 351 383; x_wconf 89' lang='lat' dir='ltr'>strum</span> <span class='ocrx_word' id='word_1_5' title='bbox 384 341 631 393; x_wconf 85' lang='lat' dir='ltr'>magnifice</span> <span class='ocrx_word' id='word_1_6' title='bbox 661 342 907 391; x_wconf 88' lang='lat' dir='ltr'>extollunt,</span> <span class='ocrx_word' id='word_1_7' title='bbox 941 341 1021 380; x_wconf 91' lang='lat' dir='ltr'>sed</span> <span class='ocrx_word' id='word_1_8' title='bbox 1056 340 1304 391; x_wconf 88' lang='lat' dir='ltr'>privilegia</span> <span class='ocrx_word' id='word_1_9' title='bbox 1337 351 1364 378; x_wconf 94' lang='lat' dir='ltr'>a</span> <span class='ocrx_word' id='word_1_10' title='bbox 1398 349 1579 378; x_wconf 85' lang='lat' dir='ltr'>summo</span> <span class='ocrx_word' id='word_1_11' title='bbox 1611 337 1832 377; x_wconf 87' lang='lat' dir='ltr'>Pontifice</span> 
     </span>
     <span class='ocr_line' id='line_1_3' title="bbox 203 409 1830 464; baseline -0.004 -11"><span class='ocrx_word' id='word_1_12' title='bbox 203 425 229 453; x_wconf 90' lang='lat' dir='ltr'>a</span> <span class='ocrx_word' id='word_1_13' title='bbox 251 413 384 453; x_wconf 86' lang='lat' dir='ltr'>nobis</span> <span class='ocrx_word' id='word_1_14' title='bbox 411 423 636 453; x_wconf 86' lang='lat' dir='ltr'>concessa</span> <span class='ocrx_word' id='word_1_15' title='bbox 662 423 828 464; x_wconf 90' lang='lat' dir='ltr'>parum</span> <span class='ocrx_word' id='word_1_16' title='bbox 859 412 1139 462; x_wconf 79' lang='lat' dir='ltr'>approbant,</span> <span class='ocrx_word' id='word_1_17' title='bbox 1174 411 1297 462; x_wconf 90' lang='lat' dir='ltr'>quod</span> <span class='ocrx_word' id='word_1_18' title='bbox 1326 410 1548 450; x_wconf 85' lang='lat' dir='ltr'>nonnulla</span> <span class='ocrx_word' id='word_1_19' title='bbox 1579 409 1830 460; x_wconf 87' lang='lat' dir='ltr'>Episcopo-</span> 
     </span>
     <span class='ocr_line' id='line_1_4' title="bbox 201 478 1832 525; baseline -0.005 0"><span class='ocrx_word' id='word_1_20' title='bbox 201 495 305 525; x_wconf 91' lang='lat' dir='ltr'>rum</span> <span class='ocrx_word' id='word_1_21' title='bbox 331 491 375 524; x_wconf 89' lang='lat' dir='ltr'>et</span> <span class='ocrx_word' id='word_1_22' title='bbox 401 484 643 524; x_wconf 86' lang='lat' dir='ltr'>curionum</span> <span class='ocrx_word' id='word_1_23' title='bbox 674 481 981 522; x_wconf 79' lang='lat' dir='ltr'>iurisdictioni</span> <span class='ocrx_word' id='word_1_24' title='bbox 1013 481 1257 521; x_wconf 82' lang='lat' dir='ltr'>adversari</span> <span class='ocrx_word' id='word_1_25' title='bbox 1291 488 1334 520; x_wconf 86' lang='lat' dir='ltr'>et</span> <span class='ocrx_word' id='word_1_26' title='bbox 1366 482 1595 520; x_wconf 84' lang='lat' dir='ltr'>malorum</span> <span class='ocrx_word' id='word_1_27' title='bbox 1626 478 1832 518; x_wconf 84' lang='lat' dir='ltr'>occasio-</span> 
     </span>
     <span class='ocr_line' id='line_1_5' title="bbox 202 549 1834 605; baseline -0.004 -10"><span class='ocrx_word' id='word_1_28' title='bbox 202 566 328 605; x_wconf 91' lang='lat' dir='ltr'>nem,</span> <span class='ocrx_word' id='word_1_29' title='bbox 366 554 651 605; x_wconf 87' lang='lat' dir='ltr'>Praepositis</span> <span class='ocrx_word' id='word_1_30' title='bbox 690 552 940 593; x_wconf 86' lang='lat' dir='ltr'>Societatis</span> <span class='ocrx_word' id='word_1_31' title='bbox 975 552 1031 592; x_wconf 86' lang='lat' dir='ltr'>ab</span> <span class='ocrx_word' id='word_1_32' title='bbox 1066 551 1214 592; x_wconf 87' lang='lat' dir='ltr'>officio</span> <span class='ocrx_word' id='word_1_33' title='bbox 1251 551 1622 600; x_wconf 86' lang='lat' dir='ltr'>deflectentibus,</span> <span class='ocrx_word' id='word_1_34' title='bbox 1663 549 1834 590; x_wconf 88' lang='lat' dir='ltr'>minari</span> 
     </span>
     <span class='ocr_line' id='line_1_6' title="bbox 206 630 444 665; baseline -0.008 0"><span class='ocrx_word' id='word_1_35' title='bbox 206 630 444 665; x_wconf 81' lang='lat' dir='ltr'>censeant.</span> 
     </span>
    </p>

    <p class='ocr_par' dir='ltr' id='par_1_3' title="bbox 202 689 1836 1097">
     <span class='ocr_line' id='line_1_7' title="bbox 282 689 1836 741; baseline -0.004 -7"><span class='ocrx_word' id='word_1_36' title='bbox 282 694 586 734; x_wconf 82' lang='lat' dir='ltr'>Reverendus</span> <span class='ocrx_word' id='word_1_37' title='bbox 625 693 856 732; x_wconf 81' lang='lat' dir='ltr'>Dominus</span> <span class='ocrx_word' id='word_1_38' title='bbox 889 692 1111 732; x_wconf 89' lang='lat' dir='ltr'>Decanus</span> <span class='ocrx_word' id='word_1_39' title='bbox 1149 691 1462 741; x_wconf 89' lang='lat' dir='ltr'>Theologicae</span> <span class='ocrx_word' id='word_1_40' title='bbox 1497 689 1756 730; x_wconf 88' lang='lat' dir='ltr'>Facultatis</span> <span class='ocrx_word' id='word_1_41' title='bbox 1791 694 1836 728; x_wconf 87' lang='lat' dir='ltr'>et</span> 
     </span>
     <span class='ocr_line' id='line_1_8' title="bbox 204 760 1834 813; baseline -0.003 -9"><span class='ocrx_word' id='word_1_42' title='bbox 204 764 433 804; x_wconf 78' lang='lat' dir='ltr'>Dominus</span> <span class='ocrx_word' id='word_1_43' title='bbox 454 763 631 803; x_wconf 88' lang='lat' dir='ltr'>Doctor</span> <span class='ocrx_word' id='word_1_44' title='bbox 653 762 890 812; x_wconf 80' lang='lat' dir='ltr'>Pelletier,</span> <span class='ocrx_word' id='word_1_45' title='bbox 916 762 990 801; x_wconf 91' lang='lat' dir='ltr'>cui</span> <span class='ocrx_word' id='word_1_46' title='bbox 1011 761 1281 813; x_wconf 87' lang='lat' dir='ltr'>Diplomata</span> <span class='ocrx_word' id='word_1_47' title='bbox 1310 767 1470 800; x_wconf 85' lang='lat' dir='ltr'>nostra</span> <span class='ocrx_word' id='word_1_48' title='bbox 1494 761 1549 800; x_wconf 85' lang='lat' dir='ltr'>ab</span> <span class='ocrx_word' id='word_1_49' title='bbox 1572 760 1683 811; x_wconf 88' lang='lat' dir='ltr'>ipsis</span> <span class='ocrx_word' id='word_1_50' title='bbox 1704 771 1834 810; x_wconf 84' lang='lat' dir='ltr'>prae-</span> 
     </span>
     <span class='ocr_line' id='line_1_9' title="bbox 202 830 1834 885; baseline -0.004 -10"><span class='ocrx_word' id='word_1_51' title='bbox 202 836 336 875; x_wconf 83' lang='lat' dir='ltr'>sectis</span> <span class='ocrx_word' id='word_1_52' title='bbox 357 835 616 875; x_wconf 88' lang='lat' dir='ltr'>Facultatis</span> <span class='ocrx_word' id='word_1_53' title='bbox 640 836 772 885; x_wconf 74' lang='lat' dir='ltr'>(quos</span> <span class='ocrx_word' id='word_1_54' title='bbox 803 834 1049 884; x_wconf 90' lang='lat' dir='ltr'>deputatos</span> <span class='ocrx_word' id='word_1_55' title='bbox 1075 832 1262 882; x_wconf 84' lang='lat' dir='ltr'>vulgari</span> <span class='ocrx_word' id='word_1_56' title='bbox 1283 831 1467 871; x_wconf 89' lang='lat' dir='ltr'>nomine</span> <span class='ocrx_word' id='word_1_57' title='bbox 1494 830 1834 881; x_wconf 74' lang='lat' dir='ltr'>nuncupamus)</span> 
     </span>
     <span class='ocr_line' id='line_1_10' title="bbox 203 902 1836 954; baseline -0.004 -9"><span class='ocrx_word' id='word_1_58' title='bbox 203 905 376 945; x_wconf 89' lang='lat' dir='ltr'>tradita</span> <span class='ocrx_word' id='word_1_59' title='bbox 412 911 518 945; x_wconf 90' lang='lat' dir='ltr'>sunt</span> <span class='ocrx_word' id='word_1_60' title='bbox 551 904 867 954; x_wconf 87' lang='lat' dir='ltr'>discutienda,</span> <span class='ocrx_word' id='word_1_61' title='bbox 897 915 951 943; x_wconf 83' lang='lat' dir='ltr'>ac</span> <span class='ocrx_word' id='word_1_62' title='bbox 981 903 1188 954; x_wconf 76' lang='lat' dir='ltr'>plerique</span> <span class='ocrx_word' id='word_1_63' title='bbox 1216 902 1559 953; x_wconf 84' lang='lat' dir='ltr'>Deputatorum</span> <span class='ocrx_word' id='word_1_64' title='bbox 1595 902 1709 941; x_wconf 87' lang='lat' dir='ltr'>satis</span> <span class='ocrx_word' id='word_1_65' title='bbox 1742 912 1836 940; x_wconf 92' lang='lat' dir='ltr'>mo-</span> 
     </span>
     <span class='ocr_line' id='line_1_11' title="bbox 203 972 1835 1025; baseline -0.004 -9"><span class='ocrx_word' id='word_1_66' title='bbox 203 977 331 1016; x_wconf 65' lang='lat' dir='ltr'>deste</span> <span class='ocrx_word' id='word_1_67' title='bbox 368 983 412 1016; x_wconf 90' lang='lat' dir='ltr'>et</span> <span class='ocrx_word' id='word_1_68' title='bbox 446 976 710 1016; x_wconf 72' lang='lat' dir='ltr'>humaniter</span> <span class='ocrx_word' id='word_1_69' title='bbox 746 975 932 1015; x_wconf 82' lang='lat' dir='ltr'>Patrem</span> <span class='ocrx_word' id='word_1_70' title='bbox 967 981 1251 1025; x_wconf 86' lang='lat' dir='ltr'>exceperunt</span> <span class='ocrx_word' id='word_1_71' title='bbox 1285 979 1329 1013; x_wconf 91' lang='lat' dir='ltr'>et</span> <span class='ocrx_word' id='word_1_72' title='bbox 1362 972 1722 1024; x_wconf 74' lang='lat' dir='ltr'>prudentissime</span> <span class='ocrx_word' id='word_1_73' title='bbox 1759 984 1835 1011; x_wconf 93' lang='lat' dir='ltr'>no-</span> 
     </span>
     <span class='ocr_line' id='line_1_12' title="bbox 205 1047 915 1097; baseline -0.003 -9"><span class='ocrx_word' id='word_1_74' title='bbox 205 1055 353 1088; x_wconf 88' lang='lat' dir='ltr'>strum</span> <span class='ocrx_word' id='word_1_75' title='bbox 374 1054 641 1088; x_wconf 76' lang='lat' dir='ltr'>tractavere</span> <span class='ocrx_word' id='word_1_76' title='bbox 661 1047 915 1097; x_wconf 83' lang='lat' dir='ltr'>negotium.</span> 
     </span>
    </p>

    <p class='ocr_par' dir='ltr' id='par_1_4' title="bbox 203 1115 1834 1239">
     <span class='ocr_line' id='line_1_13' title="bbox 282 1115 1834 1169; baseline -0.003 -11"><span class='ocrx_word' id='word_1_77' title='bbox 282 1119 379 1158; x_wconf 87' lang='lat' dir='ltr'>Iam</span> <span class='ocrx_word' id='word_1_78' title='bbox 399 1119 535 1158; x_wconf 88' lang='lat' dir='ltr'>tertio</span> <span class='ocrx_word' id='word_1_79' title='bbox 558 1118 732 1168; x_wconf 78' lang='lat' dir='ltr'>aliquot</span> <span class='ocrx_word' id='word_1_80' title='bbox 755 1118 964 1169; x_wconf 84' lang='lat' dir='ltr'>deputati</span> <span class='ocrx_word' id='word_1_81' title='bbox 984 1128 1123 1168; x_wconf 91' lang='lat' dir='ltr'>super</span> <span class='ocrx_word' id='word_1_82' title='bbox 1151 1115 1399 1156; x_wconf 85' lang='lat' dir='ltr'>Societatis</span> <span class='ocrx_word' id='word_1_83' title='bbox 1425 1121 1617 1154; x_wconf 85' lang='lat' dir='ltr'>nostrae</span> <span class='ocrx_word' id='word_1_84' title='bbox 1646 1125 1834 1154; x_wconf 89' lang='lat' dir='ltr'>conces-</span> 
     </span>
     <span class='ocr_line' id='line_1_14' title="bbox 203 1184 1832 1239; baseline -0.004 -10"><span class='ocrx_word' id='word_1_85' title='bbox 203 1190 411 1230; x_wconf 86' lang='lat' dir='ltr'>sionibus</span> <span class='ocrx_word' id='word_1_86' title='bbox 439 1188 742 1229; x_wconf 81' lang='lat' dir='ltr'>discutiendis</span> <span class='ocrx_word' id='word_1_87' title='bbox 772 1189 819 1228; x_wconf 90' lang='lat' dir='ltr'>in</span> <span class='ocrx_word' id='word_1_88' title='bbox 853 1187 1061 1239; x_wconf 91' lang='lat' dir='ltr'>Collegio</span> <span class='ocrx_word' id='word_1_89' title='bbox 1091 1186 1348 1228; x_wconf 83' lang='lat' dir='ltr'>Sorbonico</span> <span class='ocrx_word' id='word_1_90' title='bbox 1384 1185 1660 1236; x_wconf 87' lang='lat' dir='ltr'>congregati</span> <span class='ocrx_word' id='word_1_91' title='bbox 1690 1184 1832 1224; x_wconf 85' lang='lat' dir='ltr'>fuere.</span> 
     </span>
    </p>

    <p class='ocr_par' dir='ltr' id='par_1_5' title="bbox 202 1255 1837 1524">
     <span class='ocr_line' id='line_1_15' title="bbox 283 1255 1835 1308; baseline -0.005 -7"><span class='ocrx_word' id='word_1_92' title='bbox 283 1260 444 1301; x_wconf 80' lang='lat' dir='ltr'>Abbas</span> <span class='ocrx_word' id='word_1_93' title='bbox 480 1260 866 1308; x_wconf 88' lang='lat' dir='ltr'>Claravallensis‚</span> <span class='ocrx_word' id='word_1_94' title='bbox 909 1259 1098 1299; x_wconf 90' lang='lat' dir='ltr'>Ordinis</span> <span class='ocrx_word' id='word_1_95' title='bbox 1126 1257 1171 1299; x_wconf 84' lang='lat' dir='ltr'>S.</span> <span class='ocrx_word' id='word_1_96' title='bbox 1202 1257 1450 1306; x_wconf 81' lang='lat' dir='ltr'>Bernardi,</span> <span class='ocrx_word' id='word_1_97' title='bbox 1481 1256 1660 1296; x_wconf 88' lang='lat' dir='ltr'>Doctor</span> <span class='ocrx_word' id='word_1_98' title='bbox 1690 1255 1835 1295; x_wconf 88' lang='lat' dir='ltr'>Theo-</span> 
     </span>
     <span class='ocr_line' id='line_1_16' title="bbox 202 1327 1832 1383; baseline -0.004 -11"><span class='ocrx_word' id='word_1_99' title='bbox 202 1333 340 1383; x_wconf 84' lang='lat' dir='ltr'>logus</span> <span class='ocrx_word' id='word_1_100' title='bbox 361 1344 385 1371; x_wconf 89' lang='lat' dir='ltr'>e</span> <span class='ocrx_word' id='word_1_101' title='bbox 406 1343 600 1372; x_wconf 90' lang='lat' dir='ltr'>numero</span> <span class='ocrx_word' id='word_1_102' title='bbox 622 1332 971 1383; x_wconf 78' lang='lat' dir='ltr'>deputatorum,</span> <span class='ocrx_word' id='word_1_103' title='bbox 1001 1330 1115 1370; x_wconf 87' lang='lat' dir='ltr'>satis</span> <span class='ocrx_word' id='word_1_104' title='bbox 1144 1329 1279 1369; x_wconf 91' lang='lat' dir='ltr'>nobis</span> <span class='ocrx_word' id='word_1_105' title='bbox 1306 1328 1425 1368; x_wconf 81' lang='lat' dir='ltr'>favit</span> <span class='ocrx_word' id='word_1_106' title='bbox 1454 1339 1559 1368; x_wconf 89' lang='lat' dir='ltr'>cum</span> <span class='ocrx_word' id='word_1_107' title='bbox 1586 1327 1832 1378; x_wconf 82' lang='lat' dir='ltr'>plerisque,</span> 
     </span>
     <span class='ocr_line' id='line_1_17' title="bbox 204 1398 1837 1454; baseline -0.004 -11"><span class='ocrx_word' id='word_1_108' title='bbox 204 1403 399 1454; x_wconf 90' lang='lat' dir='ltr'>quitum</span> <span class='ocrx_word' id='word_1_109' title='bbox 428 1403 645 1452; x_wconf 88' lang='lat' dir='ltr'>aderant,</span> <span class='ocrx_word' id='word_1_110' title='bbox 675 1402 885 1453; x_wconf 86' lang='lat' dir='ltr'>exceptis</span> <span class='ocrx_word' id='word_1_111' title='bbox 914 1401 1089 1452; x_wconf 87' lang='lat' dir='ltr'>aliquot</span> <span class='ocrx_word' id='word_1_112' title='bbox 1117 1400 1347 1450; x_wconf 82' lang='lat' dir='ltr'>articulis,</span> <span class='ocrx_word' id='word_1_113' title='bbox 1375 1400 1543 1451; x_wconf 86' lang='lat' dir='ltr'>quibus</span> <span class='ocrx_word' id='word_1_114' title='bbox 1566 1398 1837 1450; x_wconf 87' lang='lat' dir='ltr'>paucissimi</span> 
     </span>
     <span class='ocr_line' id='line_1_18' title="bbox 209 1473 630 1524; baseline 0.002 -11"><span class='ocrx_word' id='word_1_115' title='bbox 209 1473 452 1524; x_wconf 82' lang='lat' dir='ltr'>suffragati</span> <span class='ocrx_word' id='word_1_116' title='bbox 473 1480 581 1514; x_wconf 85' lang='lat' dir='ltr'>sunt</span> <span class='ocrx_word' id='word_1_117' title='bbox 606 1473 630 1514; x_wconf 86' lang='lat'>¹.</span> 
     </span>
    </p>

    <p class='ocr_par' dir='ltr' id='par_1_6' title="bbox 201 1540 1837 1798">
     <span class='ocr_line' id='line_1_19' title="bbox 281 1540 1837 1596; baseline -0.003 -12"><span class='ocrx_word' id='word_1_118' title='bbox 281 1543 460 1584; x_wconf 89' lang='lat' dir='ltr'>Doctor</span> <span class='ocrx_word' id='word_1_119' title='bbox 481 1544 764 1584; x_wconf 87' lang='lat' dir='ltr'>Franciscus</span> <span class='ocrx_word' id='word_1_120' title='bbox 784 1543 1023 1596; x_wconf 82' lang='lat' dir='ltr'>Joverius,</span> <span class='ocrx_word' id='word_1_121' title='bbox 1053 1542 1248 1582; x_wconf 89' lang='lat' dir='ltr'>solemni</span> <span class='ocrx_word' id='word_1_122' title='bbox 1269 1553 1399 1581; x_wconf 85' lang='lat' dir='ltr'>more</span> <span class='ocrx_word' id='word_1_123' title='bbox 1430 1552 1512 1592; x_wconf 92' lang='lat' dir='ltr'>per</span> <span class='ocrx_word' id='word_1_124' title='bbox 1544 1540 1781 1580; x_wconf 86' lang='lat' dir='ltr'>Pedellum</span> <span class='ocrx_word' id='word_1_125' title='bbox 1810 1552 1837 1579; x_wconf 89' lang='lat' dir='ltr'>a</span> 
     </span>
     <span class='ocr_line' id='line_1_20' title="bbox 203 1610 1836 1667; baseline -0.004 -12"><span class='ocrx_word' id='word_1_126' title='bbox 203 1614 411 1666; x_wconf 91' lang='lat' dir='ltr'>Collegio</span> <span class='ocrx_word' id='word_1_127' title='bbox 435 1614 779 1667; x_wconf 85' lang='lat' dir='ltr'>Deputatorum</span> <span class='ocrx_word' id='word_1_128' title='bbox 799 1620 998 1655; x_wconf 79' lang='lat' dir='ltr'>vocatus</span> <span class='ocrx_word' id='word_1_129' title='bbox 1019 1614 1065 1653; x_wconf 88' lang='lat' dir='ltr'>in</span> <span class='ocrx_word' id='word_1_130' title='bbox 1087 1620 1274 1663; x_wconf 90' lang='lat' dir='ltr'>testem,</span> <span class='ocrx_word' id='word_1_131' title='bbox 1299 1612 1613 1652; x_wconf 88' lang='lat' dir='ltr'>testimonium</span> <span class='ocrx_word' id='word_1_132' title='bbox 1636 1610 1836 1651; x_wconf 86' lang='lat' dir='ltr'>reddidit</span> 
     </span>
     <span class='ocr_line' id='line_1_21' title="bbox 201 1682 1836 1738; baseline -0.004 -11"><span class='ocrx_word' id='word_1_133' title='bbox 201 1687 483 1738; x_wconf 84' lang='lat' dir='ltr'>integritatis</span> <span class='ocrx_word' id='word_1_134' title='bbox 518 1698 704 1737; x_wconf 89' lang='lat' dir='ltr'>eorum,</span> <span class='ocrx_word' id='word_1_135' title='bbox 733 1697 848 1737; x_wconf 89' lang='lat' dir='ltr'>quos</span> <span class='ocrx_word' id='word_1_136' title='bbox 878 1686 976 1737; x_wconf 90' lang='lat' dir='ltr'>ipse</span> <span class='ocrx_word' id='word_1_137' title='bbox 1010 1684 1209 1725; x_wconf 86' lang='lat' dir='ltr'>Lovanii</span> <span class='ocrx_word' id='word_1_138' title='bbox 1240 1691 1284 1724; x_wconf 91' lang='lat' dir='ltr'>et</span> <span class='ocrx_word' id='word_1_139' title='bbox 1311 1683 1523 1724; x_wconf 91' lang='lat' dir='ltr'>Lutetiae</span> <span class='ocrx_word' id='word_1_140' title='bbox 1551 1695 1574 1723; x_wconf 92' lang='lat' dir='ltr'>e</span> <span class='ocrx_word' id='word_1_141' title='bbox 1602 1682 1836 1723; x_wconf 80' lang='lat' dir='ltr'>Societate</span> 
     </span>
     <span class='ocr_line' id='line_1_22' title="bbox 204 1764 419 1798; baseline -0.005 -1"><span class='ocrx_word' id='word_1_142' title='bbox 204 1764 419 1798; x_wconf 84' lang='lat' dir='ltr'>noverat.</span> 
     </span>
    </p>

    <p class='ocr_par' dir='ltr' id='par_1_7' title="bbox 201 1824 1835 2022">
     <span class='ocr_line' id='line_1_23' title="bbox 280 1824 1835 1881; baseline -0.005 -12"><span class='ocrx_word' id='word_1_143' title='bbox 280 1829 332 1869; x_wconf 87' lang='lat' dir='ltr'>In</span> <span class='ocrx_word' id='word_1_144' title='bbox 367 1829 519 1881; x_wconf 89' lang='lat' dir='ltr'>prima</span> <span class='ocrx_word' id='word_1_145' title='bbox 558 1835 602 1869; x_wconf 95' lang='lat' dir='ltr'>et</span> <span class='ocrx_word' id='word_1_146' title='bbox 640 1828 845 1868; x_wconf 89' lang='lat' dir='ltr'>secunda</span> <span class='ocrx_word' id='word_1_147' title='bbox 883 1827 1267 1879; x_wconf 81' lang='lat' dir='ltr'>congregatione.</span> <span class='ocrx_word' id='word_1_148' title='bbox 1309 1825 1447 1866; x_wconf 85' lang='lat' dir='ltr'>Pater</span> <span class='ocrx_word' id='word_1_149' title='bbox 1484 1825 1542 1865; x_wconf 90' lang='lat' dir='ltr'>ad</span> <span class='ocrx_word' id='word_1_150' title='bbox 1578 1824 1835 1864; x_wconf 88' lang='lat' dir='ltr'>secundum</span> 
     </span>
     <span class='ocr_line' id='line_1_24' title="bbox 201 1895 1834 1949; baseline -0.004 -9"><span class='ocrx_word' id='word_1_151' title='bbox 201 1912 362 1940; x_wconf 89' lang='lat' dir='ltr'>eorum</span> <span class='ocrx_word' id='word_1_152' title='bbox 383 1900 631 1940; x_wconf 88' lang='lat' dir='ltr'>concilium</span> <span class='ocrx_word' id='word_1_153' title='bbox 657 1900 930 1949; x_wconf 87' lang='lat' dir='ltr'>accersitus,</span> <span class='ocrx_word' id='word_1_154' title='bbox 949 1900 1200 1938; x_wconf 90' lang='lat' dir='ltr'>multorum</span> <span class='ocrx_word' id='word_1_155' title='bbox 1217 1897 1448 1937; x_wconf 89' lang='lat' dir='ltr'>rationem</span> <span class='ocrx_word' id='word_1_156' title='bbox 1466 1896 1660 1936; x_wconf 88' lang='lat' dir='ltr'>reddere</span> <span class='ocrx_word' id='word_1_157' title='bbox 1678 1895 1834 1934; x_wconf 85' lang='lat' dir='ltr'>debuit</span> 
     </span>
     <span class='ocr_line' id='line_1_25' title="bbox 201 1971 747 2022; baseline -0.002 -11"><span class='ocrx_word' id='word_1_158' title='bbox 201 1971 258 2010; x_wconf 84' lang='lat' dir='ltr'>ab</span> <span class='ocrx_word' id='word_1_159' title='bbox 280 1971 393 2022; x_wconf 87' lang='lat' dir='ltr'>ipsis</span> <span class='ocrx_word' id='word_1_160' title='bbox 415 1971 747 2022; x_wconf 87' lang='lat' dir='ltr'>interrogatus.</span> 
     </span>
    </p>

    <p class='ocr_par' dir='ltr' id='par_1_8' title="bbox 199 2037 1836 2872">
     <span class='ocr_line' id='line_1_26' title="bbox 279 2037 1833 2094; baseline -0.004 -12"><span class='ocrx_word' id='word_1_161' title='bbox 279 2041 662 2094; x_wconf 88' lang='lat' dir='ltr'>Antepenultima</span> <span class='ocrx_word' id='word_1_162' title='bbox 690 2042 762 2081; x_wconf 89' lang='lat' dir='ltr'>die</span> <span class='ocrx_word' id='word_1_163' title='bbox 796 2041 973 2093; x_wconf 86' lang='lat' dir='ltr'>Aprilis</span> <span class='ocrx_word' id='word_1_164' title='bbox 1000 2041 1214 2092; x_wconf 80' lang='lat' dir='ltr'>proxime</span> <span class='ocrx_word' id='word_1_165' title='bbox 1243 2040 1410 2091; x_wconf 87' lang='lat' dir='ltr'>elapsi,</span> <span class='ocrx_word' id='word_1_166' title='bbox 1444 2037 1668 2090; x_wconf 86' lang='lat' dir='ltr'>Deputati</span> <span class='ocrx_word' id='word_1_167' title='bbox 1699 2049 1833 2089; x_wconf 90' lang='lat' dir='ltr'>quar-</span> 
     </span>
     <span class='ocr_line' id='line_1_27' title="bbox 199 2108 1833 2163; baseline -0.004 -10"><span class='ocrx_word' id='word_1_168' title='bbox 199 2120 298 2153; x_wconf 89' lang='lat' dir='ltr'>tum</span> <span class='ocrx_word' id='word_1_169' title='bbox 319 2113 578 2163; x_wconf 86' lang='lat' dir='ltr'>comitium,</span> <span class='ocrx_word' id='word_1_170' title='bbox 603 2112 833 2152; x_wconf 88' lang='lat' dir='ltr'>adiunctis</span> <span class='ocrx_word' id='word_1_171' title='bbox 854 2118 1012 2152; x_wconf 89' lang='lat' dir='ltr'>tamen</span> <span class='ocrx_word' id='word_1_172' title='bbox 1033 2112 1210 2163; x_wconf 83' lang='lat' dir='ltr'>aliquot</span> <span class='ocrx_word' id='word_1_173' title='bbox 1231 2110 1334 2150; x_wconf 87' lang='lat' dir='ltr'>aliis</span> <span class='ocrx_word' id='word_1_174' title='bbox 1356 2110 1628 2150; x_wconf 89' lang='lat' dir='ltr'>doctoribus</span> <span class='ocrx_word' id='word_1_175' title='bbox 1649 2108 1833 2148; x_wconf 84' lang='lat' dir='ltr'>inferio-</span> 
     </span>
     <span class='ocr_line' id='line_1_28' title="bbox 199 2179 1833 2235; baseline -0.004 -11"><span class='ocrx_word' id='word_1_176' title='bbox 199 2185 264 2224; x_wconf 90' lang='lat' dir='ltr'>ris</span> <span class='ocrx_word' id='word_1_177' title='bbox 285 2184 482 2235; x_wconf 80' lang='lat' dir='ltr'>ordiniS,</span> <span class='ocrx_word' id='word_1_178' title='bbox 507 2185 803 2224; x_wconf 88' lang='lat' dir='ltr'>celebrarunt</span> <span class='ocrx_word' id='word_1_179' title='bbox 824 2195 964 2234; x_wconf 91' lang='lat' dir='ltr'>super</span> <span class='ocrx_word' id='word_1_180' title='bbox 984 2188 1174 2222; x_wconf 87' lang='lat' dir='ltr'>nostrae</span> <span class='ocrx_word' id='word_1_181' title='bbox 1203 2194 1375 2222; x_wconf 88' lang='lat' dir='ltr'>causae</span> <span class='ocrx_word' id='word_1_182' title='bbox 1405 2181 1641 2221; x_wconf 88' lang='lat' dir='ltr'>decisione</span> <span class='ocrx_word' id='word_1_183' title='bbox 1669 2179 1833 2219; x_wconf 89' lang='lat' dir='ltr'>delibe-</span> 
     </span>
     <span class='ocr_line' id='line_1_29' title="bbox 200 2250 1834 2306; baseline -0.004 -11"><span class='ocrx_word' id='word_1_184' title='bbox 200 2261 380 2306; x_wconf 79' lang='lat' dir='ltr'>ranteS‚</span> <span class='ocrx_word' id='word_1_185' title='bbox 418 2261 468 2295; x_wconf 92' lang='lat' dir='ltr'>ut</span> <span class='ocrx_word' id='word_1_186' title='bbox 501 2255 549 2295; x_wconf 92' lang='lat' dir='ltr'>hi</span> <span class='ocrx_word' id='word_1_187' title='bbox 583 2255 659 2306; x_wconf 88' lang='lat' dir='ltr'>qui</span> <span class='ocrx_word' id='word_1_188' title='bbox 694 2261 804 2295; x_wconf 90' lang='lat' dir='ltr'>tunc</span> <span class='ocrx_word' id='word_1_189' title='bbox 833 2262 1106 2306; x_wconf 87' lang='lat' dir='ltr'>praesentes</span> <span class='ocrx_word' id='word_1_190' title='bbox 1141 2260 1295 2303; x_wconf 89' lang='lat' dir='ltr'>erant,</span> <span class='ocrx_word' id='word_1_191' title='bbox 1333 2265 1419 2292; x_wconf 88' lang='lat' dir='ltr'>ceu</span> <span class='ocrx_word' id='word_1_192' title='bbox 1457 2251 1699 2302; x_wconf 85' lang='lat' dir='ltr'>praecipui</span> <span class='ocrx_word' id='word_1_193' title='bbox 1737 2250 1834 2289; x_wconf 86' lang='lat' dir='ltr'>fere</span> 
     </span>
     <span class='ocr_line' id='line_1_30' title="bbox 202 2322 1834 2378; baseline -0.004 -12"><span class='ocrx_word' id='word_1_194' title='bbox 202 2337 378 2376; x_wconf 89' lang='lat' dir='ltr'>omnes,</span> <span class='ocrx_word' id='word_1_195' title='bbox 402 2336 476 2376; x_wconf 84' lang='lat' dir='ltr'>ea,</span> <span class='ocrx_word' id='word_1_196' title='bbox 506 2338 626 2378; x_wconf 90' lang='lat' dir='ltr'>quae</span> <span class='ocrx_word' id='word_1_197' title='bbox 651 2326 876 2376; x_wconf 85' lang='lat' dir='ltr'>postridie</span> <span class='ocrx_word' id='word_1_198' title='bbox 905 2326 1128 2365; x_wconf 80' lang='lat' dir='ltr'>universo</span> <span class='ocrx_word' id='word_1_199' title='bbox 1151 2324 1411 2364; x_wconf 90' lang='lat' dir='ltr'>Doctorum</span> <span class='ocrx_word' id='word_1_200' title='bbox 1433 2322 1641 2373; x_wconf 85' lang='lat' dir='ltr'>Collegio</span> <span class='ocrx_word' id='word_1_201' title='bbox 1669 2333 1834 2373; x_wconf 86' lang='lat' dir='ltr'>propo—</span> 
     </span>
     <span class='ocr_line' id='line_1_31' title="bbox 201 2392 1834 2448; baseline -0.004 -11"><span class='ocrx_word' id='word_1_202' title='bbox 201 2396 355 2437; x_wconf 88' lang='lat' dir='ltr'>nenda</span> <span class='ocrx_word' id='word_1_203' title='bbox 376 2403 533 2447; x_wconf 88' lang='lat' dir='ltr'>erant,</span> <span class='ocrx_word' id='word_1_204' title='bbox 559 2397 807 2448; x_wconf 88' lang='lat' dir='ltr'>diligenter</span> <span class='ocrx_word' id='word_1_205' title='bbox 836 2397 1137 2437; x_wconf 91' lang='lat' dir='ltr'>discuterent.</span> <span class='ocrx_word' id='word_1_206' title='bbox 1166 2395 1243 2436; x_wconf 81' lang='lat' dir='ltr'>Ad</span> <span class='ocrx_word' id='word_1_207' title='bbox 1270 2395 1392 2435; x_wconf 86' lang='lat' dir='ltr'>hanc</span> <span class='ocrx_word' id='word_1_208' title='bbox 1421 2394 1672 2445; x_wconf 76' lang='lat' dir='ltr'>synodum,</span> <span class='ocrx_word' id='word_1_209' title='bbox 1696 2392 1834 2431; x_wconf 82' lang='lat' dir='ltr'>Pater</span> 
     </span>
     <span class='ocr_line' id='line_1_32' title="bbox 200 2467 1830 2519; baseline -0.004 -11"><span class='ocrx_word' id='word_1_210' title='bbox 200 2479 383 2519; x_wconf 89' lang='lat' dir='ltr'>quoque</span> <span class='ocrx_word' id='word_1_211' title='bbox 404 2468 664 2508; x_wconf 81' lang='lat' dir='ltr'>advocatus</span> <span class='ocrx_word' id='word_1_212' title='bbox 685 2475 754 2508; x_wconf 89' lang='lat' dir='ltr'>est</span> <span class='ocrx_word' id='word_1_213' title='bbox 774 2473 825 2508; x_wconf 92' lang='lat' dir='ltr'>ut</span> <span class='ocrx_word' id='word_1_214' title='bbox 846 2467 1061 2507; x_wconf 89' lang='lat' dir='ltr'>redderet</span> <span class='ocrx_word' id='word_1_215' title='bbox 1082 2467 1314 2507; x_wconf 88' lang='lat' dir='ltr'>rationem</span> <span class='ocrx_word' id='word_1_216' title='bbox 1335 2476 1512 2515; x_wconf 87' lang='lat' dir='ltr'>eorum,</span> <span class='ocrx_word' id='word_1_217' title='bbox 1536 2475 1654 2515; x_wconf 85' lang='lat' dir='ltr'>quae</span> <span class='ocrx_word' id='word_1_218' title='bbox 1675 2469 1830 2514; x_wconf 85' lang='lat' dir='ltr'>postu-</span> 
     </span>
     <span class='ocr_line' id='line_1_33' title="bbox 199 2536 1832 2590; baseline -0.004 -11"><span class='ocrx_word' id='word_1_219' title='bbox 199 2540 407 2579; x_wconf 88' lang='lat' dir='ltr'>larentur</span> <span class='ocrx_word' id='word_1_220' title='bbox 426 2539 482 2579; x_wconf 89' lang='lat' dir='ltr'>ab</span> <span class='ocrx_word' id='word_1_221' title='bbox 500 2539 628 2590; x_wconf 86' lang='lat' dir='ltr'>ipsis.</span> <span class='ocrx_word' id='word_1_222' title='bbox 650 2538 801 2589; x_wconf 85' lang='lat' dir='ltr'>Quam</span> <span class='ocrx_word' id='word_1_223' title='bbox 817 2539 952 2579; x_wconf 87' lang='lat' dir='ltr'>varia</span> <span class='ocrx_word' id='word_1_224' title='bbox 973 2539 1035 2579; x_wconf 91' lang='lat' dir='ltr'>ibi</span> <span class='ocrx_word' id='word_1_225' title='bbox 1051 2537 1262 2579; x_wconf 84' lang='lat' dir='ltr'>Societas</span> <span class='ocrx_word' id='word_1_226' title='bbox 1277 2537 1449 2577; x_wconf 86' lang='lat' dir='ltr'>iudicia</span> <span class='ocrx_word' id='word_1_227' title='bbox 1467 2536 1674 2584; x_wconf 88' lang='lat' dir='ltr'>subierit,</span> <span class='ocrx_word' id='word_1_228' title='bbox 1695 2545 1832 2574; x_wconf 89' lang='lat' dir='ltr'>nemo</span> 
     </span>
     <span class='ocr_line' id='line_1_34' title="bbox 201 2605 1832 2660; baseline -0.004 -11"><span class='ocrx_word' id='word_1_229' title='bbox 201 2610 339 2650; x_wconf 85' lang='lat' dir='ltr'>facile</span> <span class='ocrx_word' id='word_1_230' title='bbox 375 2609 649 2659; x_wconf 85' lang='lat' dir='ltr'>crediderit,</span> <span class='ocrx_word' id='word_1_231' title='bbox 688 2609 766 2660; x_wconf 91' lang='lat' dir='ltr'>qui</span> <span class='ocrx_word' id='word_1_232' title='bbox 798 2609 920 2660; x_wconf 91' lang='lat' dir='ltr'>gesti</span> <span class='ocrx_word' id='word_1_233' title='bbox 954 2609 1130 2660; x_wconf 90' lang='lat' dir='ltr'>negotii</span> <span class='ocrx_word' id='word_1_234' title='bbox 1155 2608 1367 2648; x_wconf 91' lang='lat' dir='ltr'>ordinem</span> <span class='ocrx_word' id='word_1_235' title='bbox 1399 2619 1493 2646; x_wconf 93' lang='lat' dir='ltr'>non</span> <span class='ocrx_word' id='word_1_236' title='bbox 1521 2605 1832 2656; x_wconf 79' lang='lat' dir='ltr'>conspexerit.</span> 
     </span>
     <span class='ocr_line' id='line_1_35' title="bbox 202 2676 1834 2732; baseline -0.004 -12"><span class='ocrx_word' id='word_1_237' title='bbox 202 2681 291 2721; x_wconf 90' lang='lat' dir='ltr'>Tot</span> <span class='ocrx_word' id='word_1_238' title='bbox 310 2687 498 2732; x_wconf 88' lang='lat' dir='ltr'>tamque</span> <span class='ocrx_word' id='word_1_239' title='bbox 521 2686 754 2720; x_wconf 83' lang='lat' dir='ltr'>venenata</span> <span class='ocrx_word' id='word_1_240' title='bbox 776 2680 822 2719; x_wconf 90' lang='lat' dir='ltr'>in</span> <span class='ocrx_word' id='word_1_241' title='bbox 843 2678 1125 2720; x_wconf 82' lang='lat' dir='ltr'>Societatem</span> <span class='ocrx_word' id='word_1_242' title='bbox 1144 2678 1255 2731; x_wconf 90' lang='lat' dir='ltr'>Jesu</span> <span class='ocrx_word' id='word_1_243' title='bbox 1277 2677 1665 2718; x_wconf 86' lang='lat' dir='ltr'>obtrectationum</span> <span class='ocrx_word' id='word_1_244' title='bbox 1682 2676 1834 2715; x_wconf 87' lang='lat' dir='ltr'>iacula</span> 
     </span>
     <span class='ocr_line' id='line_1_36' title="bbox 201 2746 1835 2803; baseline -0.004 -12"><span class='ocrx_word' id='word_1_245' title='bbox 201 2751 371 2803; x_wconf 87' lang='lat' dir='ltr'>grandi</span> <span class='ocrx_word' id='word_1_246' title='bbox 404 2751 580 2802; x_wconf 92' lang='lat' dir='ltr'>impetu</span> <span class='ocrx_word' id='word_1_247' title='bbox 615 2750 671 2790; x_wconf 90' lang='lat' dir='ltr'>ab</span> <span class='ocrx_word' id='word_1_248' title='bbox 707 2750 996 2790; x_wconf 86' lang='lat' dir='ltr'>adversariis</span> <span class='ocrx_word' id='word_1_249' title='bbox 1031 2750 1245 2790; x_wconf 86' lang='lat' dir='ltr'>coniecta</span> <span class='ocrx_word' id='word_1_250' title='bbox 1275 2754 1402 2799; x_wconf 85' lang='lat' dir='ltr'>sunt,</span> <span class='ocrx_word' id='word_1_251' title='bbox 1439 2759 1556 2799; x_wconf 81' lang='lat' dir='ltr'>quae</span> <span class='ocrx_word' id='word_1_252' title='bbox 1587 2746 1835 2787; x_wconf 82' lang='lat' dir='ltr'>Societatis</span> 
     </span>
     <span class='ocr_line' id='line_1_37' title="bbox 202 2817 1836 2872; baseline -0.004 -10"><span class='ocrx_word' id='word_1_253' title='bbox 202 2833 371 2862; x_wconf 91' lang='lat' dir='ltr'>nomen</span> <span class='ocrx_word' id='word_1_254' title='bbox 392 2821 432 2861; x_wconf 89' lang='lat' dir='ltr'>si</span> <span class='ocrx_word' id='word_1_255' title='bbox 451 2834 545 2862; x_wconf 92' lang='lat' dir='ltr'>non</span> <span class='ocrx_word' id='word_1_256' title='bbox 572 2821 872 2872; x_wconf 76' lang='lat' dir='ltr'>extinguere,</span> <span class='ocrx_word' id='word_1_257' title='bbox 904 2821 1069 2860; x_wconf 89' lang='lat' dir='ltr'>saltem</span> <span class='ocrx_word' id='word_1_258' title='bbox 1098 2820 1333 2860; x_wconf 84' lang='lat' dir='ltr'>offuscare</span> <span class='ocrx_word' id='word_1_259' title='bbox 1353 2825 1543 2870; x_wconf 88' lang='lat' dir='ltr'>possent</span> <span class='ocrx_word' id='word_1_260' title='bbox 1564 2818 1721 2863; x_wconf 77' lang='lat' dir='ltr'>facile,</span> <span class='ocrx_word' id='word_1_261' title='bbox 1747 2817 1836 2857; x_wconf 89' lang='lat' dir='ltr'>nisi</span> 
     </span>
    </p>
   </div>
   <div class='ocr_carea' id='block_1_3' title="bbox 203 3001 1838 3089">
    <p class='ocr_par' dir='ltr' id='par_1_9' title="bbox 203 3001 1838 3089">
     <span class='ocr_line' id='line_1_38' title="bbox 260 3001 1838 3040; baseline -0.003 -6"><span class='ocrx_word' id='word_1_262' title='bbox 260 3007 269 3026; x_wconf 90' lang='lat'>¹</span> <span class='ocrx_word' id='word_1_263' title='bbox 310 3007 360 3034; x_wconf 85' lang='lat' dir='ltr'>De</span> <span class='ocrx_word' id='word_1_264' title='bbox 375 3007 416 3034; x_wconf 86' lang='lat' dir='ltr'>iis</span> <span class='ocrx_word' id='word_1_265' title='bbox 432 3006 593 3037; x_wconf 85' lang='lat' dir='ltr'>omnibus.</span> <span class='ocrx_word' id='word_1_266' title='bbox 608 3013 691 3040; x_wconf 89' lang='lat' dir='ltr'>quos</span> <span class='ocrx_word' id='word_1_267' title='bbox 712 3006 884 3039; x_wconf 81' lang='lat' dir='ltr'>hucusque</span> <span class='ocrx_word' id='word_1_268' title='bbox 906 3005 1093 3031; x_wconf 85' lang='lat' dir='ltr'>nominavit</span> <span class='ocrx_word' id='word_1_269' title='bbox 1110 3003 1342 3039; x_wconf 83' lang='lat' dir='ltr'>Clayssonius,</span> <span class='ocrx_word' id='word_1_270' title='bbox 1356 3002 1434 3029; x_wconf 84' lang='lat' dir='ltr'>vide</span> <span class='ocrx_word' id='word_1_271' title='bbox 1451 3002 1618 3032; x_wconf 74' lang='lat' dir='ltr'>POLANco.</span> <span class='ocrx_word' id='word_1_272' title='bbox 1635 3001 1838 3030; x_wconf 77' lang='lat' dir='ltr'>Clzronz‘con.</span> 
     </span>
     <span class='ocr_line' id='line_1_39' title="bbox 203 3054 790 3089; baseline -0.003 -7"><span class='ocrx_word' id='word_1_273' title='bbox 203 3059 229 3082; x_wconf 86' lang='lat' dir='ltr'>t.</span> <span class='ocrx_word' id='word_1_274' title='bbox 246 3062 296 3088; x_wconf 85' lang='lat'>111,</span> <span class='ocrx_word' id='word_1_275' title='bbox 311 3062 390 3089; x_wconf 88' lang='lat' dir='ltr'>pag.</span> <span class='ocrx_word' id='word_1_276' title='bbox 402 3054 471 3089; x_wconf 79' lang='lat'>291,</span> <span class='ocrx_word' id='word_1_277' title='bbox 488 3058 521 3081; x_wconf 84' lang='lat' dir='ltr'>et</span> <span class='ocrx_word' id='word_1_278' title='bbox 538 3054 646 3088; x_wconf 74' lang='lat' dir='ltr'>PRAT,</span> <span class='ocrx_word' id='word_1_279' title='bbox 664 3061 716 3088; x_wconf 86' lang='lat' dir='ltr'>op.</span> <span class='ocrx_word' id='word_1_280' title='bbox 733 3054 790 3080; x_wconf 90' lang='lat' dir='ltr'>cit.</span> 
     </span>
    </p>
   </div>
  </div>
 </body>
</html>
