2168 3437
872 272 955 309 AN.
987 271 1079 308 1554
1716 266 1784 303 661

231 372 295 411 Et
316 371 412 411 alia
430 383 444 411 .·
466 371 733 422 Quadrime.
758 370 930 410 Ebora.

231 443 297 482 Et
317 443 458 483 tertia
476 453 490 480 .·
511 443 550 482 4.
575 443 662 482 cal.
687 439 795 492 maij
822 440 935 480 1554.

204 607 330 634 Nullibi
345 607 379 633 in
390 607 616 640 autographis
630 605 756 633 litteris
770 605 921 640 reperire
933 609 984 631 est
999 605 1061 632 hoc
1076 604 1141 638 4⁰,
1159 604 1245 638 quod
1260 604 1310 631 bis
1325 603 1595 637 superscriptum
1617 601 1782 629 videmus.

149 654 230 681 Ideo
245 658 361 681 autem
375 653 645 688 superscriptum
659 660 845 686 censemus,
859 652 948 687 quia,
965 656 1001 679 ut
1019 659 1122 686 supra
1136 651 1335 684 monuimuS,
1352 650 1444 677 aliud
1459 649 1544 677 nihil
1559 649 1624 676 hae
1648 649 1785 676 litterae

150 707 247 735 sunt,
266 708 368 735 quam
382 701 487 728 latine
503 701 658 727 redditae
673 701 811 727 litterae
833 707 954 734 supra,
978 707 1009 727 n.
1031 706 1220 733 CCLxxx1V‚
1236 706 1314 733 pag.
1336 697 1405 730 610,
1431 696 1679 730 transcriptae5
1701 703 1786 730 quac

151 749 287 782 quidem
301 748 348 775 ΔΡ
364 747 532 775 Calendas
547 747 626 775 Maii
643 747 743 775 datae
758 751 846 774 sunt.

875 1091 1064 1146 COXO

227 1316 448 1354 Robertus
465 1315 765 1363 Clayssonius‚

270 1379 341 1418 Ex
359 1379 680 1417 commissione
700 1380 844 1417 Patris
864 1379 1089 1417 Paschasii
1108 1379 1255 1424 Broet,

322 1447 444 1484 Patri
463 1445 632 1493 Ignatio
654 1445 707 1482 de
725 1445 910 1492 Loyola.

367 1512 568 1554 Parisiis,
588 1511 612 1548 3
629 1511 733 1559 Maji
754 1510 845 1547 1554
865 1512 889 1545 ¹.

234 1720 334 1761 Pax
355 1721 523 1761 summi
544 1720 706 1771 Regis,
731 1720 979 1760 coelestem
1007 1720 1227 1758 thronum
1249 1717 1609 1758 conscendentis
1637 1718 1667 1766 ²,
1702 1716 1789 1756 Do-

154 1792 268 1832 mini
288 1792 436 1832 nostri
455 1791 565 1844 Jesu
588 1791 779 1840 Christi,
804 1790 1009 1842 perfecta
1033 1801 1119 1829 nos
1140 1789 1279 1829 donet
1301 1789 1513 1829 libertate
1535 1800 1590 1828 ac
1620 1787 1790 1827 foelici-

156 1869 252 1903 tate
273 1869 514 1914 perpetua.
537 1862 705 1903 Amen.

236 1933 366 1985 Quae
387 1941 591 1985 quatuor
611 1933 847 1973 mensibus
869 1933 1049 1973 exactis
1081 1932 1268 1972 divinae
1298 1931 1522 1971 bonitatis
1548 1930 1791 1982 providen-

154 2006 219 2045 tia
245 2017 332 2046 nos
359 2011 457 2045 tum
484 2005 543 2045 ad
576 2005 811 2056 agendum
839 2004 1074 2055 impulerit
1100 2010 1198 2043 tum
1228 2002 1324 2054 pati
1351 2001 1635 2053 permiserit.
1671 2011 1789 2040 surn-

156 2077 305 2116 mario
344 2076 619 2128 compendio
660 2076 1044 2127 complectemur,
1083 2074 1414 2114 Reverentiam
1455 2072 1604 2112 Tuam
1643 2072 1793 2123 primo

156 2148 361 2199 precati,
394 2147 534 2187 Pater
564 2146 1013 2196 observandissime,
1049 2151 1116 2195 ut,
1151 2144 1454 2185 adversitatis
1489 2148 1684 2183 conatus
1715 2154 1792 2181 no-

157 2224 280 2259 stros
311 2219 540 2258 acerrimo
572 2219 745 2270 impetu
777 2217 1066 2257 retundentis
1097 2215 1520 2264 commiseratione,
1553 2213 1670 2254 adeo
1702 2213 1794 2253 exi-

155 2301 299 2341 guam
320 2301 520 2330 messem
543 2290 789 2329 collectam
811 2300 912 2328 esse
934 2295 1129 2340 paterno
1151 2286 1318 2326 affectu
1340 2285 1449 2326 boni
1471 2285 1698 2325 consulat.

236 2360 289 2400 R.
328 2360 464 2400 Pater
493 2366 652 2400 noster
680 2359 980 2410 Praepositus
1007 2357 1020 2376 ⁵
1051 2370 1209 2398 mense
1242 2357 1484 2410 Januario,
1516 2368 1606 2408 quo
1642 2355 1795 2395 adhuc

137 2431 279 2484 -apud
314 2431 775 2472 Reverendissimum
801 2429 1072 2470 Pontificem
1103 2428 1520 2469 Claramontanum
1548 2427 1717 2478 agebat
1749 2426 1795 2465 in

156 2503 397 2543 Auvernia
433 2501 462 2552 ⁴,
497 2500 703 2553 ejusdem
742 2500 1140 2541 Reverendissimi
1175 2499 1364 2539 Domini
1404 2498 1598 2538 arbitrio
1633 2504 1678 2537 et
1714 2498 1794 2537 im—

156 2575 293 2626 pulsu
318 2585 592 2625 persuaSUS‚
630 2573 770 2612 trium
804 2571 1205 2612 hebdomadarum
1234 2570 1440 2619 labores,
1480 2568 1795 2620 quadraginta

158 2651 357 2697 quatuor
389 2645 652 2696 quinqueve
681 2643 1008 2694 paroeciarum
1036 2641 1458 2689 xenodochiorum,
1490 2645 1534 2680 et
1569 2639 1794 2690 Collegio-

158 2728 261 2757 rum
300 2715 647 2756 Canonicorum
691 2714 950 2754 visitationi
993 2712 1241 2764 impendit,
1283 2723 1377 2751 non
1422 2711 1597 2762 absque
1641 2710 1796 2750 fructu

158 2787 522 2838 haudquaquam
555 2785 849 2837 poenitendo.
885 2785 1068 2825 Interea
1106 2783 1215 2823 dum
1244 2783 1289 2822 in
1316 2782 1603 2834 Episcopatu
1639 2780 1796 2821 Clara-

212 2901 222 2920 ¹
263 2900 514 2935 Autographae
530 2901 562 2927 in
576 2899 655 2926 folio
672 2898 796 2932 duplici
812 2906 864 2924 nn.
880 2898 932 2924 248
947 2902 979 2924 et
995 2898 1059 2924 249.

212 2949 226 2968 2
264 2947 361 2976 Hanc
376 2948 450 2975 ideo
466 2947 605 2974 adhibet
626 2945 797 2973 salutandi
818 2953 943 2972 novam
966 2945 1146 2972 formulam
1169 2943 1405 2979 Clayssonius,
1429 2944 1508 2977 quia
1531 2943 1666 2970 litteras
1690 2943 1796 2968 dabat

159 2998 231 3032 ipso
247 2995 467 3024 Ascensionis
482 2995 568 3023 festo
583 2994 648 3022 die.

212 3044 226 3064 ⁵
264 3044 368 3071 Pater
382 3042 587 3070 Paschasius
605 3041 720 3069 Broet.

213 3092 227 3111 ⁴
265 3091 353 3118 Vide
368 3098 488 3125 supra,
504 3097 583 3125 pag.
596 3089 658 3116 517.
