2168 3437
318 213 392 250 ⁴222
832 213 1059 249 LITTERAE
1087 223 1448 256 QUADmMESTREs

319 316 479 350 utatur
500 310 797 360 liberalitate,
820 321 915 349 non
936 309 1074 349 modo
1091 321 1185 349 non
1202 308 1502 361 defatigatur,
1527 310 1608 351 sed
1625 312 1831 362 quotidie
1853 312 1962 353 adii-

319 381 385 421 cit
406 381 546 421 etiam
573 380 748 432 aliquid
776 380 835 420 ad
858 381 1096 420 cumulum
1115 380 1341 432 pristinae
1368 381 1716 422 beneficentiae.
1739 382 1844 423 Duo
1866 383 1964 424 eius

318 451 506 502 fratres,
540 452 755 502 Enricus,
789 451 1054 492 Cardinalis
1084 451 1416 503 amplissimus,
1450 458 1494 492 et
1521 452 1806 504 Ludovicus,
1835 453 1962 494 Prin-

320 534 446 574 ceps,
471 534 577 563 cum
599 522 729 574 Rege
750 523 851 574 ipso
874 528 1056 563 certant
1077 522 1310 563 charitate
1333 523 1379 562 in
1401 535 1487 563 nos
1509 535 1685 564 omnes.

402 593 625 646 Superest
641 600 691 634 ut
708 594 913 635 scribam
930 594 986 634 de
1003 594 1273 634 domesticis
1291 595 1700 646 occupationibus:
1723 596 1965 648 superiore

316 665 685 717 quadragesima
711 666 759 705 in
788 671 952 706 nostro
985 666 1157 717 templo
1188 665 1496 706 concionatus
1517 673 1587 706 est
1617 666 1672 706 R.
1709 666 1757 707 P.
1794 667 1963 709 Carne-

319 738 416 777 rius
449 735 475 788 ¹,
507 736 682 777 Rector
716 742 899 787 noster3
937 736 986 777 P.
1026 748 1140 776 vero
1164 736 1402 778 Gonzalus
1424 736 1527 777 Vaz
1554 737 1601 777 in
1622 738 1802 779 duabus
1836 739 1964 780 urbis

317 809 456 849 huius
476 807 721 849 Parochiis
744 819 918 860 magna
938 808 1096 860 populi
1116 807 1395 859 frequentia.
1419 807 1561 849 Domi
1582 809 1834 850 audiuntur
1856 822 1961 851 con—

317 880 548 920 fessiones
574 881 762 920 multae.
794 879 847 920 R.
878 879 927 920 P.
958 879 1126 929 Miron‚
1150 884 1249 919 tum
1270 879 1317 919 in
1346 891 1538 920 carcere
1566 880 1767 932 vinctos,
1800 887 1898 922 tum
1918 882 1966 922 in

318 951 605 991 nosocomiis
626 957 862 1002 aegrotos,
888 951 1208 1002 superioribus
1231 950 1393 990 diebus
1417 951 1668 1002 aliquoties
1700 952 1758 992 ad
1784 953 1959 1004 patien-

319 1022 434 1062 tiam
454 1028 523 1062 est
540 1022 833 1062 adhortatus.
853 1021 969 1062 Illud
988 1022 1130 1061 etiam
1150 1021 1371 1073 occurrit,
1391 1021 1515 1073 quod
1532 1023 1851 1064 nobilissimus
1868 1024 1963 1075 qui-

316 1094 428 1133 ·dam
456 1093 530 1134 vir
558 1099 602 1134 et
631 1093 791 1145 magni
826 1093 1030 1133 nominis
1065 1093 1111 1132 in
1145 1093 1392 1133 Lusitania
1426 1093 1623 1144 singulis
1657 1093 1964 1136 hebdomadis

319 1164 501 1205 accedit
520 1165 579 1205 ad
597 1163 1311 1205 sacrosanctamEucharistiam
1330 1175 1437 1204 cum
1453 1171 1585 1205 tanto
1604 1165 1746 1206 animi
1760 1165 1962 1218 fervore,

318 1243 368 1276 ut
389 1248 495 1276 eum
516 1236 632 1276 satis
654 1242 882 1287 appareat
912 1247 1018 1276 cum
1047 1246 1221 1286 magna
1254 1236 1330 1275 siti
1359 1237 1585 1276 accedere
1616 1236 1675 1276 ad
1702 1238 1963 1278 misericor-

316 1307 423 1348 diae
444 1307 634 1348 fontem.
659 1306 708 1347 P.
739 1306 891 1347 Miron
920 1306 1149 1347 iuventuti
1177 1307 1319 1347 etiam
1347 1307 1537 1348 divinae
1563 1308 1682 1359 legis
1708 1315 1964 1361 praecepta

317 1385 508 1419 enarrat
524 1379 571 1419 in
594 1380 741 1419 altero
762 1378 1036 1430 gymnasio;
1059 1390 1170 1418 nam
1191 1389 1363 1430 pueros
1385 1390 1546 1419 omnes
1562 1379 1609 1419 in
1627 1380 1773 1420 altero
1795 1380 1963 1421 docere

314 1450 470 1502 coepit
492 1450 545 1490 R.
568 1450 617 1490 P.
642 1449 821 1490 Doctor
843 1449 1030 1500 Torres‚
1055 1449 1134 1501 qui
1160 1449 1296 1489 nobis
1318 1450 1532 1490 omnibus
1553 1461 1726 1502 magno
1749 1452 1963 1503 exemplo

318 1527 389 1562 est
411 1522 470 1561 ad
497 1520 689 1561 Domini
718 1521 867 1561 nostri
887 1520 998 1574 Jesu
1022 1520 1197 1561 Christi
1223 1521 1534 1561 humilitatem
1555 1522 1844 1573 imitandam,
1869 1535 1963 1563 am-

320 1593 618 1645 plectendam
639 1599 779 1644 atque
799 1604 882 1644 per
905 1604 1089 1632 omnem
1110 1592 1258 1632 vitam
1278 1591 1291 1610 ‘⁶'
1315 1593 1702 1634 exosculandam.

399 1664 529 1704 Haec
552 1664 720 1715 scripsi
740 1664 955 1714 carptim.
990 1663 1190 1704 Oramus
1212 1670 1341 1704 tuam
1368 1663 1709 1705 paternitatem
1736 1671 1786 1706 ut
1812 1667 1962 1707 nostri

321 1748 506 1788 semper
522 1736 586 1776 sis
607 1747 788 1775 memor
810 1740 917 1775 ante
938 1735 1129 1775 Domini
1149 1742 1467 1787 conspectum.

402 1807 541 1847 Anno
581 1807 639 1847 ab
685 1806 992 1847 humanitatis
1037 1807 1187 1847 salute
1230 1806 1446 1857 MDLHI,
1495 1807 1693 1860 septimo
1739 1808 1960 1849 calendas

320 1879 484 1919 Maias.

376 2041 386 2060 ¹
426 2040 590 2068 Melchior
604 2039 778 2072 Carneim,
788 2041 843 2075 qui
855 2040 983 2068 Rector
996 2039 1138 2075 Collegii
1152 2039 1337 2067 Eborensis
1349 2040 1479 2074 primus
1491 2040 1616 2075 fuerat,
1633 2046 1666 2069 et
1678 2049 1792 2069 mense
1808 2041 1958 2070 Februa-

319 2088 372 2115 rio
388 2089 635 2125 Ulysipponam
650 2090 840 2116 translatus
861 2089 922 2116 fuit
940 2092 976 2115 ut
998 2089 1071 2115 loco
1093 2087 1209 2115 Patris
1223 2087 1353 2115 Urbani
1376 2087 1576 2116 Fernandez
1595 2088 1746 2123 Collegio
1762 2089 1879 2117 Sancti
1894 2090 1960 2117 An-

318 2137 403 2163 tonii
419 2140 586 2171 praesset.
603 2136 690 2163 Vide
706 2136 876 2168 Poimen),
892 2136 1094 2167 Clzrom‘con,
1110 2140 1133 2163 t.
1149 2143 1199 2169 111,
1215 2143 1294 2170 pag.
1310 2135 1373 2170 422,
1389 2143 1419 2162 n.
1436 2136 1498 2162 935.

375 2184 388 2202 ‘-'
426 2183 488 2211 Hic
504 2183 643 2218 explicit
658 2184 849 2218 exemplum
866 2182 1022 2217 primum,
1039 2182 1126 2217 quod
1141 2182 1393 2216 autographum
1410 2186 1579 2216 putamus.
