2168 3437
889 239 972 277 AN.
1004 239 1096 276 1553
1735 240 1803 276 419

177 350 308 378 scere
330 337 528 389 amplius
547 337 673 377 nullo
694 336 831 377 modo
852 343 1031 388 posset,
1062 336 1345 388 poenitentia
1368 337 1553 387 ductus,
1577 336 1803 387 flagitium

178 421 312 450 suum
333 408 568 449 humiliter
589 414 658 449 est
679 407 935 448 confessus.
959 408 1016 448 Et
1037 420 1094 448 ne
1123 408 1291 448 iterum
1317 408 1364 447 in
1392 408 1516 448 idem
1542 408 1717 447 crimen
1739 408 1801 447 in-

179 479 362 520 cidendi
383 492 409 519 a
432 479 659 519 daemone
688 479 843 530 aliqua
873 479 1307 519 subministraretur
1338 478 1545 527 occasio,
1569 478 1697 518 illam
1718 478 1806 518 sibi

178 551 437 601 legitimam
459 550 708 600 coniugem
729 549 984 600 copulavit.

254 620 434 661 Verum
455 620 699 660 cuiusdam
720 631 910 659 maurae
933 620 1289 660 conversionem
1304 619 1375 660 fas
1392 632 1487 661 non
1507 619 1516 639 ¹
1535 626 1604 661 est
1622 621 1805 660 silentio

178 691 449 742 praeterire.
473 690 602 741 Quae
624 701 730 730 cum
751 690 829 729 diu
850 689 897 729 in
918 689 1189 730 infidelitate
1220 701 1305 730 sua
1333 691 1567 731 obstinata
1593 703 1805 742 perman-

181 763 339 812 sisset,
377 760 619 801 cuiusdam
650 760 805 800 Patris
841 760 1047 800 excitata
1081 761 1395 810 sermonibus,
1432 762 1497 802 ita
1531 762 1614 801 fuit
1647 762 1807 802 divina

181 832 479 873 miseratione
494 837 789 882 compuncta,
807 837 856 870 ut
868 831 991 870 intra
1006 843 1183 882 paucos
1200 843 1227 870 a
1245 833 1552 872 conversione
1569 833 1668 872 dies
1686 833 1810 872 sacri

182 903 401 955 baptismi
421 902 626 953 gratiam
647 907 933 952 consequuta
955 901 1027 941 sit.
1056 901 1114 941 Et
1141 913 1260 952 quae
1282 901 1484 942 Satanae
1506 904 1809 955 reliquorum-

183 985 270 1026 que
310 973 591 1013 daemonum
628 972 779 1012 fuerat
815 972 1147 1023 diversorium,
1187 972 1351 1012 effecta
1388 979 1456 1013 est
1493 974 1642 1013 sancti
1672 972 1808 1025 Spus.

182 1045 552 1085 tabernaculum.
590 1042 680 1083 Sed
709 1055 781 1083 me
811 1043 1110 1093 obliviosum,
1144 1054 1202 1082 ne
1233 1043 1387 1083 dicam
1421 1044 1679 1094 ingratum,
1717 1045 1810 1095 qui,

182 1115 291 1155 dum
310 1115 415 1166 plus
437 1126 585 1165 aequo
608 1114 654 1153 in
671 1113 878 1153 externis
900 1113 1144 1164 immoror,
1166 1113 1473 1154 domesticum
1487 1115 1598 1154 illud
1616 1115 1812 1154 miracu-

182 1188 276 1226 lum
301 1185 400 1236 (cur
421 1185 543 1225 enim
565 1185 611 1225 in
633 1192 729 1225 tam
744 1184 975 1236 stupendo
991 1184 1080 1225 Dei
1095 1197 1234 1236 opere
1251 1185 1296 1224 id
1311 1186 1529 1225 vocabuli
1546 1185 1813 1236 refugiam?)

186 1268 305 1308 pene
326 1256 678 1308 praeterieram.

265 1327 484 1368 Pervenit
512 1327 684 1377 (credo)
715 1326 774 1367 ad
805 1338 941 1366 aures
969 1326 1022 1366 R.
1052 1326 1102 1366 P.
1126 1327 1178 1367 T.
1202 1326 1296 1366 iam
1318 1339 1345 1366 a
1371 1327 1528 1367 multis
1556 1328 1693 1378 plane
1723 1328 1813 1368 die-

180 1399 267 1438 bus
286 1398 435 1438 nostri
456 1398 663 1438 Thomae
685 1398 732 1437 in
760 1397 1120 1438 Machometana
1149 1398 1386 1449 impietate
1417 1398 1653 1438 obstinata
1683 1399 1815 1450 perfi-

183 1470 259 1510 dia
278 1468 307 1507 ².
332 1469 462 1521 Quae
483 1469 670 1521 quidem
689 1468 864 1520 quanta
884 1469 1022 1509 fuerit
1048 1469 1123 1509 vel
1153 1481 1210 1509 ex
1238 1470 1339 1521 ipso
1368 1470 1477 1510 licet
1504 1475 1714 1521 tempore
1741 1482 1814 1510 co-

180 1552 430 1593 gnoscere,
454 1552 544 1592 quo
567 1547 635 1580 est
663 1540 708 1580 in
735 1540 824 1580 hoc
852 1546 1016 1581 nostro
1046 1540 1255 1592 Collegio
1285 1552 1392 1581 cum
1422 1541 1583 1581 fribus.
1615 1552 1815 1581 commo·

184 1618 330 1652 ratus.
369 1611 488 1652 Nam
522 1622 628 1652 cum
663 1618 784 1651 esset
818 1611 912 1651 iam
944 1612 1195 1651 triennium
1230 1624 1374 1663 prope
1409 1613 1614 1663 lapsum,
1647 1612 1693 1651 in
1727 1624 1818 1663 quo

182 1694 332 1735 neque
372 1683 654 1735 quotidianis
688 1683 952 1723 hortatibus
988 1688 1125 1734 atque
1161 1683 1382 1733 stimulis,
1419 1695 1569 1735 neque
1609 1683 1725 1723 fusis
1760 1683 1820 1723 ad

182 1754 354 1794 Dnum.
383 1754 569 1794 assidue
591 1754 808 1806 precibus
834 1754 933 1793 eius
961 1754 1319 1794 conversionem
1344 1755 1582 1805 postulare
1617 1754 1819 1794 desitum

184 1832 275 1877 est,
311 1826 393 1866 vix
431 1831 588 1865 tamen
628 1824 953 1865 conversionis
988 1824 1035 1864 in
1069 1836 1123 1864 eo
1158 1825 1412 1876 vestigium
1451 1831 1552 1865 erat
1591 1825 1818 1865 invenire.

185 1897 340 1948 Quare
360 1908 454 1936 non
476 1896 645 1936 iniuria
665 1896 871 1936 Thomas
888 1895 980 1935 dici
996 1901 1200 1947 poterat,
1220 1895 1309 1935 hoc
1332 1901 1401 1935 est
1420 1896 1639 1947 abyssus,
1659 1896 1820 1947 iniqui-

185 1969 295 2009 tatis
330 1968 550 2009 videlicet
590 1973 727 2019 atque
758 1967 1055 2007 miseriarum
1095 1967 1325 2017 omnium,
1366 1967 1507 2007 immo
1548 1967 1821 2007 iucundissi-

186 2051 312 2080 mum
339 2039 511 2080 diaboli
540 2038 825 2079 domicilium
852 2037 881 2076 ³.
910 2037 1249 2078 Verumtamen
1271 2038 1327 2078 ob
1360 2038 1406 2078 id
1431 2050 1671 2090 nunquam
1699 2049 1820 2089 spes,

187 2123 213 2151 a
234 2110 458 2151 fratribus
481 2111 591 2151 olim
611 2121 750 2161 super
772 2110 869 2150 eius
900 2109 1210 2150 conversione
1243 2115 1492 2161 concepta,
1516 2109 1664 2150 valuit
1701 2109 1823 2149 debi-

186 2182 330 2231 litari,
353 2181 525 2222 nedum
545 2181 770 2232 extingui.
795 2180 1012 2231 Quinimo
1038 2186 1170 2220 tanta
1192 2180 1263 2220 sui
1291 2181 1447 2220 cordis
1476 2180 1647 2220 duritia
1678 2181 1822 2220 maio-

186 2264 261 2293 res
282 2252 482 2292 addebat
502 2252 549 2292 in
570 2252 778 2303 singulos
811 2252 909 2292 dies
936 2252 1148 2292 stimulos
1175 2252 1234 2292 ad
1261 2252 1620 2303 supplicandum
1647 2263 1733 2303 pro
1766 2263 1821 2292 eo

188 2322 616 2364 misericordiarum
662 2322 849 2363 Patrem
888 2335 978 2375 quo
1018 2324 1154 2363 solita
1200 2323 1500 2363 miseratione
1543 2322 1826 2363 famulorum

187 2406 379 2435 suorum
401 2394 656 2434 lachrimas
683 2394 932 2434 miseratus
962 2394 1212 2445 aspiceret,
1245 2394 1542 2445 animamque
1565 2394 1716 2444 illam,
1739 2405 1824 2445 pro

189 2477 280 2517 qua
299 2465 688 2517 pretiosissimum
709 2465 987 2515 sanguinem
1008 2476 1143 2505 suum
1164 2464 1412 2515 effuderat,
1437 2465 1666 2516 propitius
1693 2463 1752 2504 ad
1774 2476 1824 2505 se

189 2542 500 2577 converteret.
524 2534 684 2586 Neque
705 2547 811 2587 spes
832 2535 910 2576 illa
930 2547 1016 2576 nos
1036 2535 1210 2576 fefellit.
1236 2535 1467 2576 Paulatim
1495 2547 1696 2587 namque
1725 2547 1825 2575 coe-

189 2608 257 2660 pit
290 2607 389 2647 eius
424 2607 607 2647 animus
643 2606 802 2646 divina
836 2607 1009 2647 virtute
1041 2607 1229 2658 molliri,
1267 2613 1311 2647 et
1345 2606 1635 2658 profundiori
1667 2617 1827 2646 secum

191 2678 490 2719 meditatione
510 2682 821 2729 pertractare,
854 2689 973 2729 quae
993 2678 1081 2718 sibi
1102 2677 1353 2730 aliquando
1377 2678 1433 2717 de
1454 2677 1711 2717 christiana
1735 2676 1825 2717 fide

191 2750 484 2800 dicebantur,
506 2748 661 2789 Patris
682 2754 819 2800 atque
839 2748 1038 2789 fratrum
1058 2748 1228 2800 vitam,
1262 2748 1393 2789 cuius
1414 2748 1590 2788 tamdiu
1619 2748 1827 2799 prudens

192 2821 343 2861 fuerat
376 2820 667 2872 explorator,
699 2819 745 2858 in
777 2824 980 2859 mentem
1005 2831 1248 2860 revocare.
1288 2818 1465 2869 Quibus
1499 2819 1711 2859 omnibus
1747 2819 1826 2859 mi-

249 2956 261 2976 ¹
302 2963 452 2990 aequum
468 2963 534 2983 non
548 2959 610 2983 est.
628 2955 804 2982 Polancus.

249 3004 262 3024 2
298 3003 387 3031 Vide
403 3011 518 3038 supra,
531 3011 609 3038 pag.
632 3002 694 3029 320.

253 3052 266 3072 5
310 3050 463 3084 Quatuor
476 3051 562 3079 haec
577 3054 750 3085 postrema
765 3051 872 3078 verba
887 3050 1075 3085 suppressit
1090 3050 1268 3079 Polancus.
