2168 3437
368 283 419 321 30
885 283 1112 320 LITTERAE
1138 291 1498 325 QUADRIMESTRES

367 381 589 432 quamvis
617 380 869 420 multorum
905 379 1182 419 audiverint.
1217 378 1327 429 Egit
1357 376 1496 418 Pater
1527 383 1576 418 ut
1605 389 1664 418 ex
1691 378 1794 418 aliis
1825 391 2010 431 quoque

371 451 674 502 religionibus
695 451 869 502 aliquot
899 450 1170 490 sacerdotes
1198 449 1511 499 mitterentur,
1543 448 1666 500 quod
1696 461 1803 489 cum
1831 449 2009 490 factum

343 549 346 552 »
369 521 557 572 fuisset,
578 521 675 561 fere
696 533 857 562 omnes
878 520 1130 571 carcerati,
1165 520 1243 572 qui
1273 530 1386 559 sane
1412 519 1544 559 multi
1574 525 1728 570 erant,
1755 519 2009 572 jubilaeum

372 599 669 644 acceperunt.

450 663 554 704 Non
584 663 960 703 commemorabo
990 663 1226 714 virgines,
1265 673 1385 714 quae
1418 661 1491 701 his
1525 661 1687 701 diebus
1717 661 1819 701 Deo
1854 674 1904 702 se
1933 662 2006 702 de-

370 740 618 774 voverunt.
660 734 813 774 Taceo
855 740 966 785 quot
1006 732 1211 773 confessi
1254 732 1445 784 fuerint,
1488 732 1567 784 qui
1612 745 1639 772 a
1677 733 1835 773 multis
1873 733 2008 773 annis

363 804 462 856 jam
487 818 581 845 non
608 805 961 846 confitebantur.
998 805 1132 845 Multi
1161 816 1344 856 quoque
1378 803 1608 844 accedunt
1638 809 1688 844 ut
1721 804 1769 843 in
1797 810 2008 844 nostram

369 876 644 928 religionem
664 876 966 928 recipiantur,
1003 887 1120 927 quos
1142 881 1191 915 ut
1211 887 1306 915 non
1334 874 1592 927 rejicimus,
1617 875 1680 914 ita
1702 886 1789 914 nec
1811 875 2007 916 admitti-

371 958 497 998 mus,
539 947 620 987 sed
654 947 762 998 quid
797 948 991 999 quisque
1026 947 1184 987 valeat
1220 946 1594 996 consideranteS‚
1637 957 1752 997 quos
1794 946 2009 986 meliores

360 1016 755 1069 judicaverimus,
781 1030 887 1058 cum
914 1018 1123 1068 licuerit,
1159 1017 1422 1068 cogitamus
1452 1017 1683 1067 recipere,
1715 1017 1861 1057 satius
1891 1018 2010 1057 arbi-

370 1090 481 1129 trati
506 1090 639 1129 bonis
671 1101 810 1141 quam
839 1090 994 1129 multis
1022 1089 1286 1129 abundare:
1317 1100 1408 1140 qua
1437 1088 1485 1128 in
1519 1100 1569 1128 re
1597 1088 1840 1140 hucusque
1870 1089 2008 1140 pluri-

371 1172 498 1201 mum
517 1161 652 1201 nobis
673 1161 801 1200 Deus
822 1160 997 1200 favisse
1026 1160 1225 1210 videtur,
1261 1165 1310 1199 ut
1339 1160 1573 1200 neminem
1600 1159 1753 1199 adhuc
1782 1161 2008 1212 receperi-

371 1243 495 1282 mUS,
542 1244 680 1284 quem
719 1232 955 1283 recepisse
1003 1243 1283 1283 quemquam
1324 1237 1537 1271 nostrum
1583 1238 1709 1271 certe
1754 1232 2005 1282 poeniteat.

371 1302 544 1343 Omnes
574 1304 720 1354 enim,
751 1303 827 1354 qui
855 1303 1063 1353 student,
1094 1303 1142 1342 in
1170 1302 1335 1354 spiritu
1366 1308 1410 1342 et
1439 1303 1606 1342 litteris
1633 1303 1906 1354 proficiunt;
1941 1315 2009 1343 re-

370 1374 483 1425 liqui
520 1385 605 1414 suo
652 1374 824 1426 quique
867 1374 1071 1424 muneri,
1115 1373 1315 1425 Spiritus
1349 1372 1509 1413 Sancti
1543 1373 1719 1424 gratia,
1761 1373 2009 1424 diligenter

371 1445 679 1486 satisfaciunt.
710 1444 813 1485 Non
839 1445 1043 1485 scribam
1078 1443 1126 1484 P.
1162 1445 1214 1484 T.
1249 1455 1389 1496 quam
1423 1444 1498 1484 hic
1531 1444 1800 1496 frequentes
1827 1445 1919 1485 sint
1948 1445 2007 1485 ad

367 1516 634 1566 conciones,
659 1528 777 1568 quae
799 1516 960 1556 diebus
980 1515 1111 1555 festis
1133 1521 1177 1555 et
1198 1515 1459 1566 dominicis,
1484 1523 1528 1555 et
1549 1516 1772 1555 lectiones
1793 1516 2005 1567 Evange-

370 1587 418 1627 lii
447 1587 559 1628 Divi
585 1587 832 1637 Matthaei,
857 1598 976 1639 quae
998 1587 1196 1637 singulis
1219 1587 1382 1626 diebus
1404 1586 1590 1627 veneris
1621 1587 1668 1626 in
1695 1593 1857 1627 nostro
1881 1586 2008 1639 [tem-

370 1658 463 1710 plo]
486 1659 649 1699 haberi
671 1660 836 1698 solent.
863 1658 1055 1709 Quoties
1077 1664 1233 1698 autem
1255 1658 1384 1698 viros
1405 1663 1450 1697 et
1470 1658 1688 1697 mulieres
1709 1658 1872 1698 videas
1901 1658 2008 1698 effu-

370 1730 434 1770 sis
455 1730 713 1782 lachrymis
743 1741 924 1770 summa
953 1741 1059 1769 cum
1087 1728 1336 1769 devotione
1365 1729 1605 1780 suscipere
1632 1727 2007 1770 Sacramentum!

365 1800 472 1852 Qua
505 1802 553 1841 in
579 1813 628 1841 re
658 1801 762 1852 quis
791 1812 887 1841 non
913 1800 1119 1851 gaudeat
1156 1805 1199 1839 et
1230 1800 1449 1840 laetetur?
1478 1799 1667 1840 Vacant
1702 1800 2007 1852 orationibus,

369 1872 641 1912 incumbunt
658 1871 866 1924 Jejuniis,
890 1882 1122 1923 pauperes
1154 1870 1522 1911 misericorditer
1543 1871 1760 1922 visitant,
1786 1878 1830 1911 et
1851 1883 1945 1924 eos,
1970 1872 2010 1912 si

369 1944 742 1995 aegrotaverint,
777 1943 1097 1983 amantissime
1133 1947 1361 1992 tractant,
1394 1943 1706 1994 eleemosynis
1742 1943 2007 1995 sublevant;

368 2015 483 2055 nihil
503 2015 701 2066 denique
721 2014 980 2065 refugiunt,
1007 2013 1130 2065 quod
1151 2024 1232 2064 per
1255 2024 1335 2052 eos
1356 2012 1457 2053 fieri
1477 2014 1641 2064 possit.

446 2085 516 2126 De
551 2085 717 2125 studiis
751 2085 866 2124 nihil
908 2084 980 2124 his
1020 2084 1186 2123 litteris
1226 2094 1393 2134 agam,
1439 2095 1559 2135 quae
1593 2083 1802 2124 nondum
1841 2091 2007 2136 coepta

370 2162 498 2208 sunt,
524 2155 740 2208 quamvis
762 2166 945 2206 semper
967 2154 1141 2205 aliquid
1162 2154 1209 2194 in
1230 2154 1427 2205 singulis
1457 2155 1686 2195 classibus
1714 2156 1885 2196 lectum
1914 2156 2007 2196 fue-

370 2228 443 2268 rit.
480 2227 582 2267 Hoc
617 2232 773 2266 autem
803 2237 925 2265 anno
957 2224 1142 2276 quando
1177 2224 1402 2264 lectiones
1435 2231 1629 2276 coeptae
1658 2226 1849 2277 fuerint,
1884 2228 2009 2279 quod

369 2299 502 2338 brevi
522 2298 618 2348 fiet,
642 2298 741 2338 fore
763 2308 1005 2349 speramus
1026 2302 1076 2336 ut
1097 2296 1228 2336 multi
1249 2296 1295 2335 in
1316 2295 1553 2347 hebraeis,
1578 2297 1765 2347 graecis
1787 2305 1831 2338 et
1852 2299 2009 2339 latinis

369 2370 536 2410 litteris
558 2370 684 2410 docti
705 2368 923 2408 evadant.
961 2368 1169 2419 Cumque
1198 2367 1286 2406 hoc
1316 2367 1372 2406 de
1400 2367 1503 2407 aliis
1528 2368 1817 2420 pollicemur,
1850 2370 1888 2409 si
1916 2376 2007 2410 stu-

370 2441 574 2491 duerint,
607 2440 809 2480 maxime
845 2440 901 2479 de
929 2439 1199 2478 domesticis
1234 2438 1584 2490 promittemus,
1617 2451 1731 2491 quos
1760 2440 2008 2492 diligenter

370 2512 537 2552 studiis
559 2512 892 2563 invigilaturos
914 2516 1043 2550 certo
1066 2510 1254 2550 scimus.

453 2582 544 2623 Sed
570 2583 705 2634 quid?
739 2594 928 2623 mauros
956 2582 1080 2621 enim
1108 2581 1223 2621 duos
1256 2581 1500 2632 praeterii,
1538 2582 1616 2633 qui
1649 2594 1676 2622 a
1706 2582 1912 2633 Prorege
1948 2583 2008 2622 ad

370 2665 456 2694 nos
477 2654 628 2702 missi,
653 2665 759 2694 cum
780 2654 827 2693 in
856 2653 945 2692 fide
974 2657 1198 2704 quantum
1220 2653 1426 2703 oportuit
1457 2653 1656 2693 instituti
1686 2653 1905 2705 fuissent,
1930 2653 2006 2693 ba-

371 2725 533 2776 ptizati
554 2732 681 2765 sunt:
707 2725 763 2764 de
781 2724 946 2776 quibus
968 2724 1025 2763 ob
1047 2734 1150 2762 eam
1173 2734 1365 2762 causam
1386 2724 1589 2764 maxime
1610 2725 1726 2764 bene
1745 2735 2004 2776 speramus,

371 2796 495 2847 quod
524 2808 550 2835 a
581 2796 770 2846 Tui-cis,
802 2808 828 2834 a
859 2794 1022 2846 quibus
1049 2793 1174 2846 capti
1205 2800 1359 2844 erant,
1386 2794 1445 2834 ad
1472 2807 1557 2834 nos
1585 2801 1634 2835 ut
1656 2796 2007 2846 baptizarentur

366 2865 698 2917 confugerunt.
728 2866 869 2917 quue
897 2866 961 2904 ita
988 2875 1112 2915 csse,
1143 2864 1340 2915 laetitia,
1379 2877 1519 2916 quam
1556 2877 1670 2916 prae
1699 2878 1748 2906 se
1777 2866 2003 2917 ferebant,

372 2938 593 2990 quamdiu
615 2938 738 2989 apud
767 2949 852 2977 nos
874 2937 1080 2987 fuerunt,
1106 2942 1265 2987 aperte
1287 2936 1662 2977 demonstrabat:
1687 2944 1731 2977 et
1752 2949 1877 2977 nunc
1898 2949 2004 2989 quo-

372 3021 460 3061 que
481 3009 528 3048 in
555 3008 735 3048 Palatio
756 3020 849 3047 non
870 3008 1022 3047 minus
1044 3007 1152 3047 laeti
1179 3007 1402 3047 serviunt.
1435 3007 1523 3058 Qui
1553 3007 1662 3047 fecit
1693 3015 1742 3048 ut
1763 3014 2003 3048 converte-

373 3085 553 3131 rentur,
577 3080 641 3119 ita
663 3090 742 3119 eos
764 3078 1039 3118 corroboret
1059 3083 1108 3117 ut
1128 3089 1274 3129 usque
1297 3078 1343 3117 in
1364 3077 1501 3117 finem
1524 3086 1841 3128 perseverent.
