2168 3437
390 253 459 289 150
902 252 1130 288 LITTERAE
1157 262 1514 294 QUADRniEsrRsss

389 349 602 400 profecto
637 349 875 400 superbia,
907 360 998 400 qua
1028 348 1180 388 Deum
1208 360 1326 400 puro
1356 348 1496 388 corde
1524 348 1909 389 honorificentius
1945 349 2034 389 coli

391 420 702 461 contendunt!

471 491 644 531 Multae
672 497 798 531 certe
827 490 925 542 spei
957 490 1091 530 nobis
1127 490 1203 530 hic
1233 491 1403 530 ostium
1430 497 1642 542 apertum
1673 496 1742 531 est
1777 491 2033 542 messisque

390 562 746 613 copiosissimae
776 562 821 601 in
850 562 1007 602 herbis
1033 562 1222 602 ubertas
1257 567 1466 613 apparet.
1500 562 1859 602 Confunduntur
1888 562 2031 602 iunio-

392 644 467 672 res
488 633 535 672 in
556 633 717 684 pravis
748 633 844 673 suis
876 633 1288 673 consuetudinibus
1321 632 1502 683 (contra
1533 645 1649 684 quas
1680 633 1820 673 etiam
1850 633 2033 685 publice

393 715 553 743 sumus
574 703 881 755 concionati),
905 704 1305 755 superfluitatibus
1326 715 1573 755 rerumque
1591 710 1857 744 creatarum
1878 704 2028 744 abusi-

390 775 497 825 bUS,
521 775 745 827 temporis
767 775 823 815 ob
846 775 1139 827 iniquitatem
1164 774 1463 825 introductis,
1495 787 1614 826 quae
1644 776 1720 814 vel
1750 775 2035 815 mordaciter

391 853 551 886 tenere
574 852 712 897 atque
734 845 983 886 defendere
1005 852 1257 895 conantur,
1290 846 1575 886 adducentes
1598 846 1790 886 Patrum
1818 858 2035 886 avorum-

393 928 482 968 que
520 922 839 967 monumenta‚
880 917 958 968 qui
992 917 1134 956 etiam
1170 916 1414 956 christiani
1453 916 1660 967 fuerunt,
1697 928 1783 956 nee
1819 917 2035 957 omnibus

393 994 550 1028 tamen
572 988 801 1028 abdicatis
829 987 1227 1039 superfluitatibus
1254 988 1514 1039 pomposis,
1546 988 1778 1028 conviviis
1808 994 1853 1027 et
1881 988 2037 1028 simili-

389 1059 479 1099 bus
499 1060 689 1110 spretis,
713 1059 851 1099 toties
874 1058 1123 1099 confitendi
1144 1058 1613 1111 communicandique
1631 1059 1795 1099 ritibus
1813 1059 2033 1099 observa-

392 1131 473 1180 tis,
501 1130 892 1182 quemadmodum
917 1142 1041 1170 nunc
1068 1131 1308 1180 volumus,
1339 1130 1584 1180 vixerunt,
1619 1137 1663 1170 et
1695 1142 1856 1170 omnes
1887 1142 2037 1182 regna

395 1201 614 1242 Tartaria
635 1202 823 1253 petiisse
844 1201 971 1241 dictu
992 1207 1116 1241 esset
1137 1201 1371 1241 horribile.
1404 1201 1455 1241 In
1482 1201 1554 1241 his
1576 1212 1774 1252 regnum
1796 1203 2035 1242 coelorum

397 1273 491 1313 vim
512 1273 609 1324 pati
631 1273 733 1324 quis
754 1272 969 1324 negabit?
986 1284 1013 1311 a
1032 1273 1218 1324 quibus,
1242 1273 1429 1312 nonnisi
1450 1272 1695 1312 confracta
1716 1279 1900 1321 natura,
1924 1273 1972 1312 vi
1995 1279 2038 1313 et

393 1344 638 1395 violentia,
662 1356 744 1396 per
774 1343 1024 1383 conciones
1046 1349 1088 1383 et
1110 1343 1429 1383 confessiones
1461 1343 1628 1383 abduci
1658 1350 1846 1395 queunt.
1878 1343 2036 1385 Senio-

393 1426 470 1455 res
491 1427 606 1456 Vero
628 1415 719 1455 hac
740 1417 899 1467 populi
927 1417 1184 1456 mutatione
1211 1415 1258 1455 in
1286 1421 1526 1467 stuporem
1556 1415 1825 1467 rapiuntur,
1850 1422 1899 1456 ut
1925 1414 2041 1456 mihi

395 1493 639 1527 narratum
659 1494 729 1527 est
750 1500 776 1527 a
797 1488 1061 1540 fidedignis,
1084 1488 1143 1528 ab
1165 1500 1284 1528 aevo
1306 1487 1505 1528 Lovanii
1536 1488 1636 1527 Visa
1657 1499 1751 1527 non
1773 1498 1875 1527 esse
1896 1488 1972 1526 vel
1994 1487 2040 1526 in

396 1558 686 1609 provectiori
708 1566 863 1600 aetate
883 1560 1006 1611 fieri,
1032 1571 1151 1612 quae
1173 1560 1266 1599 iam
1295 1559 1342 1599 in
1370 1559 1472 1611 ipsa
1500 1559 1744 1610 pubertate
1775 1569 1890 1609 erga
1926 1558 2039 1598 divi-

392 1642 506 1670 num
534 1631 709 1670 cultum
736 1643 830 1670 non
857 1632 957 1671 sine
984 1631 1183 1683 spiritali
1213 1631 1506 1670 recreatione
1539 1630 1750 1670 exerceri
1788 1629 2038 1670 cernimus.

398 1701 679 1741 Benedictus
714 1702 774 1742 sit
807 1702 904 1753 ille,
943 1702 1036 1754 qui,
1074 1713 1157 1753 per
1186 1702 1414 1742 vilissima
1436 1701 1743 1741 instrumenta
1766 1701 1839 1741 sui
1867 1700 2037 1752 operis,

398 1772 578 1812 maiora
599 1772 879 1824 quandoque
900 1773 1087 1824 operari
1108 1773 1342 1823 dignatur.
1363 1772 1449 1812 His
1471 1773 1627 1812 valeat
1647 1771 1751 1812 R.da
1773 1771 1830 1812 V.
1856 1771 1904 1811 Ρ.
1933 1783 2041 1812 nos-

394 1855 486 1894 que
508 1855 693 1895 semper
713 1844 811 1884 suis
833 1844 1123 1884 orationibus
1142 1844 1495 1884 commendatos
1515 1843 1687 1883 habere
1709 1843 1942 1894 dignetur.

480 1914 704 1965 Lovanii‚
752 1915 797 1954 17
853 1915 1086 1956 Calendas
1132 1915 1375 1965 februarii,
1427 1915 1542 1966 ipsis
1585 1913 1712 1954 feriis
1751 1912 1797 1954 S.
1839 1913 2034 1954 Antonii

399 1984 520 2026 Abb.
549 1985 662 2025 1553.

478 2056 537 2097 V.
563 2057 611 2097 Ρ.
637 2069 804 2097 servus
826 2057 1066 2108 indignus,

1327 2217 1583 2257 ARNOLDUS
1613 2216 1815 2257 HEZEUS.

481 2496 518 2537 Λ
578 2485 828 2526 Promotus
845 2485 919 2525 ille
936 2485 1115 2535 primus
1134 2484 1468 2525 Universitatis
1487 2484 1558 2534 (de
1575 2495 1666 2535 quo
1686 2482 1862 2534 supra),
1882 2482 2041 2522 civita-

400 2558 461 2597 tis
481 2557 578 2597 fere
600 2556 966 2609 potentissimus,
990 2567 1039 2595 se
1061 2555 1153 2595 iam
1172 2560 1320 2595 totum
1341 2555 1604 2606 resignavit
1624 2554 1856 2594 voluntati
1887 2553 2041 2594 Patris

400 2628 571 2679 nostri,
595 2634 790 2679 paratus
810 2627 1045 2678 proficisci
1069 2625 1078 2644 ¹
1102 2626 1404 2677 (parentibus,
1429 2626 1592 2666 amicis
1612 2632 1658 2665 et
1680 2625 1894 2665 omnibus
1915 2632 2039 2676 post-

399 2699 579 2751 positis)
602 2710 895 2751 quocumque
917 2704 1149 2738 terrarum
1167 2709 1272 2738 eum
1293 2698 1476 2738 mittere
1497 2697 1713 2737 voluerit.
1735 2697 1912 2737 Verum
1930 2707 2041 2748 quo-

401 2771 528 2810 niam
550 2770 784 2821 agendum
807 2770 894 2809 erit
916 2780 1021 2809 cum
1043 2768 1335 2820 parentibus,
1355 2768 1434 2820 qui
1452 2775 1500 2808 ut
1518 2768 1646 2808 iuxta
1663 2767 1886 2807 mundum
1903 2766 2041 2807 valde

402 2847 510 2881 sunt
531 2847 765 2892 potentes,
790 2841 853 2880 ita
884 2852 970 2880 nec
1001 2851 1199 2891 parvam
1231 2840 1288 2879 ab
1319 2839 1374 2879 iis
1406 2839 1699 2890 tragoediam
1721 2845 2039 2890 expectamus,

463 3073 472 3092 ¹
514 3073 700 3107 Proficisse
716 3073 851 3107 scripsit
871 3073 1051 3100 Arnoldus.
