<?xml version="1.0" encoding="UTF-8"?>
<!DOCTYPE html PUBLIC "-//W3C//DTD XHTML 1.0 Transitional//EN"
    "http://www.w3.org/TR/xhtml1/DTD/xhtml1-transitional.dtd">
<html xmlns="http://www.w3.org/1999/xhtml" xml:lang="en" lang="en">
 <head>
  <title>
</title>
<meta http-equiv="Content-Type" content="text/html;charset=utf-8" />
  <meta name='ocr-system' content='tesseract 3.04.00' />
  <meta name='ocr-capabilities' content='ocr_page ocr_carea ocr_par ocr_line ocrx_word'/>
</head>
<body>
  <div class='ocr_page' id='page_1' title='image "./litteraequadrime1402lain_0228.png"; bbox 0 0 2168 3437; ppageno 0'>
   <div class='ocr_carea' id='block_1_1' title="bbox 331 219 1465 262">
    <p class='ocr_par' dir='ltr' id='par_1_1' title="bbox 331 219 1465 262">
     <span class='ocr_line' id='line_1_1' title="bbox 331 219 1465 262; baseline 0.003 -6"><span class='ocrx_word' id='word_1_1' title='bbox 331 219 404 256; x_wconf 76' lang='lat'>224</span> <span class='ocrx_word' id='word_1_2' title='bbox 846 219 1072 257; x_wconf 83' lang='lat' dir='ltr'><strong>LITTERAE</strong></span> <span class='ocrx_word' id='word_1_3' title='bbox 1101 231 1465 262; x_wconf 78' lang='lat' dir='ltr'>QUADRIMESTRES</span> 
     </span>
    </p>
   </div>
   <div class='ocr_carea' id='block_1_2' title="bbox 329 317 1979 797">
    <p class='ocr_par' dir='ltr' id='par_1_2' title="bbox 329 317 1979 797">
     <span class='ocr_line' id='line_1_2' title="bbox 332 317 1979 371; baseline 0.003 -15"><span class='ocrx_word' id='word_1_4' title='bbox 332 322 519 368; x_wconf 89' lang='lat' dir='ltr'>perant,</span> <span class='ocrx_word' id='word_1_5' title='bbox 543 323 738 368; x_wconf 89' lang='lat' dir='ltr'>peccata</span> <span class='ocrx_word' id='word_1_6' title='bbox 760 328 846 357; x_wconf 87' lang='lat' dir='ltr'>sua</span> <span class='ocrx_word' id='word_1_7' title='bbox 866 318 1042 358; x_wconf 89' lang='lat' dir='ltr'>nostris</span> <span class='ocrx_word' id='word_1_8' title='bbox 1067 317 1286 358; x_wconf 85' lang='lat' dir='ltr'>Patribus</span> <span class='ocrx_word' id='word_1_9' title='bbox 1313 318 1597 365; x_wconf 89' lang='lat' dir='ltr'>confessuri,</span> <span class='ocrx_word' id='word_1_10' title='bbox 1622 320 1896 371; x_wconf 76' lang='lat' dir='ltr'>pollicentes</span> <span class='ocrx_word' id='word_1_11' title='bbox 1926 334 1979 362; x_wconf 85' lang='lat' dir='ltr'>se</span> 
     </span>
     <span class='ocr_line' id='line_1_3' title="bbox 332 388 1975 443; baseline 0.003 -16"><span class='ocrx_word' id='word_1_12' title='bbox 332 388 531 439; x_wconf 86' lang='lat' dir='ltr'>singulis</span> <span class='ocrx_word' id='word_1_13' title='bbox 565 388 822 440; x_wconf 79' lang='lat' dir='ltr'>quibusque</span> <span class='ocrx_word' id='word_1_14' title='bbox 857 389 1095 429; x_wconf 91' lang='lat' dir='ltr'>mensibus</span> <span class='ocrx_word' id='word_1_15' title='bbox 1132 388 1254 430; x_wconf 90' lang='lat' dir='ltr'>idem</span> <span class='ocrx_word' id='word_1_16' title='bbox 1289 401 1392 430; x_wconf 88' lang='lat' dir='ltr'>esse</span> <span class='ocrx_word' id='word_1_17' title='bbox 1425 390 1649 430; x_wconf 74' lang='lat' dir='ltr'>facturos,</span> <span class='ocrx_word' id='word_1_18' title='bbox 1687 391 1738 431; x_wconf 92' lang='lat' dir='ltr'>In</span> <span class='ocrx_word' id='word_1_19' title='bbox 1773 392 1975 443; x_wconf 88' lang='lat' dir='ltr'>quodam</span> 
     </span>
     <span class='ocr_line' id='line_1_4' title="bbox 331 459 1975 514; baseline 0.003 -16"><span class='ocrx_word' id='word_1_20' title='bbox 331 460 441 499; x_wconf 88' lang='lat' dir='ltr'>item</span> <span class='ocrx_word' id='word_1_21' title='bbox 470 459 560 499; x_wconf 90' lang='lat' dir='ltr'>alio</span> <span class='ocrx_word' id='word_1_22' title='bbox 588 460 818 510; x_wconf 86' lang='lat' dir='ltr'>nonnulli,</span> <span class='ocrx_word' id='word_1_23' title='bbox 855 460 932 512; x_wconf 87' lang='lat' dir='ltr'>qui</span> <span class='ocrx_word' id='word_1_24' title='bbox 959 472 1008 501; x_wconf 94' lang='lat' dir='ltr'>se</span> <span class='ocrx_word' id='word_1_25' title='bbox 1035 461 1240 501; x_wconf 86' lang='lat' dir='ltr'>invicem</span> <span class='ocrx_word' id='word_1_26' title='bbox 1275 461 1379 501; x_wconf 91' lang='lat' dir='ltr'>odio</span> <span class='ocrx_word' id='word_1_27' title='bbox 1408 461 1598 513; x_wconf 88' lang='lat' dir='ltr'>capitali</span> <span class='ocrx_word' id='word_1_28' title='bbox 1632 463 1975 514; x_wconf 89' lang='lat' dir='ltr'>prosequeban-</span> 
     </span>
     <span class='ocr_line' id='line_1_5' title="bbox 330 529 1973 586; baseline 0.004 -17"><span class='ocrx_word' id='word_1_29' title='bbox 330 536 425 581; x_wconf 89' lang='lat' dir='ltr'>tur,</span> <span class='ocrx_word' id='word_1_30' title='bbox 449 529 508 569; x_wconf 88' lang='lat' dir='ltr'>ad</span> <span class='ocrx_word' id='word_1_31' title='bbox 531 530 787 571; x_wconf 77' lang='lat' dir='ltr'>amicitiam</span> <span class='ocrx_word' id='word_1_32' title='bbox 808 532 1020 572; x_wconf 87' lang='lat' dir='ltr'>revocati</span> <span class='ocrx_word' id='word_1_33' title='bbox 1040 538 1163 572; x_wconf 88' lang='lat' dir='ltr'>sunt.</span> <span class='ocrx_word' id='word_1_34' title='bbox 1195 531 1266 572; x_wconf 91' lang='lat' dir='ltr'>De</span> <span class='ocrx_word' id='word_1_35' title='bbox 1296 532 1464 584; x_wconf 89' lang='lat' dir='ltr'>quibus</span> <span class='ocrx_word' id='word_1_36' title='bbox 1491 544 1611 572; x_wconf 90' lang='lat' dir='ltr'>unus</span> <span class='ocrx_word' id='word_1_37' title='bbox 1633 533 1680 573; x_wconf 91' lang='lat' dir='ltr'>in</span> <span class='ocrx_word' id='word_1_38' title='bbox 1701 535 1873 586; x_wconf 90' lang='lat' dir='ltr'>templo</span> <span class='ocrx_word' id='word_1_39' title='bbox 1894 546 1973 586; x_wconf 91' lang='lat' dir='ltr'>pu-</span> 
     </span>
     <span class='ocr_line' id='line_1_6' title="bbox 330 601 1978 657; baseline 0.003 -16"><span class='ocrx_word' id='word_1_40' title='bbox 330 601 448 642; x_wconf 86' lang='lat' dir='ltr'>blice</span> <span class='ocrx_word' id='word_1_41' title='bbox 469 601 656 642; x_wconf 84' lang='lat' dir='ltr'>veniam</span> <span class='ocrx_word' id='word_1_42' title='bbox 679 603 736 642; x_wconf 93' lang='lat' dir='ltr'>ab</span> <span class='ocrx_word' id='word_1_43' title='bbox 758 614 812 642; x_wconf 92' lang='lat' dir='ltr'>eo</span> <span class='ocrx_word' id='word_1_44' title='bbox 835 603 988 654; x_wconf 89' lang='lat' dir='ltr'>petiit,</span> <span class='ocrx_word' id='word_1_45' title='bbox 1012 603 1152 656; x_wconf 86' lang='lat' dir='ltr'>idque</span> <span class='ocrx_word' id='word_1_46' title='bbox 1174 603 1350 644; x_wconf 88' lang='lat' dir='ltr'>affatim</span> <span class='ocrx_word' id='word_1_47' title='bbox 1372 603 1678 644; x_wconf 85' lang='lat' dir='ltr'>defluentibus</span> <span class='ocrx_word' id='word_1_48' title='bbox 1700 605 1978 657; x_wconf 81' lang='lat' dir='ltr'>lachrymis,</span> 
     </span>
     <span class='ocr_line' id='line_1_7' title="bbox 329 672 1972 729; baseline 0.002 -17"><span class='ocrx_word' id='word_1_49' title='bbox 329 685 354 712; x_wconf 83' lang='lat' dir='ltr'>a</span> <span class='ocrx_word' id='word_1_50' title='bbox 377 684 469 724; x_wconf 93' lang='lat' dir='ltr'>quo</span> <span class='ocrx_word' id='word_1_51' title='bbox 489 672 643 714; x_wconf 89' lang='lat' dir='ltr'>fuerat</span> <span class='ocrx_word' id='word_1_52' title='bbox 665 673 862 715; x_wconf 86' lang='lat' dir='ltr'>affectus</span> <span class='ocrx_word' id='word_1_53' title='bbox 884 673 1074 726; x_wconf 88' lang='lat' dir='ltr'>injuria;</span> <span class='ocrx_word' id='word_1_54' title='bbox 1098 675 1144 715; x_wconf 92' lang='lat' dir='ltr'>id</span> <span class='ocrx_word' id='word_1_55' title='bbox 1165 674 1290 726; x_wconf 91' lang='lat' dir='ltr'>quod</span> <span class='ocrx_word' id='word_1_56' title='bbox 1311 675 1493 727; x_wconf 78' lang='lat' dir='ltr'>plebem</span> <span class='ocrx_word' id='word_1_57' title='bbox 1511 676 1783 716; x_wconf 82' lang='lat' dir='ltr'>universam</span> <span class='ocrx_word' id='word_1_58' title='bbox 1800 676 1860 716; x_wconf 90' lang='lat' dir='ltr'>ad</span> <span class='ocrx_word' id='word_1_59' title='bbox 1881 677 1972 729; x_wconf 89' lang='lat' dir='ltr'>pie-</span> 
     </span>
     <span class='ocr_line' id='line_1_8' title="bbox 329 744 1529 797; baseline 0.002 -13"><span class='ocrx_word' id='word_1_60' title='bbox 329 750 474 784; x_wconf 88' lang='lat' dir='ltr'>tatem</span> <span class='ocrx_word' id='word_1_61' title='bbox 495 750 539 784; x_wconf 92' lang='lat' dir='ltr'>et</span> <span class='ocrx_word' id='word_1_62' title='bbox 559 744 831 797; x_wconf 79' lang='lat' dir='ltr'>lachrymas</span> <span class='ocrx_word' id='word_1_63' title='bbox 853 746 1265 786; x_wconf 86' lang='lat' dir='ltr'>vehementissime</span> <span class='ocrx_word' id='word_1_64' title='bbox 1287 746 1529 787; x_wconf 87' lang='lat' dir='ltr'>excitavit.</span> 
     </span>
    </p>
   </div>
   <div class='ocr_carea' id='block_1_3' title="bbox 407 815 1980 869">
    <p class='ocr_par' dir='ltr' id='par_1_3' title="bbox 407 815 1980 869">
     <span class='ocr_line' id='line_1_9' title="bbox 407 815 1980 869; baseline 0.002 -14"><span class='ocrx_word' id='word_1_65' title='bbox 407 815 548 856; x_wconf 86' lang='lat' dir='ltr'>Pater</span> <span class='ocrx_word' id='word_1_66' title='bbox 568 828 682 856; x_wconf 84' lang='lat' dir='ltr'>vero</span> <span class='ocrx_word' id='word_1_67' title='bbox 703 816 761 857; x_wconf 90' lang='lat' dir='ltr'>D.</span> <span class='ocrx_word' id='word_1_68' title='bbox 788 816 1027 858; x_wconf 86' lang='lat' dir='ltr'>Gonzalus</span> <span class='ocrx_word' id='word_1_69' title='bbox 1050 817 1075 869; x_wconf 91' lang='lat'>¹,</span> <span class='ocrx_word' id='word_1_70' title='bbox 1099 824 1204 869; x_wconf 91' lang='lat' dir='ltr'>post</span> <span class='ocrx_word' id='word_1_71' title='bbox 1225 817 1402 869; x_wconf 81' lang='lat' dir='ltr'>aliquot</span> <span class='ocrx_word' id='word_1_72' title='bbox 1418 817 1690 857; x_wconf 84' lang='lat' dir='ltr'>Bracharae</span> <span class='ocrx_word' id='word_1_73' title='bbox 1707 823 1980 859; x_wconf 88' lang='lat' dir='ltr'>transactos-</span> 
     </span>
    </p>
   </div>
   <div class='ocr_carea' id='block_1_4' title="bbox 327 885 1976 1084">
    <p class='ocr_par' dir='ltr' id='par_1_4' title="bbox 327 885 1976 1084">
     <span class='ocr_line' id='line_1_10' title="bbox 327 885 1976 941; baseline 0.002 -15"><span class='ocrx_word' id='word_1_74' title='bbox 327 886 449 938; x_wconf 92' lang='lat' dir='ltr'>dies,</span> <span class='ocrx_word' id='word_1_75' title='bbox 474 885 814 938; x_wconf 87' lang='lat' dir='ltr'>Portugalliam</span> <span class='ocrx_word' id='word_1_76' title='bbox 835 888 848 907; x_wconf 73' lang='lat'>²</span> <span class='ocrx_word' id='word_1_77' title='bbox 870 888 936 929; x_wconf 86' lang='lat' dir='ltr'>ire</span> <span class='ocrx_word' id='word_1_78' title='bbox 954 888 1113 940; x_wconf 90' lang='lat' dir='ltr'>jussus</span> <span class='ocrx_word' id='word_1_79' title='bbox 1141 895 1230 937; x_wconf 82' lang='lat' dir='ltr'>est;</span> <span class='ocrx_word' id='word_1_80' title='bbox 1262 889 1327 929; x_wconf 91' lang='lat' dir='ltr'>ita</span> <span class='ocrx_word' id='word_1_81' title='bbox 1357 888 1457 929; x_wconf 89' lang='lat' dir='ltr'>fieri</span> <span class='ocrx_word' id='word_1_82' title='bbox 1484 889 1762 940; x_wconf 79' lang='lat' dir='ltr'>cogentibus</span> <span class='ocrx_word' id='word_1_83' title='bbox 1790 889 1976 941; x_wconf 85' lang='lat' dir='ltr'>incolis,</span> 
     </span>
     <span class='ocr_line' id='line_1_11' title="bbox 327 959 1974 1011; baseline 0.002 -13"><span class='ocrx_word' id='word_1_84' title='bbox 327 959 404 998; x_wconf 90' lang='lat' dir='ltr'>ubi</span> <span class='ocrx_word' id='word_1_85' title='bbox 426 964 470 998; x_wconf 89' lang='lat' dir='ltr'>et</span> <span class='ocrx_word' id='word_1_86' title='bbox 490 959 546 999; x_wconf 90' lang='lat' dir='ltr'>de</span> <span class='ocrx_word' id='word_1_87' title='bbox 568 959 641 999; x_wconf 88' lang='lat' dir='ltr'>die</span> <span class='ocrx_word' id='word_1_88' title='bbox 662 965 706 999; x_wconf 89' lang='lat' dir='ltr'>et</span> <span class='ocrx_word' id='word_1_89' title='bbox 728 959 784 1000; x_wconf 93' lang='lat' dir='ltr'>de</span> <span class='ocrx_word' id='word_1_90' title='bbox 804 966 941 1000; x_wconf 93' lang='lat' dir='ltr'>nocte</span> <span class='ocrx_word' id='word_1_91' title='bbox 963 966 1151 1001; x_wconf 84' lang='lat' dir='ltr'>strenue</span> <span class='ocrx_word' id='word_1_92' title='bbox 1180 961 1435 1011; x_wconf 82' lang='lat' dir='ltr'>laboravit,</span> <span class='ocrx_word' id='word_1_93' title='bbox 1468 966 1567 1001; x_wconf 90' lang='lat' dir='ltr'>tum</span> <span class='ocrx_word' id='word_1_94' title='bbox 1593 960 1640 1000; x_wconf 90' lang='lat' dir='ltr'>in</span> <span class='ocrx_word' id='word_1_95' title='bbox 1668 961 1974 1002; x_wconf 82' lang='lat' dir='ltr'>concionibus</span> 
     </span>
     <span class='ocr_line' id='line_1_12' title="bbox 328 1030 1974 1084; baseline 0.001 -14"><span class='ocrx_word' id='word_1_96' title='bbox 328 1036 468 1082; x_wconf 87' lang='lat' dir='ltr'>atque</span> <span class='ocrx_word' id='word_1_97' title='bbox 489 1030 892 1072; x_wconf 79' lang='lat' dir='ltr'>cohortationibus</span> <span class='ocrx_word' id='word_1_98' title='bbox 912 1032 1242 1082; x_wconf 86' lang='lat' dir='ltr'>familiaribus,</span> <span class='ocrx_word' id='word_1_99' title='bbox 1267 1039 1365 1073; x_wconf 88' lang='lat' dir='ltr'>tum</span> <span class='ocrx_word' id='word_1_100' title='bbox 1386 1033 1433 1072; x_wconf 90' lang='lat' dir='ltr'>in</span> <span class='ocrx_word' id='word_1_101' title='bbox 1458 1031 1704 1072; x_wconf 89' lang='lat' dir='ltr'>audiendis</span> <span class='ocrx_word' id='word_1_102' title='bbox 1735 1032 1974 1084; x_wconf 89' lang='lat' dir='ltr'>poeniten-</span> 
     </span>
    </p>
   </div>
   <div class='ocr_carea' id='block_1_5' title="bbox 327 1102 1989 1155">
    <p class='ocr_par' dir='ltr' id='par_1_5' title="bbox 327 1102 1989 1155">
     <span class='ocr_line' id='line_1_13' title="bbox 327 1102 1989 1155; baseline 0.001 -14"><span class='ocrx_word' id='word_1_103' title='bbox 327 1102 444 1142; x_wconf 91' lang='lat' dir='ltr'>tium</span> <span class='ocrx_word' id='word_1_104' title='bbox 474 1102 867 1154; x_wconf 87' lang='lat' dir='ltr'>confessionibus,</span> <span class='ocrx_word' id='word_1_105' title='bbox 890 1109 988 1144; x_wconf 90' lang='lat' dir='ltr'>tum</span> <span class='ocrx_word' id='word_1_106' title='bbox 1009 1104 1055 1144; x_wconf 93' lang='lat' dir='ltr'>in</span> <span class='ocrx_word' id='word_1_107' title='bbox 1082 1104 1457 1144; x_wconf 89' lang='lat' dir='ltr'>administrando</span> <span class='ocrx_word' id='word_1_108' title='bbox 1485 1115 1623 1144; x_wconf 88' lang='lat' dir='ltr'>sacro</span> <span class='ocrx_word' id='word_1_109' title='bbox 1645 1103 1989 1155; x_wconf 87' lang='lat' dir='ltr'>Eucharistiae</span> 
     </span>
    </p>
   </div>
   <div class='ocr_carea' id='block_1_6' title="bbox 318 1175 1977 2867">
    <p class='ocr_par' dir='ltr' id='par_1_6' title="bbox 319 1175 1977 2084">
     <span class='ocr_line' id='line_1_14' title="bbox 326 1175 1975 1227; baseline 0.001 -14"><span class='ocrx_word' id='word_1_110' title='bbox 326 1180 640 1214; x_wconf 88' lang='lat' dir='ltr'>sacramento.</span> <span class='ocrx_word' id='word_1_111' title='bbox 671 1175 916 1227; x_wconf 82' lang='lat' dir='ltr'>Tantoque</span> <span class='ocrx_word' id='word_1_112' title='bbox 944 1176 1132 1227; x_wconf 88' lang='lat' dir='ltr'>pietatis</span> <span class='ocrx_word' id='word_1_113' title='bbox 1160 1175 1314 1216; x_wconf 92' lang='lat' dir='ltr'>studio</span> <span class='ocrx_word' id='word_1_114' title='bbox 1342 1175 1575 1227; x_wconf 87' lang='lat' dir='ltr'>flagrabat</span> <span class='ocrx_word' id='word_1_115' title='bbox 1597 1175 1636 1215; x_wconf 91' lang='lat' dir='ltr'>is</span> <span class='ocrx_word' id='word_1_116' title='bbox 1657 1175 1877 1226; x_wconf 86' lang='lat' dir='ltr'>populus,</span> <span class='ocrx_word' id='word_1_117' title='bbox 1908 1182 1975 1225; x_wconf 87' lang='lat' dir='ltr'>ut,</span> 
     </span>
     <span class='ocr_line' id='line_1_15' title="bbox 325 1245 1977 1298; baseline 0.001 -13"><span class='ocrx_word' id='word_1_118' title='bbox 325 1245 435 1296; x_wconf 90' lang='lat' dir='ltr'>quia</span> <span class='ocrx_word' id='word_1_119' title='bbox 456 1246 677 1298; x_wconf 87' lang='lat' dir='ltr'>nequibat</span> <span class='ocrx_word' id='word_1_120' title='bbox 699 1247 834 1286; x_wconf 91' lang='lat' dir='ltr'>aliter</span> <span class='ocrx_word' id='word_1_121' title='bbox 857 1247 1072 1287; x_wconf 89' lang='lat' dir='ltr'>omnibus</span> <span class='ocrx_word' id='word_1_122' title='bbox 1093 1247 1392 1297; x_wconf 80' lang='lat' dir='ltr'>satisfacere,</span> <span class='ocrx_word' id='word_1_123' title='bbox 1427 1247 1545 1287; x_wconf 91' lang='lat' dir='ltr'>bene</span> <span class='ocrx_word' id='word_1_124' title='bbox 1577 1257 1800 1297; x_wconf 86' lang='lat' dir='ltr'>magnam</span> <span class='ocrx_word' id='word_1_125' title='bbox 1822 1246 1977 1286; x_wconf 89' lang='lat' dir='ltr'>noctis</span> 
     </span>
     <span class='ocr_line' id='line_1_16' title="bbox 325 1317 1973 1370; baseline 0.001 -14"><span class='ocrx_word' id='word_1_126' title='bbox 325 1322 509 1367; x_wconf 88' lang='lat' dir='ltr'>partem</span> <span class='ocrx_word' id='word_1_127' title='bbox 539 1317 937 1369; x_wconf 88' lang='lat' dir='ltr'>praemeditandis</span> <span class='ocrx_word' id='word_1_128' title='bbox 967 1318 1272 1358; x_wconf 88' lang='lat' dir='ltr'>concionibus</span> <span class='ocrx_word' id='word_1_129' title='bbox 1303 1325 1347 1358; x_wconf 90' lang='lat' dir='ltr'>et</span> <span class='ocrx_word' id='word_1_130' title='bbox 1377 1318 1594 1370; x_wconf 87' lang='lat' dir='ltr'>precibus</span> <span class='ocrx_word' id='word_1_131' title='bbox 1625 1317 1828 1357; x_wconf 88' lang='lat' dir='ltr'>horariis</span> <span class='ocrx_word' id='word_1_132' title='bbox 1859 1317 1973 1357; x_wconf 91' lang='lat' dir='ltr'>reci-</span> 
     </span>
     <span class='ocr_line' id='line_1_17' title="bbox 324 1387 1975 1441; baseline 0.001 -14"><span class='ocrx_word' id='word_1_133' title='bbox 324 1387 479 1428; x_wconf 89' lang='lat' dir='ltr'>tandis</span> <span class='ocrx_word' id='word_1_134' title='bbox 508 1387 606 1428; x_wconf 86' lang='lat' dir='ltr'>fere</span> <span class='ocrx_word' id='word_1_135' title='bbox 642 1400 826 1440; x_wconf 87' lang='lat' dir='ltr'>semper</span> <span class='ocrx_word' id='word_1_136' title='bbox 862 1389 1132 1441; x_wconf 89' lang='lat' dir='ltr'>impendere</span> <span class='ocrx_word' id='word_1_137' title='bbox 1164 1395 1426 1441; x_wconf 84' lang='lat' dir='ltr'>cogeretur.</span> <span class='ocrx_word' id='word_1_138' title='bbox 1460 1388 1759 1440; x_wconf 83' lang='lat' dir='ltr'>Quamquam</span> <span class='ocrx_word' id='word_1_139' title='bbox 1786 1400 1873 1429; x_wconf 94' lang='lat' dir='ltr'>nec</span> <span class='ocrx_word' id='word_1_140' title='bbox 1906 1389 1975 1429; x_wconf 89' lang='lat' dir='ltr'>sic</span> 
     </span>
     <span class='ocr_line' id='line_1_18' title="bbox 323 1459 1972 1512; baseline 0.001 -14"><span class='ocrx_word' id='word_1_141' title='bbox 323 1459 511 1511; x_wconf 91' lang='lat' dir='ltr'>quidem</span> <span class='ocrx_word' id='word_1_142' title='bbox 533 1460 748 1500; x_wconf 88' lang='lat' dir='ltr'>omnibus</span> <span class='ocrx_word' id='word_1_143' title='bbox 768 1467 969 1512; x_wconf 91' lang='lat' dir='ltr'>poterat.</span> <span class='ocrx_word' id='word_1_144' title='bbox 1001 1460 1078 1501; x_wconf 85' lang='lat' dir='ltr'>Ad</span> <span class='ocrx_word' id='word_1_145' title='bbox 1108 1460 1207 1512; x_wconf 90' lang='lat' dir='ltr'>ejus</span> <span class='ocrx_word' id='word_1_146' title='bbox 1235 1461 1489 1501; x_wconf 89' lang='lat' dir='ltr'>conciones</span> <span class='ocrx_word' id='word_1_147' title='bbox 1516 1460 1754 1512; x_wconf 85' lang='lat' dir='ltr'>publicas,</span> <span class='ocrx_word' id='word_1_148' title='bbox 1789 1460 1849 1500; x_wconf 90' lang='lat' dir='ltr'>ad</span> <span class='ocrx_word' id='word_1_149' title='bbox 1870 1472 1972 1512; x_wconf 91' lang='lat' dir='ltr'>pec-</span> 
     </span>
     <span class='ocr_line' id='line_1_19' title="bbox 323 1530 1973 1584; baseline 0.001 -14"><span class='ocrx_word' id='word_1_150' title='bbox 323 1536 428 1570; x_wconf 87' lang='lat' dir='ltr'>cata</span> <span class='ocrx_word' id='word_1_151' title='bbox 459 1530 730 1583; x_wconf 86' lang='lat' dir='ltr'>frequenter</span> <span class='ocrx_word' id='word_1_152' title='bbox 761 1531 1027 1572; x_wconf 85' lang='lat' dir='ltr'>confitenda</span> <span class='ocrx_word' id='word_1_153' title='bbox 1060 1532 1507 1584; x_wconf 86' lang='lat' dir='ltr'>percipiendamque</span> <span class='ocrx_word' id='word_1_154' title='bbox 1534 1543 1722 1572; x_wconf 85' lang='lat' dir='ltr'>sacram</span> <span class='ocrx_word' id='word_1_155' title='bbox 1752 1532 1973 1583; x_wconf 74' lang='lat' dir='ltr'>synaxim</span> 
     </span>
     <span class='ocr_line' id='line_1_20' title="bbox 322 1602 1973 1654; baseline 0.001 -12"><span class='ocrx_word' id='word_1_156' title='bbox 322 1603 706 1643; x_wconf 85' lang='lat' dir='ltr'>numerosissima</span> <span class='ocrx_word' id='word_1_157' title='bbox 728 1602 969 1644; x_wconf 87' lang='lat' dir='ltr'>hominum</span> <span class='ocrx_word' id='word_1_158' title='bbox 990 1604 1129 1644; x_wconf 89' lang='lat' dir='ltr'>turba</span> <span class='ocrx_word' id='word_1_159' title='bbox 1151 1603 1437 1654; x_wconf 88' lang='lat' dir='ltr'>confluebat,</span> <span class='ocrx_word' id='word_1_160' title='bbox 1471 1609 1521 1644; x_wconf 91' lang='lat' dir='ltr'>ut</span> <span class='ocrx_word' id='word_1_161' title='bbox 1549 1603 1719 1643; x_wconf 86' lang='lat' dir='ltr'>festum</span> <span class='ocrx_word' id='word_1_162' title='bbox 1740 1603 1973 1643; x_wconf 88' lang='lat' dir='ltr'>natalitio-</span> 
     </span>
     <span class='ocr_line' id='line_1_21' title="bbox 322 1673 1974 1727; baseline 0.001 -14"><span class='ocrx_word' id='word_1_163' title='bbox 322 1685 425 1714; x_wconf 88' lang='lat' dir='ltr'>rum</span> <span class='ocrx_word' id='word_1_164' title='bbox 446 1673 637 1714; x_wconf 90' lang='lat' dir='ltr'>Domini</span> <span class='ocrx_word' id='word_1_165' title='bbox 654 1675 803 1715; x_wconf 87' lang='lat' dir='ltr'>nostri</span> <span class='ocrx_word' id='word_1_166' title='bbox 823 1675 934 1727; x_wconf 89' lang='lat' dir='ltr'>Jesu</span> <span class='ocrx_word' id='word_1_167' title='bbox 956 1674 1131 1716; x_wconf 86' lang='lat' dir='ltr'>Christi</span> <span class='ocrx_word' id='word_1_168' title='bbox 1150 1674 1333 1716; x_wconf 83' lang='lat' dir='ltr'>Pascha</span> <span class='ocrx_word' id='word_1_169' title='bbox 1360 1675 1740 1716; x_wconf 87' lang='lat' dir='ltr'>Resurrectionis</span> <span class='ocrx_word' id='word_1_170' title='bbox 1763 1673 1974 1726; x_wconf 89' lang='lat' dir='ltr'>ejusdem</span> 
     </span>
     <span class='ocr_line' id='line_1_22' title="bbox 321 1745 1970 1798; baseline 0.001 -14"><span class='ocrx_word' id='word_1_171' title='bbox 321 1745 473 1785; x_wconf 88' lang='lat' dir='ltr'>videri</span> <span class='ocrx_word' id='word_1_172' title='bbox 494 1752 672 1797; x_wconf 74' lang='lat' dir='ltr'>posset,</span> <span class='ocrx_word' id='word_1_173' title='bbox 696 1757 806 1786; x_wconf 89' lang='lat' dir='ltr'>nam</span> <span class='ocrx_word' id='word_1_174' title='bbox 826 1753 1012 1798; x_wconf 89' lang='lat' dir='ltr'>praeter</span> <span class='ocrx_word' id='word_1_175' title='bbox 1035 1747 1152 1787; x_wconf 92' lang='lat' dir='ltr'>alias</span> <span class='ocrx_word' id='word_1_176' title='bbox 1179 1747 1624 1787; x_wconf 89' lang='lat' dir='ltr'>communicantium</span> <span class='ocrx_word' id='word_1_177' title='bbox 1655 1757 1866 1796; x_wconf 83' lang='lat' dir='ltr'>mensaS,</span> <span class='ocrx_word' id='word_1_178' title='bbox 1892 1746 1970 1786; x_wconf 87' lang='lat' dir='ltr'>ali-</span> 
     </span>
     <span class='ocr_line' id='line_1_23' title="bbox 321 1812 1966 1871; baseline 0.001 -14"><span class='ocrx_word' id='word_1_179' title='bbox 321 1823 433 1868; x_wconf 90' lang='lat' dir='ltr'>quot</span> <span class='ocrx_word' id='word_1_180' title='bbox 452 1816 533 1857; x_wconf 85' lang='lat'>300</span> <span class='ocrx_word' id='word_1_181' title='bbox 553 1817 766 1858; x_wconf 91' lang='lat' dir='ltr'>homines</span> <span class='ocrx_word' id='word_1_182' title='bbox 788 1812 1111 1869; x_wconf 52' lang='lat' dir='ltr'>continebanm</span> <span class='ocrx_word' id='word_1_183' title='bbox 1136 1819 1345 1871; x_wconf 76' lang='lat' dir='ltr'>exceptis</span> <span class='ocrx_word' id='word_1_184' title='bbox 1366 1819 1508 1859; x_wconf 88' lang='lat' dir='ltr'>etiam</span> <span class='ocrx_word' id='word_1_185' title='bbox 1537 1818 1822 1870; x_wconf 86' lang='lat' dir='ltr'>quotidianis</span> <span class='ocrx_word' id='word_1_186' title='bbox 1843 1829 1966 1858; x_wconf 92' lang='lat' dir='ltr'>com-</span> 
     </span>
     <span class='ocr_line' id='line_1_24' title="bbox 321 1888 1966 1942; baseline 0 -14"><span class='ocrx_word' id='word_1_187' title='bbox 321 1888 639 1940; x_wconf 90' lang='lat' dir='ltr'>munionibus,</span> <span class='ocrx_word' id='word_1_188' title='bbox 664 1901 798 1941; x_wconf 88' lang='lat' dir='ltr'>quae,</span> <span class='ocrx_word' id='word_1_189' title='bbox 823 1890 1030 1941; x_wconf 88' lang='lat' dir='ltr'>quandiu</span> <span class='ocrx_word' id='word_1_190' title='bbox 1052 1891 1115 1931; x_wconf 91' lang='lat' dir='ltr'>ibi</span> <span class='ocrx_word' id='word_1_191' title='bbox 1136 1896 1347 1931; x_wconf 88' lang='lat' dir='ltr'>moratus</span> <span class='ocrx_word' id='word_1_192' title='bbox 1368 1897 1460 1942; x_wconf 88' lang='lat' dir='ltr'>est,</span> <span class='ocrx_word' id='word_1_193' title='bbox 1485 1902 1579 1930; x_wconf 88' lang='lat' dir='ltr'>non</span> <span class='ocrx_word' id='word_1_194' title='bbox 1600 1895 1861 1929; x_wconf 89' lang='lat' dir='ltr'>cessarunt.</span> <span class='ocrx_word' id='word_1_195' title='bbox 1885 1888 1966 1928; x_wconf 88' lang='lat' dir='ltr'>Vi-</span> 
     </span>
     <span class='ocr_line' id='line_1_25' title="bbox 320 1960 1967 2012; baseline 0.001 -13"><span class='ocrx_word' id='word_1_196' title='bbox 320 1960 438 2011; x_wconf 86' lang='lat' dir='ltr'>ginti</span> <span class='ocrx_word' id='word_1_197' title='bbox 460 1972 643 2012; x_wconf 89' lang='lat' dir='ltr'>quoque</span> <span class='ocrx_word' id='word_1_198' title='bbox 664 1962 768 2012; x_wconf 90' lang='lat' dir='ltr'>plus</span> <span class='ocrx_word' id='word_1_199' title='bbox 789 1961 942 2002; x_wconf 88' lang='lat' dir='ltr'>minus</span> <span class='ocrx_word' id='word_1_200' title='bbox 963 1962 1176 2002; x_wconf 89' lang='lat' dir='ltr'>homines</span> <span class='ocrx_word' id='word_1_201' title='bbox 1198 1962 1255 2002; x_wconf 94' lang='lat' dir='ltr'>ab</span> <span class='ocrx_word' id='word_1_202' title='bbox 1278 1974 1332 2002; x_wconf 93' lang='lat' dir='ltr'>eo</span> <span class='ocrx_word' id='word_1_203' title='bbox 1354 1962 1490 2002; x_wconf 90' lang='lat' dir='ltr'>solita</span> <span class='ocrx_word' id='word_1_204' title='bbox 1507 1961 1732 2002; x_wconf 77' lang='lat' dir='ltr'>exercitia</span> <span class='ocrx_word' id='word_1_205' title='bbox 1749 1960 1967 2012; x_wconf 86' lang='lat' dir='ltr'>spiritua-</span> 
     </span>
     <span class='ocr_line' id='line_1_26' title="bbox 319 2031 1968 2084; baseline -0.001 -13"><span class='ocrx_word' id='word_1_206' title='bbox 319 2031 381 2071; x_wconf 89' lang='lat' dir='ltr'>lia</span> <span class='ocrx_word' id='word_1_207' title='bbox 403 2038 732 2083; x_wconf 76' lang='lat' dir='ltr'>perceperunt,</span> <span class='ocrx_word' id='word_1_208' title='bbox 753 2045 952 2084; x_wconf 89' lang='lat' dir='ltr'>quorum</span> <span class='ocrx_word' id='word_1_209' title='bbox 981 2034 1121 2074; x_wconf 91' lang='lat' dir='ltr'>etiam</span> <span class='ocrx_word' id='word_1_210' title='bbox 1148 2035 1394 2084; x_wconf 83' lang='lat' dir='ltr'>generales</span> <span class='ocrx_word' id='word_1_211' title='bbox 1423 2033 1743 2073; x_wconf 87' lang='lat' dir='ltr'>confessiones</span> <span class='ocrx_word' id='word_1_212' title='bbox 1771 2031 1968 2072; x_wconf 84' lang='lat' dir='ltr'>audivit.</span> 
     </span>
    </p>

    <p class='ocr_par' dir='ltr' id='par_1_7' title="bbox 318 2103 1972 2867">
     <span class='ocr_line' id='line_1_27' title="bbox 401 2103 1972 2156; baseline 0 -13"><span class='ocrx_word' id='word_1_213' title='bbox 401 2103 497 2143; x_wconf 90' lang='lat' dir='ltr'>Iam</span> <span class='ocrx_word' id='word_1_214' title='bbox 524 2115 638 2144; x_wconf 82' lang='lat' dir='ltr'>vero</span> <span class='ocrx_word' id='word_1_215' title='bbox 665 2104 712 2143; x_wconf 92' lang='lat' dir='ltr'>in</span> <span class='ocrx_word' id='word_1_216' title='bbox 739 2104 828 2144; x_wconf 89' lang='lat' dir='ltr'>hac</span> <span class='ocrx_word' id='word_1_217' title='bbox 863 2105 965 2156; x_wconf 89' lang='lat' dir='ltr'>ipsa</span> <span class='ocrx_word' id='word_1_218' title='bbox 996 2105 1209 2156; x_wconf 86' lang='lat' dir='ltr'>civitate,</span> <span class='ocrx_word' id='word_1_219' title='bbox 1243 2111 1287 2145; x_wconf 91' lang='lat' dir='ltr'>et</span> <span class='ocrx_word' id='word_1_220' title='bbox 1323 2104 1629 2145; x_wconf 89' lang='lat' dir='ltr'>concionibus</span> <span class='ocrx_word' id='word_1_221' title='bbox 1663 2103 1886 2155; x_wconf 88' lang='lat' dir='ltr'>publicis,</span> <span class='ocrx_word' id='word_1_222' title='bbox 1925 2109 1972 2143; x_wconf 92' lang='lat' dir='ltr'>et</span> 
     </span>
     <span class='ocr_line' id='line_1_28' title="bbox 321 2173 1968 2226; baseline 0.001 -12"><span class='ocrx_word' id='word_1_223' title='bbox 321 2174 692 2215; x_wconf 86' lang='lat' dir='ltr'>confessionibus</span> <span class='ocrx_word' id='word_1_224' title='bbox 720 2176 984 2226; x_wconf 87' lang='lat' dir='ltr'>audiendis,</span> <span class='ocrx_word' id='word_1_225' title='bbox 1019 2182 1063 2216; x_wconf 89' lang='lat' dir='ltr'>et</span> <span class='ocrx_word' id='word_1_226' title='bbox 1094 2176 1378 2216; x_wconf 87' lang='lat' dir='ltr'>conferendo</span> <span class='ocrx_word' id='word_1_227' title='bbox 1411 2175 1771 2216; x_wconf 88' lang='lat' dir='ltr'>Sanctissimum</span> <span class='ocrx_word' id='word_1_228' title='bbox 1803 2173 1968 2216; x_wconf 85' lang='lat' dir='ltr'>Sacra-</span> 
     </span>
     <span class='ocr_line' id='line_1_29' title="bbox 320 2246 1970 2300; baseline -0.001 -14"><span class='ocrx_word' id='word_1_229' title='bbox 320 2252 529 2286; x_wconf 90' lang='lat' dir='ltr'>mentum</span> <span class='ocrx_word' id='word_1_230' title='bbox 551 2247 765 2298; x_wconf 91' lang='lat' dir='ltr'>corporis</span> <span class='ocrx_word' id='word_1_231' title='bbox 786 2246 976 2287; x_wconf 89' lang='lat' dir='ltr'>Domini</span> <span class='ocrx_word' id='word_1_232' title='bbox 997 2247 1147 2287; x_wconf 89' lang='lat' dir='ltr'>nostri</span> <span class='ocrx_word' id='word_1_233' title='bbox 1166 2247 1277 2300; x_wconf 91' lang='lat' dir='ltr'>Jesu</span> <span class='ocrx_word' id='word_1_234' title='bbox 1306 2247 1501 2297; x_wconf 89' lang='lat' dir='ltr'>Christi,</span> <span class='ocrx_word' id='word_1_235' title='bbox 1532 2252 1765 2298; x_wconf 87' lang='lat' dir='ltr'>augentur</span> <span class='ocrx_word' id='word_1_236' title='bbox 1792 2246 1838 2285; x_wconf 91' lang='lat' dir='ltr'>in</span> <span class='ocrx_word' id='word_1_237' title='bbox 1868 2246 1970 2286; x_wconf 90' lang='lat' dir='ltr'>dies</span> 
     </span>
     <span class='ocr_line' id='line_1_30' title="bbox 320 2317 1967 2370; baseline -0.001 -13"><span class='ocrx_word' id='word_1_238' title='bbox 320 2318 474 2368; x_wconf 90' lang='lat' dir='ltr'>magis</span> <span class='ocrx_word' id='word_1_239' title='bbox 496 2329 552 2357; x_wconf 92' lang='lat' dir='ltr'>ac</span> <span class='ocrx_word' id='word_1_240' title='bbox 574 2318 726 2368; x_wconf 81' lang='lat' dir='ltr'>magis</span> <span class='ocrx_word' id='word_1_241' title='bbox 746 2319 1016 2370; x_wconf 84' lang='lat' dir='ltr'>spirituales</span> <span class='ocrx_word' id='word_1_242' title='bbox 1037 2324 1310 2370; x_wconf 89' lang='lat' dir='ltr'>proventus.</span> <span class='ocrx_word' id='word_1_243' title='bbox 1336 2318 1455 2359; x_wconf 90' lang='lat' dir='ltr'>Cum</span> <span class='ocrx_word' id='word_1_244' title='bbox 1476 2319 1601 2358; x_wconf 89' lang='lat' dir='ltr'>enim</span> <span class='ocrx_word' id='word_1_245' title='bbox 1631 2318 1794 2358; x_wconf 92' lang='lat' dir='ltr'>diebus</span> <span class='ocrx_word' id='word_1_246' title='bbox 1825 2317 1967 2357; x_wconf 90' lang='lat' dir='ltr'>domi-</span> 
     </span>
     <span class='ocr_line' id='line_1_31' title="bbox 319 2388 1965 2441; baseline 0 -13"><span class='ocrx_word' id='word_1_247' title='bbox 319 2389 438 2429; x_wconf 91' lang='lat' dir='ltr'>nicis</span> <span class='ocrx_word' id='word_1_248' title='bbox 458 2390 620 2441; x_wconf 89' lang='lat' dir='ltr'>lapsae</span> <span class='ocrx_word' id='word_1_249' title='bbox 641 2389 1054 2441; x_wconf 84' lang='lat' dir='ltr'>quadragesimae,</span> <span class='ocrx_word' id='word_1_250' title='bbox 1089 2389 1212 2430; x_wconf 91' lang='lat' dir='ltr'>idem</span> <span class='ocrx_word' id='word_1_251' title='bbox 1243 2391 1319 2430; x_wconf 91' lang='lat' dir='ltr'>ille</span> <span class='ocrx_word' id='word_1_252' title='bbox 1349 2389 1488 2430; x_wconf 87' lang='lat' dir='ltr'>Pater</span> <span class='ocrx_word' id='word_1_253' title='bbox 1511 2402 1536 2430; x_wconf 89' lang='lat' dir='ltr'>a</span> <span class='ocrx_word' id='word_1_254' title='bbox 1559 2389 1757 2441; x_wconf 88' lang='lat' dir='ltr'>prandio</span> <span class='ocrx_word' id='word_1_255' title='bbox 1780 2388 1965 2428; x_wconf 90' lang='lat' dir='ltr'>concio-</span> 
     </span>
     <span class='ocr_line' id='line_1_32' title="bbox 319 2460 1967 2513; baseline -0.001 -13"><span class='ocrx_word' id='word_1_256' title='bbox 319 2465 512 2500; x_wconf 88' lang='lat' dir='ltr'>naretur</span> <span class='ocrx_word' id='word_1_257' title='bbox 533 2461 580 2500; x_wconf 92' lang='lat' dir='ltr'>in</span> <span class='ocrx_word' id='word_1_258' title='bbox 602 2461 774 2512; x_wconf 87' lang='lat' dir='ltr'>templo</span> <span class='ocrx_word' id='word_1_259' title='bbox 796 2460 1171 2511; x_wconf 87' lang='lat' dir='ltr'>Misericordiae,</span> <span class='ocrx_word' id='word_1_260' title='bbox 1196 2461 1319 2513; x_wconf 90' lang='lat' dir='ltr'>quod</span> <span class='ocrx_word' id='word_1_261' title='bbox 1349 2461 1396 2501; x_wconf 90' lang='lat' dir='ltr'>in</span> <span class='ocrx_word' id='word_1_262' title='bbox 1427 2461 1580 2501; x_wconf 87' lang='lat' dir='ltr'>media</span> <span class='ocrx_word' id='word_1_263' title='bbox 1613 2460 1805 2500; x_wconf 84' lang='lat' dir='ltr'>civitate</span> <span class='ocrx_word' id='word_1_264' title='bbox 1826 2460 1967 2500; x_wconf 91' lang='lat' dir='ltr'>situm</span> 
     </span>
     <span class='ocr_line' id='line_1_33' title="bbox 319 2530 1964 2584; baseline -0.001 -13"><span class='ocrx_word' id='word_1_265' title='bbox 319 2537 389 2571; x_wconf 89' lang='lat' dir='ltr'>est</span> <span class='ocrx_word' id='word_1_266' title='bbox 412 2531 476 2582; x_wconf 88' lang='lat' dir='ltr'>(ut</span> <span class='ocrx_word' id='word_1_267' title='bbox 498 2532 615 2572; x_wconf 91' lang='lat' dir='ltr'>alios</span> <span class='ocrx_word' id='word_1_268' title='bbox 635 2532 822 2572; x_wconf 90' lang='lat' dir='ltr'>interim</span> <span class='ocrx_word' id='word_1_269' title='bbox 844 2544 1084 2572; x_wconf 86' lang='lat' dir='ltr'>sermones</span> <span class='ocrx_word' id='word_1_270' title='bbox 1106 2539 1309 2582; x_wconf 91' lang='lat' dir='ltr'>taceam,</span> <span class='ocrx_word' id='word_1_271' title='bbox 1333 2533 1506 2584; x_wconf 86' lang='lat' dir='ltr'>partim</span> <span class='ocrx_word' id='word_1_272' title='bbox 1522 2532 1569 2572; x_wconf 92' lang='lat' dir='ltr'>in</span> <span class='ocrx_word' id='word_1_273' title='bbox 1588 2531 1794 2582; x_wconf 89' lang='lat' dir='ltr'>Collegio</span> <span class='ocrx_word' id='word_1_274' title='bbox 1815 2530 1964 2581; x_wconf 89' lang='lat' dir='ltr'>Regio</span> 
     </span>
     <span class='ocr_line' id='line_1_34' title="bbox 319 2602 1965 2655; baseline -0.001 -13"><span class='ocrx_word' id='word_1_275' title='bbox 319 2602 379 2642; x_wconf 90' lang='lat' dir='ltr'>ad</span> <span class='ocrx_word' id='word_1_276' title='bbox 400 2603 732 2654; x_wconf 90' lang='lat' dir='ltr'>scholasticos,</span> <span class='ocrx_word' id='word_1_277' title='bbox 757 2604 927 2655; x_wconf 87' lang='lat' dir='ltr'>partim</span> <span class='ocrx_word' id='word_1_278' title='bbox 949 2604 1051 2643; x_wconf 90' lang='lat' dir='ltr'>aliis</span> <span class='ocrx_word' id='word_1_279' title='bbox 1068 2604 1115 2643; x_wconf 90' lang='lat' dir='ltr'>in</span> <span class='ocrx_word' id='word_1_280' title='bbox 1132 2604 1249 2644; x_wconf 90' lang='lat' dir='ltr'>locis</span> <span class='ocrx_word' id='word_1_281' title='bbox 1266 2604 1479 2654; x_wconf 77' lang='lat' dir='ltr'>habitos),</span> <span class='ocrx_word' id='word_1_282' title='bbox 1506 2603 1623 2643; x_wconf 90' lang='lat' dir='ltr'>adeo</span> <span class='ocrx_word' id='word_1_283' title='bbox 1642 2603 1790 2642; x_wconf 84' lang='lat' dir='ltr'>crevit</span> <span class='ocrx_word' id='word_1_284' title='bbox 1808 2613 1965 2642; x_wconf 89' lang='lat' dir='ltr'>nume—</span> 
     </span>
     <span class='ocr_line' id='line_1_35' title="bbox 319 2673 1962 2726; baseline -0.001 -13"><span class='ocrx_word' id='word_1_285' title='bbox 319 2685 400 2713; x_wconf 88' lang='lat' dir='ltr'>rus</span> <span class='ocrx_word' id='word_1_286' title='bbox 421 2673 741 2714; x_wconf 90' lang='lat' dir='ltr'>confitentium</span> <span class='ocrx_word' id='word_1_287' title='bbox 770 2681 966 2726; x_wconf 88' lang='lat' dir='ltr'>peccata</span> <span class='ocrx_word' id='word_1_288' title='bbox 987 2686 1071 2714; x_wconf 92' lang='lat' dir='ltr'>sua</span> <span class='ocrx_word' id='word_1_289' title='bbox 1101 2680 1145 2714; x_wconf 93' lang='lat' dir='ltr'>et</span> <span class='ocrx_word' id='word_1_290' title='bbox 1175 2674 1622 2715; x_wconf 84' lang='lat' dir='ltr'>communicantium</span> <span class='ocrx_word' id='word_1_291' title='bbox 1652 2680 1822 2713; x_wconf 84' lang='lat' dir='ltr'>octavo</span> <span class='ocrx_word' id='word_1_292' title='bbox 1854 2684 1962 2724; x_wconf 91' lang='lat' dir='ltr'>quo-</span> 
     </span>
     <span class='ocr_line' id='line_1_36' title="bbox 320 2743 1962 2797; baseline -0.001 -13"><span class='ocrx_word' id='word_1_293' title='bbox 320 2756 408 2796; x_wconf 86' lang='lat' dir='ltr'>que</span> <span class='ocrx_word' id='word_1_294' title='bbox 430 2745 525 2795; x_wconf 91' lang='lat' dir='ltr'>die,</span> <span class='ocrx_word' id='word_1_295' title='bbox 550 2751 599 2784; x_wconf 91' lang='lat' dir='ltr'>ut</span> <span class='ocrx_word' id='word_1_296' title='bbox 621 2752 912 2796; x_wconf 89' lang='lat' dir='ltr'>compertum</span> <span class='ocrx_word' id='word_1_297' title='bbox 934 2745 991 2785; x_wconf 89' lang='lat' dir='ltr'>sit</span> <span class='ocrx_word' id='word_1_298' title='bbox 1013 2745 1137 2797; x_wconf 89' lang='lat' dir='ltr'>apud</span> <span class='ocrx_word' id='word_1_299' title='bbox 1159 2757 1244 2785; x_wconf 91' lang='lat' dir='ltr'>nos</span> <span class='ocrx_word' id='word_1_300' title='bbox 1272 2745 1563 2786; x_wconf 89' lang='lat' dir='ltr'>solummodo</span> <span class='ocrx_word' id='word_1_301' title='bbox 1595 2744 1790 2795; x_wconf 91' lang='lat' dir='ltr'>singulis</span> <span class='ocrx_word' id='word_1_302' title='bbox 1821 2743 1962 2783; x_wconf 92' lang='lat' dir='ltr'>domi-</span> 
     </span>
     <span class='ocr_line' id='line_1_37' title="bbox 318 2814 1962 2867; baseline -0.002 -11"><span class='ocrx_word' id='word_1_303' title='bbox 318 2816 437 2856; x_wconf 90' lang='lat' dir='ltr'>nicis</span> <span class='ocrx_word' id='word_1_304' title='bbox 456 2816 619 2856; x_wconf 90' lang='lat' dir='ltr'>diebus</span> <span class='ocrx_word' id='word_1_305' title='bbox 643 2816 730 2866; x_wconf 77' lang='lat'>120,</span> <span class='ocrx_word' id='word_1_306' title='bbox 755 2823 854 2856; x_wconf 92' lang='lat' dir='ltr'>tum</span> <span class='ocrx_word' id='word_1_307' title='bbox 874 2817 1003 2856; x_wconf 86' lang='lat' dir='ltr'>Viros</span> <span class='ocrx_word' id='word_1_308' title='bbox 1034 2822 1132 2856; x_wconf 91' lang='lat' dir='ltr'>tum</span> <span class='ocrx_word' id='word_1_309' title='bbox 1164 2816 1407 2867; x_wconf 89' lang='lat' dir='ltr'>foeminas,</span> <span class='ocrx_word' id='word_1_310' title='bbox 1429 2823 1473 2857; x_wconf 91' lang='lat' dir='ltr'>et</span> <span class='ocrx_word' id='word_1_311' title='bbox 1505 2828 1558 2856; x_wconf 91' lang='lat' dir='ltr'>eo</span> <span class='ocrx_word' id='word_1_312' title='bbox 1590 2815 1789 2867; x_wconf 90' lang='lat' dir='ltr'>amplius</span> <span class='ocrx_word' id='word_1_313' title='bbox 1811 2814 1870 2854; x_wconf 90' lang='lat' dir='ltr'>ad</span> <span class='ocrx_word' id='word_1_314' title='bbox 1892 2825 1962 2854; x_wconf 89' lang='lat' dir='ltr'>sa—</span> 
     </span>
    </p>
   </div>
   <div class='ocr_carea' id='block_1_7' title="bbox 373 2999 1802 3084">
    <p class='ocr_par' dir='ltr' id='par_1_8' title="bbox 373 2999 1802 3084">
     <span class='ocr_line' id='line_1_38' title="bbox 374 2999 1797 3035; baseline -0.001 -9"><span class='ocrx_word' id='word_1_315' title='bbox 374 3001 381 3019; x_wconf 91' lang='lat'><strong>¹</strong></span> <span class='ocrx_word' id='word_1_316' title='bbox 425 2999 459 3026; x_wconf 80' lang='lat' dir='ltr'>P.</span> <span class='ocrx_word' id='word_1_317' title='bbox 473 2999 703 3027; x_wconf 81' lang='lat' dir='ltr'>Gundisalvus</span> <span class='ocrx_word' id='word_1_318' title='bbox 719 2999 890 3035; x_wconf 78' lang='lat' dir='ltr'>Sylveira.</span> <span class='ocrx_word' id='word_1_319' title='bbox 906 3001 993 3028; x_wconf 86' lang='lat' dir='ltr'>Vide</span> <span class='ocrx_word' id='word_1_320' title='bbox 1006 3001 1174 3034; x_wconf 73' lang='lat' dir='ltr'>POLANco,</span> <span class='ocrx_word' id='word_1_321' title='bbox 1192 3001 1395 3032; x_wconf 75' lang='lat' dir='ltr'>Clzronicon,</span> <span class='ocrx_word' id='word_1_322' title='bbox 1411 3004 1433 3028; x_wconf 82' lang='lat' dir='ltr'>t.</span> <span class='ocrx_word' id='word_1_323' title='bbox 1449 3007 1497 3033; x_wconf 79' lang='lat'>111,</span> <span class='ocrx_word' id='word_1_324' title='bbox 1516 3008 1594 3034; x_wconf 83' lang='lat' dir='ltr'>pag.</span> <span class='ocrx_word' id='word_1_325' title='bbox 1608 2999 1671 3030; x_wconf 68' lang='lat'>413,</span> <span class='ocrx_word' id='word_1_326' title='bbox 1689 3007 1717 3026; x_wconf 93' lang='lat' dir='ltr'>n.</span> <span class='ocrx_word' id='word_1_327' title='bbox 1735 2999 1797 3026; x_wconf 73' lang='lat'>910.</span> 
     </span>
     <span class='ocr_line' id='line_1_39' title="bbox 373 3046 1802 3084; baseline -0.001 -10"><span class='ocrx_word' id='word_1_328' title='bbox 373 3048 386 3065; x_wconf 75' lang='lat'><em>²</em></span> <span class='ocrx_word' id='word_1_329' title='bbox 425 3046 469 3074; x_wconf 94' lang='lat' dir='ltr'>Ut</span> <span class='ocrx_word' id='word_1_330' title='bbox 484 3052 601 3074; x_wconf 84' lang='lat' dir='ltr'>notum</span> <span class='ocrx_word' id='word_1_331' title='bbox 616 3052 667 3075; x_wconf 89' lang='lat' dir='ltr'>est</span> <span class='ocrx_word' id='word_1_332' title='bbox 678 3069 684 3081; x_wconf 90' lang='lat'>,</span> <span class='ocrx_word' id='word_1_333' title='bbox 700 3048 762 3074; x_wconf 88' lang='lat' dir='ltr'>hoc</span> <span class='ocrx_word' id='word_1_334' title='bbox 778 3048 882 3075; x_wconf 83' lang='lat' dir='ltr'>etiam</span> <span class='ocrx_word' id='word_1_335' title='bbox 898 3049 1028 3077; x_wconf 85' lang='lat' dir='ltr'>nomine</span> <span class='ocrx_word' id='word_1_336' title='bbox 1041 3050 1235 3084; x_wconf 84' lang='lat' dir='ltr'>appellatur</span> <span class='ocrx_word' id='word_1_337' title='bbox 1249 3050 1330 3076; x_wconf 89' lang='lat' dir='ltr'>urbs</span> <span class='ocrx_word' id='word_1_338' title='bbox 1346 3049 1468 3075; x_wconf 87' lang='lat' dir='ltr'>Portus</span> <span class='ocrx_word' id='word_1_339' title='bbox 1484 3048 1613 3080; x_wconf 46' lang='lat' dir='ltr'>[Porto.</span> <span class='ocrx_word' id='word_1_340' title='bbox 1632 3047 1657 3074; x_wconf 92' lang='lat' dir='ltr'><em>O</em></span> <span class='ocrx_word' id='word_1_341' title='bbox 1670 3047 1802 3081; x_wconf 76' lang='lat' dir='ltr'>Porto).</span> 
     </span>
    </p>
   </div>
   <div class='ocr_carea' id='block_1_8' title="bbox 2146 238 2168 575">
    <p class='ocr_par' dir='ltr' id='par_1_9' title="bbox 2146 238 2168 575">
     <span class='ocr_line' id='line_1_40' title="bbox 2146 238 2168 575; textangle 90"><span class='ocrx_word' id='word_1_342' title='bbox 2158 559 2168 575; x_wconf 53' lang='lat' dir='ltr'>-q</span> <span class='ocrx_word' id='word_1_343' title='bbox 2155 534 2168 552; x_wconf 57' lang='lat'>2&gt;</span> <span class='ocrx_word' id='word_1_344' title='bbox 2149 293 2168 526; x_wconf 24' lang='lat' dir='ltr'>{ahai-nsaiwi*</span> <span class='ocrx_word' id='word_1_345' title='bbox 2146 279 2152 285; x_wconf 81' lang='lat'>¹</span> <span class='ocrx_word' id='word_1_346' title='bbox 2164 258 2168 268; x_wconf 95' lang='lat'>-</span> <span class='ocrx_word' id='word_1_347' title='bbox 2161 238 2168 245; x_wconf 92' lang='lat'><em>.</em></span> 
     </span>
    </p>
   </div>
  </div>
 </body>
</html>
