2168 3437
329 235 398 272 178
648 238 652 244 '
845 236 1073 274 LITTERAE
1101 247 1461 277 QUADRIMESTRES

325 332 565 384 imprimis
585 333 797 372 studiosi
814 337 858 373 et
867 337 1098 385 parentes
1116 345 1203 374 nos
1221 338 1386 374 amant
1402 338 1445 374 et
1462 335 1635 375 charos
1651 336 1836 377 liabent.
1856 336 1975 378 Sunt

325 415 383 444 ex
404 405 495 444 illis
523 404 734 444 nonnulli
764 406 1012 456 praeclaro
1040 405 1230 456 ingenio
1260 411 1304 445 et
1332 406 1488 446 animo
1518 406 1720 458 praediti
1747 419 1802 447 ac
1831 409 1982 459 quasi

324 479 587 515 cernuntur
609 476 746 516 modo
768 475 973 527 incipere
994 488 1161 516 verum
1179 476 1272 516 Dei
1292 477 1472 517 cultum
1499 482 1542 517 et
1563 478 1847 529 religionem
1869 491 1974 519 sus-

323 547 488 598 cipere.
520 546 710 587 Etenim
740 553 837 587 tam
864 548 1001 599 parvi
1033 560 1173 600 quam
1194 538 1474 599 grandiores
1494 555 1608 590 natu
1626 561 1728 590 sese
1746 551 1975 592 submisse

324 630 379 659 ac
401 618 655 670 prudenter
679 624 867 669 gerunt,
890 624 1166 671 tantamque
1194 619 1473 660 modestiam
1501 632 1615 672 prae
1647 633 1696 661 se
1724 621 1894 671 ferunt;
1925 629 1975 663 ut

323 702 519 742 prorsus
542 702 591 730 se
613 691 828 741 integros
856 696 1108 742 castosque
1135 702 1330 731 servare
1361 697 1406 731 et
1434 703 1460 731 a
1480 693 1643 732 mundi
1664 693 1893 733 illecebris
1912 694 1975 734 vi·

322 763 520 802 deantur
543 773 787 801 sevocare.
813 760 1023 812 Singulis
1053 762 1291 802 mensibus
1314 763 1538 811 universi,
1564 767 1616 803 ut
1646 764 1797 804 moris
1826 770 1896 805 est
1925 765 1980 804 in

322 833 570 884 Societate,
590 839 792 884 peccata
815 833 1111 873 confitentur.
1142 832 1362 873 Plurimi
1379 834 1624 885 existunt,
1651 836 1754 886 qui,
1781 841 1976 887 praeter

319 905 595 945 institutam
617 904 984 955 confessionem,
1006 908 1121 944 sunt
1144 904 1361 955 confessi
1376 909 1420 945 et
1448 906 1510 945 ad
1538 907 1740 946 Domini
1763 920 1974 948 mensam

319 980 622 1017 accesserunt
643 976 863 1026 dz'efesto
897 976 1116 1016 Omnium
1146 976 1437 1016 szctormn
1469 981 1512 1017 et
1542 978 1590 1017 in
1619 979 1792 1019 Natali
1815 980 1974 1020 Domi-

320 1049 421 1088 usco
444 1052 488 1088 et
509 1047 622 1088 aliis
644 1048 807 1087 diebus
819 1047 1038 1098 feriatis.
1065 1048 1205 1087 Haud
1228 1048 1425 1088 obscure
1449 1057 1705 1090 cernuntur
1728 1051 1774 1091 in
1806 1052 1973 1103 spiritu

322 1132 550 1170 crescere,
576 1131 681 1159 cum
702 1119 968 1159 virtutibus
989 1123 1034 1159 et
1056 1119 1201 1159 Vectis
1217 1120 1429 1160 moribus
1446 1121 1688 1162 ducantur
1705 1126 1748 1162 et
1764 1123 1973 1163 imbuan-

322 1196 417 1232 tur.
442 1192 585 1232 Enim
607 1203 720 1231 vero
743 1191 867 1231 illud
887 1203 1119 1241 magnam
1152 1191 1286 1231 uobis
1317 1192 1475 1242 affert
1505 1193 1872 1234 ammirationem
1902 1199 1971 1245 ut,

322 1264 539 1316 quamvis
561 1264 608 1303 in
628 1263 719 1303 hac
742 1263 854 1303 urbe
876 1263 1072 1303 iuvenes
1093 1263 1185 1303 sint
1206 1262 1429 1314 flagitiosi
1448 1275 1503 1304 ac
1521 1265 1782 1305 maledictis
1805 1272 1849 1306 et
1867 1278 1971 1306 exe-

321 1336 609 1376 crationibus
634 1335 903 1385 assuefacti,
927 1335 1066 1386 idque
1088 1335 1262 1386 quavis
1283 1347 1335 1375 re
1356 1336 1477 1376 moti
1489 1337 1722 1388 efficiant,
1739 1338 1887 1378 nostri
1904 1345 1969 1379 ta-

320 1420 427 1449 men
447 1408 663 1459 discipuli
686 1407 941 1448 abhorrent
961 1408 1017 1447 ab
1038 1407 1316 1447 huiusmodi
1333 1407 1599 1448 maledictis
1619 1412 1663 1448 et
1682 1409 1971 1450 atramentis

320 1484 363 1520 et
383 1480 430 1520 in
453 1480 749 1520 sermonibus
771 1485 816 1519 et
833 1479 1225 1519 collocutionibus
1247 1479 1507 1519 redduntur
1529 1480 1763 1531 simplices
1781 1487 1826 1521 et
1843 1493 1970 1521 man-

321 1552 454 1602 sueti,
479 1563 566 1591 nec
588 1550 871 1590 discordant
892 1562 1103 1601 unquam
1125 1550 1247 1590 inter
1268 1562 1331 1599 se,
1358 1550 1438 1590 sed
1457 1551 1620 1602 quieti,
1640 1552 1881 1603 tranquilli
1913 1563 1969 1592 ac

320 1623 505 1676 pacifici
527 1622 913 1675 praeceptoribus
935 1634 1127 1674 operam
1149 1622 1276 1662 dant.
1302 1622 1482 1662 Diebus
1501 1623 1748 1663 dominicis
1771 1629 1815 1663 et
1835 1623 1969 1664 feria-

320 1697 379 1736 tis
401 1695 543 1736 etiam
564 1695 633 1735 rei
655 1693 844 1734 divinae
867 1700 910 1734 et
933 1693 1151 1733 concioni
1172 1693 1422 1744 intersunt,
1446 1694 1663 1745 quamvis
1682 1694 1727 1734 id
1744 1695 1803 1734 sit
1819 1695 1876 1735 ob
1893 1694 1969 1735 fri-

319 1768 448 1819 goris
469 1767 566 1807 vim
587 1769 630 1806 et
650 1765 880 1805 iniuriam
901 1776 1152 1817 pergrave.
1176 1765 1419 1805 Edidimus
1441 1767 1630 1816 regulas
1644 1777 1817 1818 easque
1834 1766 1880 1806 in
1899 1773 1964 1806 ta-

319 1840 427 1879 bula
450 1837 800 1889 descripsimus,
823 1837 992 1888 quibus
1013 1836 1344 1887 informantur,
1377 1837 1610 1888 quomodo
1642 1849 1744 1877 sese
1771 1838 1969 1878 debeant

319 1921 500 1962 gerere,
524 1915 621 1950 tum
642 1909 689 1948 in
710 1909 819 1948 ludo
840 1908 1071 1958 literariO,
1103 1914 1201 1948 tum
1222 1908 1270 1948 in
1290 1908 1403 1958 viiS,
1435 1914 1533 1948 tum
1564 1908 1702 1949 domi.
1740 1908 1816 1949 Ad
1850 1909 1968 1949 haec

321 1981 659 2033 adscripsimus
681 1980 892 2020 ordinem
914 1985 957 2019 et
979 1978 1170 2019 modum
1191 1991 1294 2019 sese
1316 1985 1424 2019 ante
1451 1985 1635 2031 tempus
1657 1980 1824 2031 quietis
1857 1992 1964 2020 exa-

320 2053 529 2093 minandi
551 2059 610 2103 et,
634 2052 913 2103 simulatque
935 2057 1149 2102 surgunt,
1174 2051 1328 2091 Deum
1349 2051 1575 2102 precandi
1596 2058 1641 2091 et
1663 2051 1704 2091 ei
1721 2063 1823 2091 sese
1845 2057 1968 2091 totos

319 2124 534 2166 tradendi
556 2135 611 2163 ac
633 2123 835 2163 dicandi.
859 2122 932 2162 Ac
953 2123 1025 2162 his
1046 2122 1235 2174 quidem
1257 2122 1397 2161 rebus
1420 2122 1625 2162 maxime
1644 2122 1703 2162 ad
1720 2123 1905 2163 honesti
1923 2129 1968 2162 et

318 2196 505 2237 virtutis
518 2195 725 2235 studium
741 2194 954 2234 homines
968 2194 1334 2243 inflammantur,
1350 2204 1458 2233 cum
1475 2193 1746 2233 intueantur
1764 2205 1851 2233 nos
1869 2200 1970 2234 tan-

320 2275 416 2309 tam
438 2278 601 2308 curam
621 2272 666 2306 et
684 2277 876 2317 operam
898 2265 941 2304 in
965 2265 1221 2305 liberorum
1237 2264 1528 2304 institutione
1546 2271 1590 2304 et
1607 2265 1757 2305 salute
1775 2276 1968 2317 ponere,

320 2353 383 2381 ex
403 2339 572 2391 quibus
593 2337 786 2389 quidam
807 2336 1138 2387 invem‘untur,
1155 2336 1233 2387 qui
1253 2341 1473 2387 parentes
1496 2336 1555 2376 ad
1573 2336 1690 2376 bene
1707 2336 1964 2376 vivendum

321 2412 653 2459 adhortantur,
684 2414 729 2448 et
757 2407 985 2459 imprimis
1015 2407 1074 2446 ad
1100 2413 1407 2458 peccatorum
1436 2407 1611 2447 luctum
1641 2413 1685 2447 et
1715 2406 1969 2447 confessio-

320 2495 427 2524 nem
448 2482 654 2531 adeoque
675 2479 723 2519 id
745 2482 982 2519 conantur
1004 2478 1142 2517 liberi
1159 2481 1211 2517 ut
1238 2477 1475 2527 plurimae
1492 2482 1672 2518 matres
1693 2479 1867 2518 adeant
1889 2489 1966 2517 no-

321 2559 477 2595 strum
513 2553 741 2604 templum
768 2555 811 2591 et
846 2551 908 2590 ad
935 2550 1254 2601 confitendum
1290 2553 1333 2589 et
1364 2550 1719 2601 suscipiendum
1747 2553 1966 2589 sanetum

326 2626 506 2667 Christi
523 2630 711 2676 corpus.
744 2622 878 2674 Quod
906 2622 944 2662 si
966 2622 1011 2661 in
1034 2621 1337 2661 offensionem
1359 2622 1563 2672 aliquam
1586 2628 1630 2661 et
1648 2622 1835 2672 culpam
1853 2620 1966 2660 inci-

320 2699 454 2747 dunt,
487 2698 788 2737 mulctantur.
838 2694 1006 2733 Verum
1033 2692 1082 2732 in
1106 2692 1155 2731 id
1176 2693 1385 2732 maxime
1406 2698 1598 2743 operam
1620 2693 1792 2731 damus
1813 2695 1866 2731 ut
1881 2696 1961 2742 po-

317 2770 414 2809 tius
436 2767 734 2816 charitatem,
754 2776 896 2817 quam
912 2763 1215 2804 severitatem
1234 2763 1511 2803 indicemus.
1536 2763 1670 2802 Illud
1693 2762 1851 2813 itaque
1869 2773 1964 2801 nou

316 2839 700 2888 praetermittam
719 2846 1087 2876 commemorare
1108 2836 1357 2885 quemdam
1379 2847 1443 2874 ex
1463 2833 1713 2885 discipulis
1733 2833 1963 2883 grandio-

316 2923 416 2951 rem
438 2914 558 2950 natu
590 2908 790 2960 paulum
821 2906 1068 2958 difficilem
1095 2909 1138 2946 et
1170 2909 1511 2956 arrogantem,
1538 2905 1587 2944 in
1617 2904 1838 2944 Rectom's
1860 2886 1962 2943 cost-

315 2986 477 3034 spectu
506 2983 809 3029 accusatum,
838 2978 913 3018 vel
937 2981 1306 3029 repugnantem,
1328 2976 1601 3016 verberibus
1626 2987 1728 3015 esse
1757 2986 1961 3021 Caesiam,

316 3065 408 3106 qua
430 3052 618 3104 quidem
643 3063 692 3090 re
714 3053 962 3100 tantopere
983 3052 1052 3088 est
1081 3052 1324 3087 correctus
1340 3081 1351 3097 ,
1380 3051 1432 3087 ut
1466 3047 1603 3086 modo
1635 3046 1796 3086 vincat
1825 3045 1969 3096 quasi
