2168 3437
896 220 980 257 AN.
1010 219 1100 257 1553
1744 215 1813 251 447

416 493 699 521 Praecctiontium
716 493 829 520 Patris
843 492 959 525 Jacobi
977 491 1083 518 Miron
1099 491 1293 518 litterarum
1309 490 1417 517 latina
1432 489 1544 516 versio
1561 488 1582 516 ¹.

939 739 1063 778 iesus

265 955 319 995 R.
343 955 389 994 in
411 954 597 994 Christo
619 953 668 993 P.

267 1025 431 1066 Gratia
453 1030 496 1064 et
516 1036 610 1076 pax
632 1023 739 1063 Dni.
764 1023 849 1063 nri.
867 1023 970 1063 Iesu
999 1021 1058 1061 x.i
1083 1021 1148 1061 -sit
1170 1031 1351 1070 semper
1369 1019 1625 1058 nobiscum.
1650 1017 1817 1057 Amen.

262 1096 539 1136 Benedictus
561 1094 689 1134 Deus
711 1100 755 1134 et
776 1093 916 1133 Pater
936 1092 1127 1132 Domini
1156 1090 1304 1130 nostri
1324 1089 1428 1129 Iesu
1458 1088 1653 1138 Christi,
1686 1093 1820 1138 pater

179 1168 322 1208 totius
343 1166 658 1206 miserationis
685 1164 1112 1215 consolationisque
1142 1162 1266 1211 fons,
1298 1173 1325 1200 a
1354 1172 1444 1212 quo
1467 1160 1617 1200 omnis
1639 1165 1817 1198 nostro-

181 1250 286 1278 rum
307 1238 589 1286 animorum,
614 1242 712 1276 tum
733 1235 997 1285 innovatio,
1026 1240 1125 1273 tum
1151 1232 1292 1272 etiam
1321 1230 1581 1282 profectus,
1608 1230 1755 1269 oritur
1777 1235 1821 1268 et

181 1315 385 1349 emanat.
420 1307 659 1359 Superiori
686 1307 775 1346 hoc
809 1303 1158 1358 quadrimestri,
1194 1302 1249 1343 R.
1285 1302 1358 1352 R,
1401 1302 1524 1353 quod
1561 1300 1821 1340 certissima

181 1380 423 1431 hucusque
452 1379 540 1418 fide
573 1385 897 1427 tenueramus,
931 1374 1220 1427 experientia
1246 1373 1399 1413 edocti
1430 1372 1566 1423 plane
1600 1371 1821 1422 cognovi-

183 1462 288 1490 mus
309 1462 367 1490 ex
399 1450 474 1496 iis,
508 1461 626 1500 quae
656 1449 703 1488 in
729 1448 818 1488 hac
840 1447 1012 1498 exigua
1039 1445 1258 1485 minimae
1288 1444 1390 1484 Iesu
1422 1442 1670 1483 Societatis
1691 1447 1823 1493 parte

185 1527 320 1573 gesta
349 1526 478 1561 sunt:
509 1525 683 1571 quanto
716 1530 820 1558 eam
850 1517 979 1558 Deus
1010 1517 1212 1568 optimus
1246 1515 1481 1555 maximus
1510 1518 1823 1564 prosequatur

187 1604 346 1632 amore
367 1602 597 1643 quamque
619 1601 724 1630 eam
743 1589 943 1640 benigne
970 1587 1252 1627 moderetur.
1285 1585 1354 1625 Ob
1384 1584 1509 1636 quod
1538 1583 1824 1623 immortales

187 1663 398 1714 profecto
420 1662 461 1702 ei
481 1661 664 1712 gratias
687 1666 730 1700 et
752 1661 935 1711 agimus
957 1665 1000 1699 et
1022 1658 1265 1698 habemus.

270 1733 570 1784 Compertum
598 1732 732 1772 nobis
766 1736 835 1771 est
869 1736 1068 1782 quantos
1100 1729 1276 1780 (divino
1306 1728 1370 1767 ita
1404 1728 1590 1767 volente
1620 1724 1824 1774 numine)

185 1805 372 1845 labores
394 1809 685 1856 quantasque
707 1802 1001 1843 calamitates
1022 1800 1076 1840 R.
1096 1800 1147 1840 T.
1172 1799 1220 1839 Ρ.
1243 1799 1534 1850 (priusquam
1553 1797 1676 1837 hanc
1697 1796 1826 1836 mini-

186 1887 313 1916 mam
333 1875 435 1916 Iesu
458 1873 741 1914 Societatem
759 1872 1016 1922 inchoaret)
1039 1870 1255 1920 subierit,
1281 1869 1612 1920 cognoscimus
1643 1878 1826 1919 quoque

188 1947 341 1988 Deum
363 1946 588 1998 optimum
609 1945 866 1985 maximum
888 1944 934 1983 in
954 1943 1099 1983 tantis
1127 1941 1513 1990 adversitatibus,
1544 1939 1632 1979 etsi
1659 1939 1824 1990 prima,

188 2018 454 2058 firmissima
474 2023 631 2057 tamen
652 2015 956 2056 fundamenta
974 2014 1162 2064 iecisse;
1186 2013 1405 2053 novimus
1422 2018 1667 2063 praeterea
1685 2010 1831 2049 multa

188 2088 594 2139 intolerabiliaque
627 2087 724 2126 fere
759 2097 1033 2137 perpessam
1070 2084 1127 2124 ab
1158 2084 1289 2124 initio
1331 2082 1637 2130 Societatem,
1674 2079 1831 2120 multis

190 2171 375 2211 semper
414 2158 753 2199 adversitatum
792 2156 1006 2196 fluctibus
1046 2154 1250 2206 undique
1286 2154 1530 2200 iactatam,
1569 2164 1626 2191 ex
1666 2151 1831 2202 quibus

189 2237 348 2271 tamen
368 2236 497 2270 tanta
519 2229 793 2281 provenisse
811 2228 1045 2268 cernimus
1063 2225 1323 2275 commoda,
1343 2231 1500 2264 tantas
1522 2223 1832 2273 subsequutas

191 2301 435 2352 utilitates,
459 2306 508 2340 ut
529 2312 583 2340 ea
614 2300 715 2351 ipsa
744 2300 792 2339 in
820 2299 918 2339 dies
953 2304 1183 2349 augeatur
1203 2303 1247 2336 et
1269 2300 1472 2345 crescat,
1497 2299 1547 2334 ut
1568 2292 1832 2333 mortalium

192 2372 337 2413 animi
359 2384 384 2412 a
404 2371 565 2423 pravis
592 2371 815 2422 falsisque
836 2369 1080 2409 itineribus
1102 2368 1162 2408 ad
1181 2368 1310 2407 Viam
1331 2372 1509 2406 rectam
1531 2364 1830 2412 reducantur,

192 2450 242 2483 ut
261 2443 293 2483 ii
322 2442 400 2494 qui
428 2448 566 2481 antea
595 2441 741 2492 ipsius
773 2447 905 2480 erant
935 2439 1199 2480 adversarii
1229 2436 1526 2490 gravissimi,
1560 2446 1684 2475 nunc
1716 2434 1833 2474 eius-

193 2515 319 2562 dem,
344 2525 437 2553 non
459 2513 609 2552 solum
630 2511 920 2561 laudatores,
943 2522 1110 2551 Verum
1141 2509 1283 2549 etiam
1311 2507 1582 2548 defensores
1609 2505 1715 2545 sint.
1745 2504 1833 2544 Ac-

192 2585 317 2625 cedit
350 2585 423 2624 his
456 2584 662 2624 maxima
697 2594 752 2622 ac
792 2594 909 2634 pene
952 2580 1258 2630 incredibilis,
1290 2585 1389 2619 tum
1418 2576 1705 2629 principum,
1738 2582 1836 2615 tum

193 2655 420 2696 ecclesiae
441 2655 780 2706 praelatorum,
804 2653 852 2692 in
874 2658 1085 2692 nostram
1105 2650 1390 2692 Societatem
1410 2646 1752 2697 benevolentia,
1778 2645 1836 2685 ad

193 2738 335 2778 quam
373 2726 502 2766 Deus
541 2724 646 2776 Opt.
691 2723 814 2764 Max.
858 2723 1059 2763 traxisse
1095 2733 1175 2762 eos
1215 2721 1421 2769 videtur,
1464 2724 1513 2758 ut
1554 2718 1619 2757 ita
1653 2717 1837 2757 facilius

194 2797 534 2838 incrementum
561 2796 608 2836 in
641 2795 739 2835 dies
770 2800 923 2835 sumat
950 2794 1143 2834 minima
1175 2793 1292 2832 haec
1323 2791 1467 2842 ipsius
1501 2788 1726 2830 Societas.
1768 2787 1836 2828 Ob

194 2880 314 2920 quae
342 2868 497 2908 omnia
532 2868 579 2906 in
607 2866 791 2907 Christo
826 2865 1027 2905 Domino
1063 2863 1268 2904 maxime
1306 2861 1588 2912 gloriamur,
1628 2859 1838 2899 conside-

255 3027 265 3047 1
308 3028 567 3062 Apographum,
583 3026 615 3053 in
631 3024 755 3060 duplici
771 3025 860 3058 foliO,
876 3031 933 3052 nn.
949 3024 1003 3051 569
1017 3028 1051 3051 et
1065 3023 1126 3051 570.
