2168 3437
895 252 978 289 Ax.
1011 253 1102 290 1533
1745 255 1817 292 373

182 359 245 386 no
266 347 409 389 haber
431 359 541 387 cosa
565 348 620 387 de
641 360 793 388 nuevo
816 349 860 388 al
879 355 1110 399 presente.
1135 348 1250 389 Dios
1271 356 1461 390 nuestro
1485 349 1632 390 Sefior
1653 362 1738 390 nos
1761 351 1815 391 de

178 421 212 457 a
234 418 369 458 todos
389 429 442 457 su
463 419 647 469 gracia,
672 430 787 470 para
809 430 896 470 que
917 419 1281 470 perfectamente
1302 421 1343 460 le
1365 421 1613 461 sirvamos.
1648 421 1814 461 Amen.

266 488 310 528 A
331 489 388 529 V.
412 488 465 529 R.
489 489 700 541 pedimos
721 501 806 541 por
828 502 960 530 amor
981 490 1037 530 de
1059 489 1174 531 Dios
1195 503 1249 531 su
1270 497 1406 532 santa
1432 492 1692 533 bendicion.

269 559 339 599 De
361 559 599 610 Coimbra‚
623 560 783 600 Ultimo
806 559 861 600 de
883 561 1064 611 Agosto
1087 561 1142 601 de
1167 561 1280 601 1553.

265 629 356 670 Por
380 631 606 670 comision
629 631 701 671 del
722 631 771 671 P.
796 631 904 671 Don
923 631 1068 682 Leon,

268 701 405 741 Inutil
425 702 580 741 siervo
602 714 633 753 y
654 701 748 752 hijo
767 702 957 753 indigno
981 703 1036 742 de
1058 703 1117 743 V.
1142 703 1214 743 P.d
1236 736 1242 753 ,

1168 845 1398 887 MELCHOR
1429 847 1599 888 COTTA.

266 1057 618 1109 Scherscm'ptz‘o
638 1057 688 1098 2'12
709 1062 882 1109 quarta
898 1058 1105 1109 pagina:
1125 1057 1244 1111 JHS.
1270 1058 1329 1098 Αἱ
1351 1070 1461 1110 muy
1484 1059 1584 1099 RdO
1609 1073 1665 1100 en
1688 1061 1816 1101 Chri-

178 1134 257 1168 sto
277 1128 327 1168 P.
351 1129 392 1168 el
413 1128 462 1168 P.
486 1129 690 1170 Maestro
710 1130 901 1181 Ignacio
924 1129 1166 1181 Preposito
1189 1128 1391 1169 General
1411 1131 1466 1170 de
1488 1133 1530 1170 la
1559 1131 1815 1183 Compafiia

182 1198 244 1239 -de
264 1199 414 1253 Jesus,
439 1212 494 1239 en
517 1200 679 1241 Roma.

272 1270 330 1310 La
350 1269 478 1322 v[ia].

267 1342 377 1381 Alia
399 1353 561 1382 mann:
583 1342 867 1394 Conimbria,
891 1343 1053 1383 ultimo
1077 1343 1122 1383 di
1144 1342 1376 1394 Augusto,
1406 1344 1520 1383 1553.

888 1806 1142 1860 CCXL}

252 2069 448 2106 {irardus
469 2069 677 2117 Dawant,
699 2070 958 2108 Leodiensis

305 2133 425 2171 Patri
443 2134 613 2181 Igu-atio
635 2136 687 2173 de
706 2136 892 2183 Loyola.

350 2198 530 2245 Vienna,
555 2201 570 2236 1
593 2199 866 2249 Septembris
890 2201 981 2238 1553
1001 2202 1025 2236 ¹.

262 2405 427 2446 Gratia
448 2413 492 2447 et
514 2419 607 2458 pax
627 2407 685 2447 D.
710 2420 754 2448 n.
776 2409 888 2462 Jesu
911 2409 1036 2450 Chri.
1061 2411 1119 2451 sit
1140 2422 1324 2463 semper
1344 2411 1602 2451 nobiscum.

260 2476 491 2527 Quoniam
513 2477 558 2517 id
579 2478 690 2518 mihi
712 2480 865 2520 oneris
887 2480 1141 2532 imponitur
1162 2488 1210 2522 ut
1241 2490 1371 2522 tuam
1402 2481 1730 2532 paternitatem
1761 2479 1817 2518 de

174 2547 235 2586 iis
267 2547 513 2588 certiorem
546 2548 737 2600 faciam,
776 2562 894 2602 quae
929 2551 1155 2593 Dominus
1183 2553 1465 2593 inexhausta
1494 2563 1578 2591 sua
1606 2551 1815 2590 bonitate

176 2617 397 2668 dignatus
419 2624 488 2658 est
510 2631 591 2670 per
612 2618 830 2671 indignos
851 2632 1015 2662 servos
1037 2626 1145 2663 s'uos
1167 2623 1213 2663 in
1239 2623 1328 2663 hac
1358 2622 1592 2662 austriaca
1622 2622 1815 2672 regione

171 2689 376 2739 operari,
402 2690 575 2729 curabo
594 2701 734 2741 quam
751 2691 1026 2733 brevissime
1047 2700 1210 2745 potero
1231 2701 1338 2734 tuae
1360 2705 1402 2744 p.
1428 2692 1656 2732 iucundos
1677 2692 1814 2732 huius

179 2758 372 2810 Collegii
411 2759 592 2801 fructus
631 2761 720 2801 hoc
759 2763 1091 2814 quadrimestri
1125 2765 1313 2805 evoluto
1354 2766 1499 2803 lectos
1534 2763 1714 2803 offerre.
1752 2763 1811 2804 Ut

173 2836 333 2869 autem
354 2829 506 2870 debito
528 2832 839 2882 procedamus
869 2834 1050 2883 ordine,
1078 2835 1194 2875 haec
1223 2835 1309 2875 sibi
1339 2834 1623 2874 narrationis
1646 2835 1811 2885 princi-

234 3012 243 3032 ¹
283 3013 540 3049 Aurographae,
556 3019 648 3043 totae
660 3024 761 3044 manu
772 3016 907 3052 lifardi,
924 3018 956 3046 in
978 3018 1101 3052 duplici
1115 3019 1203 3053 soiio,
1225 3027 1278 3046 nn.
1301 3019 1352 3046 257
1367 3023 1400 3046 et
1416 3019 1643 3046 288-Earum
1664 3027 1684 3047 a
1702 3020 1736 3047 P.
1754 3020 1812 3046 Po-

178 3061 277 3086 {anco
293 3061 551 3089 emendatarum
566 3067 680 3091 exstat
694 3065 929 3099 apographum
945 3067 1132 3100 exemplum
1149 3067 1181 3093 in
1196 3066 1275 3093 folio
1289 3066 1370 3093 item
1391 3066 1531 3101 duplici,
1553 3074 1606 3094 nn.
1628 3066 1680 3094 203
1700 3073 1733 3094 et
1749 3067 1811 3102 202,
