2168 3437
386 252 456 289 660
916 250 1142 287 LITTERAE
1168 261 1527 293 QUADRIMESTRES

391 350 453 388 ita
474 348 691 397 arbitror,
726 347 815 386 nisi
836 343 1047 386 divinum
1076 347 1277 398 desuper
1299 347 1524 387 auxilium
1546 347 1771 388 adfuisset
1797 353 1841 388 et
1870 354 2029 389 tantus

386 431 515 459 amor
536 424 581 458 et
602 418 867 458 reverentia
889 429 1004 469 erga
1033 417 1220 458 Patrem
1254 418 1299 458 in
1328 418 1538 470 ipsorum
1567 419 1735 459 animis
1762 419 2025 471 insedisset,

386 491 537 530 nullus
572 489 696 541 apud
727 501 805 529 eos
840 489 996 540 aliqua
1027 500 1086 529 ex
1115 495 1248 540 parte
1278 489 1537 529 adhaerere
1571 497 1758 541 posset,
1792 502 1877 531 nec
1914 491 2028 543 ipsis

385 562 636 613 quicquam
671 560 907 611 prodesse.
947 572 1072 600 nunc
1106 560 1170 600 ita
1202 571 1316 612 erga
1351 567 1535 612 patrem
1569 567 1678 601 sunt
1713 561 1867 602 affecti
1903 561 2027 613 (Deo

383 631 586 683 gratias)
614 637 664 671 ut
684 631 906 671 facillime
929 631 986 671 ab
1008 643 1062 671 eo
1084 631 1144 671 ad
1168 631 1399 671 utramvis
1431 638 1615 683 partem
1645 631 1915 684 flectantur;
1939 645 2027 674 nec

383 704 635 755 quicquam
656 703 720 742 ita
742 713 891 753 grave
921 702 1198 754 praecipiet,
1234 702 1307 742 cui
1337 714 1431 742 non
1460 710 1760 754 peramanter
1789 704 2024 755 obediant,

384 788 411 814 a
440 774 631 814 minimo
662 785 810 825 usque
841 772 899 812 ad
930 773 1200 813 maximum.
1232 773 1335 813 Hoc
1362 773 1526 814 eodem
1553 774 1627 814 die
1659 775 1890 815 exivimus
1920 782 2028 827 post

383 846 633 898 prandium
659 856 767 885 cum
796 844 970 884 nostris
997 845 1125 884 hisce
1155 845 1320 884 amicis
1349 844 1409 885 ad
1435 845 1768 886 celebrandum
1796 845 1937 898 digne
1964 847 2026 887 fe-

383 924 529 968 stum,
563 917 609 956 in
640 916 778 956 divae
806 915 986 956 Mariae
1013 927 1170 966 grae,
1203 916 1326 967 quod
1355 928 1438 968 per
1467 917 1591 956 mille
1627 928 1794 968 passus
1823 918 1880 958 ab
1913 919 2025 959 urbe

383 989 546 1038 distat,
571 988 650 1028 ubi
670 999 935 1028 sermonem
956 987 1067 1027 fecit
1090 986 1244 1038 Pater,
1275 999 1366 1039 quo
1388 999 1562 1039 magno
1593 989 1759 1029 solatio
1782 995 1826 1029 et
1847 990 2025 1031 laetitia

382 1061 546 1111 spuali.
571 1071 666 1100 oes.
691 1058 860 1099 affecit.
891 1058 1130 1099 Rediimus
1152 1059 1259 1098 inde
1281 1059 1328 1098 in
1349 1059 1484 1098 laetis
1505 1060 1728 1100 arborum
1757 1060 1949 1101 floribus
1980 1068 2024 1102 et

382 1132 537 1171 herbis
573 1143 600 1171 a
635 1137 763 1170 terra
796 1130 1042 1182 productis
1078 1129 1167 1170 Dei
1203 1130 1443 1181 magnalia
1479 1132 1874 1183 contemplantes,
1916 1132 2024 1173 inde

375 1203 481 1243 -Deo
508 1202 730 1254 gloriam,
762 1214 788 1241 a
819 1214 910 1253 quo
939 1202 1056 1242 haec
1085 1202 1265 1252 omnia,
1296 1202 1573 1254 referentes,
1610 1203 1745 1243 nobis
1780 1203 2023 1245 inutilibus

380 1273 703 1314 confusionem
725 1274 978 1324 capientes.
1003 1273 1125 1313 Dein
1147 1284 1254 1313 cum
1275 1273 1369 1313 iam
1391 1274 1584 1326 propius
1605 1274 1847 1315 civitatem
1868 1287 2023 1316 acces—

379 1346 604 1385 sissemus
630 1351 675 1384 et
706 1345 931 1384 sacellum
961 1344 1197 1395 quoddam
1225 1345 1485 1385 solitarium
1513 1346 1681 1386 orandi
1707 1357 1810 1397 gra.
1843 1353 2021 1398 petere-

378 1428 500 1467 mus,
525 1417 739 1468 populus,
766 1416 951 1456 moenia
973 1415 1182 1456 civitatis
1200 1416 1474 1465 ascendens,
1499 1428 1586 1456 nos
1606 1418 1851 1468 spectabat
1872 1425 2019 1459 trans-

366 1486 562 1538 ¹euntes,
587 1488 737 1528 donec
767 1487 1009 1527 civitatem
1040 1486 1330 1537 ingredimur
1360 1489 1479 1527 terni
1509 1494 1553 1527 et
1584 1489 1799 1540 quaterni
1830 1498 2023 1541 propter

380 1558 726 1600 multitudinem
747 1565 790 1599 et
813 1559 877 1599 ita
900 1570 993 1598 oes.
1020 1570 1167 1609 usque
1198 1559 1257 1599 ad
1285 1559 1472 1599 domum
1501 1559 1783 1610 hospitalem
1809 1563 2021 1612 perveni-

379 1643 496 1671 mus.
520 1631 609 1671 Hic
632 1631 800 1671 iterum
822 1642 1015 1671 cernere
1037 1636 1138 1670 erat
1159 1631 1383 1682 populum
1411 1643 1470 1671 ex
1500 1631 1717 1672 fenestris
1745 1632 1898 1673 Deum
1925 1635 2018 1674 lau-

378 1704 567 1743 dantem
600 1709 645 1743 et
672 1703 854 1754 gratias
888 1708 1108 1752 agentem
1143 1702 1253 1742 dum
1288 1702 1555 1742 Elventium
1591 1704 1832 1744 hominum
1865 1705 2020 1746 mode-

378 1774 515 1814 stiam
551 1779 595 1814 et
625 1786 782 1814 rerum
813 1773 1157 1813 mundanarum
1187 1779 1508 1825 contemptum
1538 1775 1702 1815 cernit.
1733 1775 1821 1815 Dei
1842 1776 1944 1816 laus
1975 1783 2020 1816 et

375 1846 542 1897 gloria,
568 1858 595 1886 a
617 1857 707 1897 quo
731 1846 848 1885 haec
869 1852 913 1885 et
935 1845 1056 1885 bona
1079 1845 1234 1885 omnia
1256 1853 1494 1886 emanant.

456 1917 586 1957 Haec
607 1924 729 1968 sunt,
754 1916 854 1957 Rfst
870 1916 1024 1968 Pater,
1049 1928 1168 1968 quae
1190 1929 1248 1957 ex
1269 1917 1341 1957 his
1358 1918 1473 1957 locis
1490 1919 1578 1958 hoc
1602 1919 1935 1970 quadrimestri
1957 1920 2017 1960 ad

377 1988 423 2028 P.
457 1989 509 2028 Τ.
532 1989 781 2029 scribenda
805 1989 981 2028 censui.
1005 1987 1254 2040 Reliquum
1275 1996 1359 2038 est,
1390 1996 1439 2029 ut
1469 2002 1495 2029 a
1528 1995 1571 2030 te
1594 1991 1771 2042 supplr.
1806 1991 2015 2031 omnium

375 2061 494 2100 noie.
519 2066 678 2111 petam
694 2059 1006 2100 benedictioni
1032 2066 1139 2099 tuae
1161 2071 1247 2099 nos
1268 2059 1444 2100 habeas
1466 2061 1839 2102 commendatos.

454 2132 653 2180 Eborae,
678 2131 867 2172 Calend.
894 2131 1007 2171 Maii
1034 2130 1152 2171 1554.

455 2203 526 2243 Ex
548 2202 878 2243 commissione
902 2202 1057 2242 Patris
1078 2202 1322 2242 Michaelis
1345 2202 1400 2242 de
1424 2203 1636 2254 BairrOS,

1310 2416 1507 2457 MARCUS
1539 2417 1794 2459 GEORGIUS.

446 2700 802 2752 Superscm'ptz'o
826 2701 874 2740 in
894 2704 1038 2740 sexta
1054 2701 1263 2751 pagina:
1290 2701 1380 2741 Ihs.
1412 2701 1472 2742 Al
1504 2713 1615 2754 muy
1636 2702 1742 2744 Η.ᾱο
1771 2715 1827 2743 en
1864 2703 2008 2744 Chro.

362 2772 508 2822 padre
525 2773 566 2812 el
581 2773 727 2824 padre
744 2773 950 2813 Maestro
970 2772 1167 2823 Ignatio,
1183 2773 1453 2824 praeposito
1470 2776 1664 2824 general
1683 2775 1739 2815 de
1757 2775 1801 2815 la
1818 2774 2009 2827 Comp.⁵²

364 2842 419 2882 de
442 2843 594 2895 Jesus.

443 2913 514 2953 En
536 2913 700 2954 Roma.

441 2984 480 3023 2.
505 2984 599 3034 (2.ἃ
616 2985 734 3035 via.)

446 3055 556 3095 Alsa
581 3067 752 3095 manu:
773 3056 839 3104 54,
864 3056 918 3107 Q.
942 3056 1083 3097 Ebor.
1108 3056 1172 3097 4.ο
1193 3057 1304 3107 (sic)
1329 3058 1416 3097 cal.
1441 3059 1568 3110 maij.
