2168 3437
909 241 987 278 AN.
1022 240 1113 278 1553
1750 236 1819 273 325

187 341 291 381 nell'
317 341 436 380 altra
460 340 619 380 chiesa
640 340 684 379 ν’
706 343 730 379 6
751 344 874 379 51313
895 350 989 378 11113
1015 337 1150 389 gran'
1175 335 1466 377 moltitudine
1493 333 1540 374 di
1566 333 1816 383 confitenti,

181 424 278 452 non
299 411 399 451 solo
421 411 528 451 delli
550 410 781 459 continui,
804 421 880 449 ma
902 409 949 449 di
966 408 1106 460 quelli
1123 407 1209 448 che
1230 407 1289 447 da
1310 407 1406 457 doi,
1427 406 1615 457 cinque,
1635 404 1817 453 undeci,

185 494 209 522 e
231 482 530 523 brevemente
557 481 599 521 d’
633 481 787 521 alcuni
815 480 886 520 ch’
918 480 965 520 in
992 484 1110 520 tutta
1139 478 1184 518 la
1214 479 1299 518 lor'
1332 477 1452 528 vita,
1482 475 1681 517 somersi
1709 475 1816 515 nelli

186 553 389 604 peccati,
413 564 507 592 non
527 552 623 592 mai
650 553 685 591 s'
718 563 861 591 erano
884 549 1183 590 comunicati.

262 623 314 664 L’
339 623 527 663 anticha
551 622 795 673 disciplina
816 620 933 661 delle
953 625 1113 660 nostre
1140 619 1315 660 scholle
1337 631 1431 659 non
1456 630 1544 670 pur
1569 629 1663 658 non
1683 617 1819 656 viene

183 706 319 734 meno
342 699 386 734 et
407 694 446 733 si
467 704 717 743 conserva,
741 703 816 732 ma
839 703 999 732 cresce
1020 689 1264 740 etiamdio‚
1288 695 1332 729 et
1362 690 1393 729 il
1422 700 1674 741 progresso
1695 687 1820 738 negli

184 765 326 806 studii
347 765 405 805 da
426 764 572 804 nostri
593 763 799 803 scholari
819 768 864 803 et
886 761 1111 813 discepoli
1131 763 1166 801 s'
1194 767 1470 812 augmenta,
1502 760 1627 812 quali
1648 758 1819 811 puochi

180 836 340 888 giorni
358 835 403 875 fa
425 836 546 875 della
569 847 653 875 sua
680 834 975 886 promotione
1004 833 1166 873 chiaro
1194 838 1240 872 et
1271 831 1519 872 manifesto
1552 830 1722 871 indicio
1744 841 1820 881 pu·

183 907 460 947 blicamente
482 907 639 946 hanno
660 910 905 955 mostrato;
929 904 1133 955 peroche
1155 903 1233 943 alli
1253 903 1306 942 23
1326 902 1373 942 di
1393 902 1572 953 Aprille
1593 900 1696 941 nell'
1714 912 1824 941 area

181 984 228 1018 -et
246 978 453 1018 chiostro
471 977 517 1017 di
534 976 622 1018 Sta
642 976 792 1017 Maria
810 988 836 1016 o
856 977 953 1015 ver’
975 974 1061 1016 S.t0
1077 974 1305 1025 Philippo,
1325 973 1363 1013 si
1380 984 1528 1013 suono
1546 972 1654 1012 duoi
1671 972 1826 1023 giorni

183 1049 298 1089 fatte
319 1049 524 1100 dispute,
558 1054 602 1088 et
629 1049 704 1087 nel
724 1047 874 1099 primo
902 1046 1090 1098 giorno,
1123 1044 1320 1085 essendo
1347 1050 1565 1095 presente
1595 1043 1625 1083 11
1656 1042 1826 1094 Signor

186 1119 380 1171 Vicere,
404 1120 434 1159 li
456 1118 724 1170 magistrati
746 1118 866 1158 della
888 1117 1020 1168 61113,
1046 1123 1091 1157 61
1114 1116 1244 1156 1110111
1275 1116 1382 1155 31111
1411 1114 1555 1155 nobili
1583 1120 1627 1154 et
1657 1113 1825 1165 princi-

186 1191 282 1242 pali
301 1202 518 1242 persone,
545 1196 590 1230 et
611 1190 666 1230 de
686 1188 901 1239 litterati,
926 1187 1148 1228 monachi
1164 1192 1208 1227 et
1225 1186 1332 1226 altri
1349 1197 1441 1226 una
1457 1185 1591 1237 gran’
1613 1184 1824 1235 frequen-

184 1262 262 1301 tia.
287 1261 655 1302 Primeramente
677 1261 736 1301 (13
757 1260 824 1300 561
844 1258 1162 1311 giovannetti,
1187 1269 1276 1298 con
1302 1257 1405 1297 asai
1433 1260 1635 1297 venusta
1656 1261 1701 1295 et
1721 1266 1826 1306 gra-

184 1333 270 1384 tia,
302 1339 427 1373 certe
458 1332 654 1372 oration'
689 1331 843 1382 brevi,
875 1342 1007 1370 come
1034 1329 1216 1382 preludi
1251 1329 1324 1368 del
1344 1328 1425 1380 piu
1453 1339 1602 1379 grave
1639 1332 1748 1366 acto
1785 1332 1829 1366 et

184 1409 408 1455 sequente
431 1403 636 1455 disputa,
660 1403 698 1443 si
720 1414 835 1442 sono
857 1402 1055 1442 recitate
1084 1406 1248 1441 contro
1277 1400 1309 1439 il
1336 1399 1602 1449 Theologo,
1626 1397 1826 1447 Hebreo,

187 1474 363 1526 Greco,
396 1474 671 1524 Rhetorico,
704 1473 984 1514 Humanista
1012 1478 1057 1513 et
1085 1471 1426 1521 Grammatico,
1459 1483 1486 1510 a
1514 1470 1639 1522 quali
1672 1470 1779 1509 tutti
1799 1469 1829 1508 il

185 1546 459 1597 Rhetorico,
484 1545 720 1597 discepolo
743 1550 787 1585 et
810 1549 1123 1593 sostentante‚
1154 1554 1236 1594 per
1266 1554 1316 1582 se
1344 1548 1388 1582 et
1418 1542 1466 1582 in
1486 1553 1623 1581 nome
1646 1541 1702 1581 de
1723 1541 1829 1580 tutti

183 1617 248 1668 gli
270 1617 390 1668 altri,
416 1618 503 1656 3116
524 1618 608 1656 101’
635 1628 766 1656 601116
783 1614 1134 1667 exprobrationi
1156 1620 1200 1654 et
1222 1613 1463 1665 dispreggi
1487 1613 1547 1653 ha
1570 1613 1829 1664 parimente

185 1696 229 1729 et
263 1689 681 1729 cambievolmente
708 1687 933 1739 rispost03
964 1686 1093 1726 finito
1128 1692 1313 1737 questo,
1348 1684 1531 1735 seguito
1561 1685 1606 1723 la
1643 1683 1767 1723 seria
1804 1695 1827 1723 e

183 1760 263 1811 piu
282 1770 431 1811 grave
453 1759 659 1810 disputa,
680 1771 703 1798 e
720 1759 795 1798 nel
810 1758 963 1810 primo
986 1757 1195 1798 conflitto
1214 1757 1381 1808 cinque
1413 1755 1587 1796 dottori
1604 1754 1825 1805 theologi,

181 1831 209 1870 4
229 1831 284 1871 (16
304 1831 330 1870 4
350 1831 504 1871 01·(11111
525 1829 828 1880 mendicanti,
862 1829 895 1869 il
919 1829 1070 1881 primo
1101 1827 1346 1868 sacerdote
1374 1827 1609 1877 secolare,
1641 1826 1751 1866 tutti
1779 1826 1826 1866 in

182 1909 348 1954 questa
375 1902 489 1942 citta
517 1902 561 1941 di
590 1900 755 1952 grand’
784 1900 950 1941 estima
978 1906 1022 1940 et
1053 1911 1206 1950 nome,
1230 1904 1396 1939 contra
1426 1898 1457 1937 il
1476 1898 1696 1948 theologo
1733 1897 1826 1937 han

182 1973 435 2025 disputato.
470 1972 696 2013 Successe
728 1973 876 2012 contr'
906 1972 938 2012 il
959 1971 1165 2011 Maestro
1191 1970 1445 2010 Rhetorico
1475 1968 1551 2008 un’
1577 1968 1824 2019 ludimagi—

184 2050 281 2085 stro
314 2045 361 2085 di
388 2045 469 2096 piu
498 2044 666 2084 tenutti
695 2044 742 2084 di
770 2049 935 2095 questa
965 2043 1099 2090 citta;
1133 2053 1358 2094 appresso
1389 2047 1551 2092 questo
1583 2052 1641 2080 ne
1671 2051 1823 2080 venne

182 2117 260 2156 un’
284 2116 487 2167 giovane
517 2115 665 2156 contr’
692 2115 723 2154 11
749 2114 953 2155 Rhetore
985 2114 1246 2166 discepolo,
1281 2119 1325 2153 et
1355 2113 1509 2165 doppo
1532 2118 1696 2164 questo
1719 2111 1826 2151 duoi

184 2187 293 2227 altri
326 2187 587 2238 giovanetti
624 2187 771 2226 contr'
803 2186 845 2226 il
863 2185 1200 2237 grammatico,
1235 2197 1261 2224 a
1293 2184 1420 2236 quali
1450 2183 1556 2224 tutti
1584 2194 1667 2235 per
1696 2182 1825 2222 Iddio

181 2258 338 2308 gratia
374 2269 463 2298 con
492 2258 636 2297 molta
657 2256 967 2297 sodisfattion'
992 2256 1048 2296 de
1070 2255 1346 2296 circostanti
1367 2255 1402 2295 s'
1423 2259 1447 2295 e
1468 2255 1670 2306 risposto
1702 2265 1725 2293 e
1757 2264 1826 2293 so-

184 2328 391 2369 disfatto.
425 2329 613 2369 Benche
646 2339 729 2378 per
762 2328 806 2367 la
843 2327 1064 2378 angustia
1099 2326 1173 2367 del
1207 2332 1361 2378 tempo
1397 2326 1552 2366 alcuni
1580 2325 1707 2374 altri,
1737 2325 1827 2364 che

183 2400 439 2450 volevano,
465 2411 559 2439 non
580 2399 685 2438 han'
706 2404 899 2450 possuto
929 2403 1278 2449 argumentare.
1301 2396 1350 2437 Si
1376 2397 1456 2437 fini
1476 2396 1658 2436 dunche
1680 2395 1706 2435 l'
1729 2401 1826 2435 atto

184 2471 233 2511 in
262 2471 383 2523 quell
408 2470 560 2522 primo
589 2481 755 2509 sereno
782 2470 949 2520 giorno
979 2481 1067 2509 con
1098 2469 1215 2509 certi
1240 2468 1367 2508 versi
1400 2467 1578 2517 hebrei,
1617 2467 1748 2517 greci
1783 2471 1827 2506 et

186 2542 339 2593 latini,
363 2542 449 2581 che
471 2541 529 2581 da
553 2541 668 2581 certi
689 2540 972 2592 giovanetti‚
1004 2540 1147 2580 etiam
1175 2539 1234 2580 da
1261 2539 1408 2579 nostri
1435 2538 1490 2578 de
1518 2549 1649 2588 casa,
1682 2537 1826 2577 molto

183 2613 562 2664 graciosamente
585 2613 629 2651 al
650 2611 820 2652 Vicere
840 2611 1009 2651 furono
1032 2610 1238 2662 recitati,
1263 2616 1308 2651 et
1329 2611 1373 2650 al
1393 2610 1578 2649 theatro
1601 2608 1656 2649 de
1683 2608 1826 2649 circo-

184 2684 330 2724 stanti
351 2684 537 2724 actione
560 2683 709 2723 anche
732 2682 788 2722 de
808 2683 975 2733 gratie.

266 2755 302 2796 Il
336 2760 556 2806 sequente
590 2754 773 2805 giorno,
803 2765 852 2793 se
877 2753 994 2793 bene
1019 2765 1103 2805 per
1132 2753 1178 2794 13
1205 2753 1462 2793 mutatione
1493 2751 1567 2792 del
1597 2757 1753 2802 tempo
1784 2757 1828 2791 et

185 2826 400 2878 pioggia,
435 2825 608 2877 puochi
634 2825 749 2865 stan’
778 2825 965 2876 venuti,
994 2825 1075 2876 piu
1110 2828 1173 2865 tn.
1211 2836 1326 2864 sono
1354 2823 1462 2864 stati
1489 2823 1555 2874 gli
1582 2834 1827 2874 argumen-

186 2897 328 2948 tanti;
351 2903 396 2937 et
416 2897 683 2937 finalmente
704 2896 735 2936 il
755 2902 890 2947 tutto,
916 2900 1071 2937 1116166
1092 2896 1134 2936 (1’
1160 2895 1306 2947 Iddio,
1329 2895 1445 2935 bene
1466 2901 1509 2935 et
1537 2894 1827 2934 felicemente

185 2972 214 3009 6
235 2967 503 3019 succedutO,
529 2974 573 3008 et
595 2979 678 3019 per
699 2973 863 3019 questa
884 2966 1238 3007 demostration’
1260 2972 1304 3007 et
1321 2967 1518 3018 dispute,
1540 2966 1610 3005 ch'
1629 2978 1656 3005 a
1677 2965 1827 3016 gloria

187 3039 231 3080 d’
266 3039 396 3080 Iddio
433 3045 477 3079 et
512 3038 791 3080 edification'
830 3038 937 3079 delli
970 3038 1173 3090 proximi
1204 3038 1243 3078 si
1271 3049 1357 3078 son
1392 3037 1528 3089 fatte,
1566 3037 1704 3089 quelli
1744 3037 1828 3076 che
