2168 3437
1934 4 1935 9 ¹
1953 0 1956 3 ·
1981 0 2168 30 mcv-omma}

1203 135 1231 170 ‚sl

399 296 470 333 564
912 295 1145 333 LITTERAE
1172 306 1532 339 QUADRlMESTRES

398 394 572 434 frustra
608 392 856 443 laboravit;
895 378 954 432 ad
988 392 1333 433 confessionem
1366 404 1566 444 namque
1599 394 1810 434 nonnulli
1846 394 2039 435 adducti

398 470 518 513 sunt,
543 475 740 515 quorum
761 469 941 503 mentes
962 465 1192 504 scelerum
1215 464 1418 504 vinculis
1440 465 1616 515 ligatae
1642 471 1775 504 erant
1796 470 1845 505 ut
1863 477 2038 517 corpus

397 535 576 575 ferreis.
600 534 840 575 Liberavit
861 541 966 586 post
983 535 1125 575 etiam
1142 535 1318 587 aliquot
1335 548 1394 576 ex
1411 547 1618 583 carcere,
1638 536 1933 576 intercedens
1949 549 2034 588 pro

396 607 488 646 illis
509 606 634 657 apud
656 617 752 656 eOS,
778 607 943 658 quibus
966 606 1157 647 obnoxii
1178 612 1327 647 erant.
1357 607 1549 647 Fratres
1578 618 1761 659 quoque
1788 607 1897 647 laici
1916 608 2038 648 infir·

398 688 501 717 mos
517 677 788 718 visitabant.
809 678 918 727 Alii,
942 690 1060 730 quos
1078 679 1124 718 in
1141 679 1361 729 hospitali
1378 678 1687 730 reperiebant,
1708 678 1767 718 ad
1785 678 2038 719 confessio—

396 760 503 788 nem
525 755 570 788 et
591 750 969 789 communionem
988 749 1377 801 adhortabantur;
1402 749 1567 801 quibus
1583 749 1919 789 monitionibus
1935 750 2037 790 effe-

396 825 522 859 ctum
549 826 619 860 est
653 826 703 861 ut
739 821 864 872 apud
898 821 1126 872 quosdam
1162 826 1585 872 consequerentur,
1620 820 1743 872 quod
1772 820 2039 870 cupiebant.

395 890 489 931 Alii
501 892 716 932 triremes
731 892 1116 943 ingrediebantur
1133 898 1272 944 atque
1290 892 1464 932 ibidem
1481 893 1651 932 multos
1669 892 2038 932 consolabantur

391 967 436 1001 et
466 963 527 1003 ad
557 964 833 1014 patientiam
865 964 1151 1004 animabant.
1175 964 1226 1005 In
1246 963 1513 1015 hujusmodi
1543 964 1682 1004 rebus
1703 963 1869 1003 Patres
1891 965 2037 1004 nostri

392 1035 614 1086 occupati
634 1034 824 1075 fuerunt
841 1041 884 1075 et
902 1035 1055 1076 adhuc
1074 1035 1260 1075 assidue
1276 1042 1543 1086 versantur,
1563 1035 1627 1075 ita
1643 1040 1693 1075 ut
1712 1035 1963 1075 videantur
1980 1036 2037 1075 si-

389 1115 536 1155 gnum
552 1107 798 1146 sustollere
816 1107 872 1147 de
885 1107 1010 1147 omni
1027 1107 1254 1158 religione
1266 1106 1384 1146 bene
1400 1106 1621 1158 sperandi
1638 1112 1682 1146 et
1695 1106 1893 1146 sanandi
1911 1107 2035 1158 quod

388 1178 436 1217 in
462 1177 534 1217 his
560 1178 677 1218 locis
708 1179 961 1218 contritum
989 1184 1103 1218 erat.
1132 1178 1191 1218 Et
1218 1189 1307 1229 quo
1337 1177 1503 1217 melius
1530 1177 1640 1218 mali
1667 1177 1842 1217 abusus
1870 1189 1928 1217 ex
1958 1189 2033 1229 po-

388 1250 496 1301 pulo
518 1249 617 1289 tolli
646 1256 832 1301 queant,
858 1261 884 1290 a
905 1249 1113 1300 Prorege
1132 1261 1285 1301 poena
1313 1249 1565 1289 constituta
1589 1255 1659 1289 est
1679 1248 1966 1299 gravissima
1988 1249 2033 1288 in

389 1332 484 1372 eos,
509 1321 588 1373 qui
608 1321 959 1373 pererraverint
978 1353 985 1371 ,
1015 1321 1062 1360 in
1079 1320 1458 1371 concubinarios,
1477 1321 1524 1360 in
1542 1320 1921 1372 superstitionem
1938 1330 2031 1360 mu-

388 1393 555 1433 lierum
576 1392 891 1444 praeficarum
909 1398 952 1432 et
973 1393 1145 1433 multos
1167 1393 1368 1445 denique
1390 1393 1506 1433 alios
1527 1393 1677 1432 malos
1699 1402 1869 1432 mores

469 1463 586 1504 Sunt
609 1469 765 1504 autem
792 1476 886 1504 non
915 1464 1054 1516 pauci
1076 1464 1154 1516 qui
1175 1476 1224 1504 se
1246 1465 1294 1504 in
1319 1470 1531 1505 nostram
1553 1462 1838 1503 Societatem
1855 1462 2029 1502 deside-

384 1541 497 1576 rant
510 1535 622 1576 dare
635 1541 679 1576 et
693 1541 865 1586 urgent
881 1535 1019 1575 valde
1031 1536 1366 1587 praepositum,
1387 1535 1465 1587 qui
1485 1540 1604 1576 bona
1622 1546 1703 1586 spe
1720 1534 1906 1586 quidem
1918 1532 2041 1584 jam-⁷

384 1606 463 1647 diu
484 1607 653 1647 retenti
675 1612 798 1655 sunt,
825 1607 907 1647 sed
928 1607 993 1647 nil
1014 1612 1171 1647 tamen
1193 1607 1283 1647 illis
1311 1608 1611 1659 (quamquam
1632 1606 1812 1657 egregii
1835 1605 2043 1657 juvenes.

385 1679 507 1729 sunt)
531 1679 647 1719 certi
670 1679 957 1730 promissum
979 1684 1049 1719 est
1076 1684 1184 1719 ante
1214 1679 1470 1719 adventum
1506 1677 1561 1718 R.
1592 1676 1642 1717 Ρ.
1670 1677 1981 1717 Provincialis
2005 1676 2030 1727 ¹,

383 1750 462 1802 qui
485 1750 562 1790 diu
585 1755 865 1801 expectatus
886 1750 971 1790 fuit
993 1756 1037 1790 et
1056 1749 1153 1801 jam
1174 1750 1338 1801 paucis
1359 1755 1470 1789 ante
1492 1749 1662 1789 diebus
1682 1760 1778 1788 una
1801 1760 1907 1788 cum
1923 1747 2041 1788 Pro--

383 1833 495 1873 rege
516 1822 608 1862 huc
629 1822 821 1873 appulit,
849 1827 894 1861 et
916 1827 1108 1873 propter
1129 1821 1289 1861 varias
1307 1821 1647 1872 occupationes
1664 1820 1778 1860 nihil
1796 1820 1860 1860 illi
1877 1820 2031 1860 adhuc

383 1893 465 1933 otii
486 1892 571 1933 fuit
592 1898 642 1933 ut
663 1898 824 1944 posset
847 1893 1024 1944 aliquid
1046 1892 1102 1933 de
1124 1892 1214 1932 illis
1237 1898 1457 1933 statuere.

462 1963 579 2005 Sunt
607 1970 855 2016 praeterea
887 1964 939 2004 25
965 1964 1199 2015 virgines,
1227 1975 1425 2016 quarum
1452 1964 1705 2004 nonnullae
1739 1963 2028 2003 nobilissimo

382 2047 556 2087 genere
585 2041 717 2075 ortae
748 2041 869 2086 sunt,
907 2047 1026 2087 quae
1054 2035 1228 2075 mundo
1256 2035 1528 2075 renuntiare
1559 2034 1751 2085 cupiunt
1779 2039 1823 2074 et
1852 2033 1953 2073 Deo
1982 2034 2027 2074 in

382 2108 614 2158 castitate,
635 2107 898 2147 obedientia
918 2113 961 2146 et
979 2112 1259 2158 paupertate
1277 2106 1470 2146 servire.
1490 2106 1673 2145 Harum
1692 2105 1847 2156 gratia
1865 2105 2025 2156 gnavi-

381 2184 452 2219 ter
470 2179 653 2219 laborat
674 2177 728 2218 R.
758 2177 807 2218 P.
843 2177 1154 2218 Provincialis
1180 2189 1187 2228 3
1217 2177 1452 2217 desiderat
1480 2177 1605 2217 enim
1634 2177 1738 2216 illas
1760 2188 1920 2216 omnes
1946 2177 2026 2216 uni

381 2249 484 2290 Viro
520 2249 832 2302 despondere,
870 2249 1182 2303 JesuchristO,
1232 2255 1277 2289 et
1321 2249 1367 2288 in
1411 2249 1611 2299 collegio
1654 2248 1809 2300 aliquo
1856 2248 2025 2288 consti-

381 2326 527 2372 tuere,
571 2321 691 2361 sicut
712 2320 960 2360 Messanae
980 2320 1105 2371 fecit3
1129 2320 1175 2360 in
1197 2331 1252 2360 eo
1274 2325 1401 2360 totus
1422 2324 1678 2371 occupatus
1701 2325 1770 2359 est
1794 2325 1838 2359 et
1867 2330 2033 2370 spera--

380 2403 485 2433 mus
500 2392 600 2432 fore
617 2398 667 2432 ut
683 2391 812 2432 Deus
829 2397 925 2432 tam
942 2391 1031 2443 piis
1049 2391 1295 2432 conatibus
1311 2396 1503 2442 annuat,
1523 2390 1601 2442 qui
1619 2390 1782 2430 talium
1799 2396 2022 2430 votorum

381 2468 566 2504 amator
587 2469 671 2504 est.

461 2534 695 2585 Panormi,
723 2534 772 2574 lO
792 2533 983 2575 Calend.
1008 2533 1251 2584 Februari,
1277 2545 1400 2573 anno
1427 2533 1544 2573 1554.

459 2606 520 2647 V.
543 2605 598 2647 R.
621 2605 938 2654 Paternitatis,

460 2676 588 2718 Tuus
609 2677 831 2728 indignus
854 2687 1035 2725 servus,

1274 2819 1532 2859 GERAR-Dus
1562 2817 1803 2858 LAPIDIUS.

432 2982 442 3002 ¹
483 2981 518 3008 P.
534 2980 585 3014 Jo.
598 2980 827 3015 Hieronymus
842 2978 1049 3007 Domenech.
