2168 3437
288 282 362 320 394
806 279 1033 315 LITTERAE
1059 287 1141 320 QUA
1148 286 1416 313 DRIMESTRES

963 727 1251 783 CCXLVI

410 1023 531 1060 Patri
549 1022 719 1070 Ignatio
741 1022 794 1059 de
813 1021 1000 1069 Loyola,

457 1088 742 1132 Salmantica,
758 1087 781 1124 8
799 1085 1072 1134 Septembris
1094 1085 1185 1123 1553
1204 1085 1228 1120 ¹.

1055 1292 1153 1334 IHS

375 1509 540 1550 Gratia
563 1515 606 1549 et
627 1520 722 1560 pax
743 1507 816 1548 X.i
843 1508 954 1562 Jesu
975 1508 1032 1547 sit
1055 1517 1239 1558 semper
1259 1505 1516 1545 nobiscum.
1540 1503 1707 1544 Amen.

372 1579 597 1620 Omnibus
619 1591 736 1631 quae
758 1579 858 1630 hic,
882 1578 931 1619 P.
955 1577 1079 1628 Rfle,
1102 1589 1185 1629 per
1207 1576 1448 1629 operarios
1476 1585 1586 1615 suos
1614 1573 1750 1624 (Vilia
1780 1572 1925 1612 Colle—

285 1650 353 1701 gii
374 1649 510 1701 hujus
531 1649 866 1700 instrumenta)
896 1649 1053 1689 facere
1085 1648 1319 1699 dignatur,
1353 1647 1692 1687 incrementum
1718 1643 1797 1684 dat
1828 1643 1927 1695 ipse

286 1721 430 1761 Deus.
455 1720 652 1772 Saepiu's
673 1720 902 1772 siquidem
922 1725 967 1760 et
986 1731 1099 1760 mox
1119 1718 1359 1759 morituris
1378 1722 1566 1769 praesto
1589 1726 1749 1755 sumus
1777 1720 1845 1765 et,
1880 1719 1929 1754 ut

286 1792 474 1832 Christo
514 1792 796 1841 moriantur,
843 1803 937 1831 non
976 1791 1076 1830 sine
1115 1790 1270 1830 fructu
1317 1788 1627 1829 elaboramus.
1677 1785 1928 1836 Nunquam

287 1869 533 1915 praeterea
555 1863 683 1903 deest
706 1862 892 1903 occasio
914 1861 1048 1902 nobis
1071 1861 1332 1901 animorum
1360 1859 1576 1899 miserias
1607 1856 1928 1909 spiritualibus

284 1934 564 1974 sublevandi
600 1934 858 1985 colloquiis.
895 1933 953 1973 Et
980 1933 1150 1972 multus
1186 1938 1333 1982 certe,
1370 1937 1467 1970 tam
1497 1929 1631 1969 nobis
1659 1939 1800 1979 quam
1833 1926 1927 1967 Sal-

288 2005 520 2045 manticae
543 2005 743 2055 civitati,
768 2016 894 2044 mere
916 2003 1172 2055 spiritualis
1192 2002 1372 2042 fructus
1394 2008 1478 2049 est,
1503 2011 1608 2040 cum
1629 1999 1676 2039 in
1698 1998 1925 2050 quotidia-

285 2077 358 2116 nis
379 2088 435 2116 ac
455 2076 827 2126 generalioribus
854 2074 1224 2115 confessionibus
1255 2072 1519 2122 audiendis,
1553 2077 1652 2111 tum
1673 2070 1720 2110 in
1741 2081 1927 2110 sacram

284 2147 496 2188 fidelibus
534 2147 882 2188 Eucharistiam
920 2145 1312 2195 administrando,
1350 2144 1579 2194 simulque
1619 2141 1925 2182 christianam

284 2219 550 2259 doctrinam
572 2218 817 2258 dominicis
839 2217 1000 2257 diebus
1022 2228 1049 2256 a
1070 2216 1268 2268 prandio
1288 2213 1625 2267 praelegendo,
1658 2211 1791 2263 cujus
1819 2223 1926 2263 gra-

284 2290 349 2330 tia
378 2297 474 2330 tam
501 2290 632 2330 multi
663 2290 722 2329 ad
749 2301 835 2329 nos
857 2288 1118 2339 confluunt,
1144 2293 1192 2327 ut
1213 2286 1412 2327 ecclesia
1440 2297 1533 2325 non
1564 2295 1727 2324 omnes
1758 2295 1928 2334 capere

287 2361 454 2412 possit3
482 2372 571 2412 quo
592 2360 769 2400 factum
798 2366 887 2411 est,
911 2365 961 2399 ut
983 2370 1087 2399 eam
1119 2357 1405 2409 amplificare
1435 2356 1588 2396 coacti
1614 2356 1774 2395 simus.
1805 2354 1924 2394 Nun-

287 2443 427 2483 quam
464 2432 599 2472 nobis
637 2444 663 2472 a
704 2430 952 2471 Dominica
997 2429 1374 2470 Resurrectionis
1415 2428 1475 2468 ad
1515 2427 1601 2467 hos
1645 2438 1791 2478 usque
1830 2425 1928 2465 dies
1973 2424 1976 2428 ’

283 2503 675 2543 scholasticorum
700 2504 858 2554 plures
885 2501 1150 2552 defuerunt,
1182 2501 1279 2552 qui,
1314 2510 1492 2540 novum
1522 2510 1576 2538 ac
1612 2504 1827 2538 sanctum
1861 2497 1924 2536 vi-

286 2574 425 2613 vendi
446 2584 594 2624 genus
617 2574 835 2625 amplecti
868 2573 1130 2624 cupientes,
1163 2571 1480 2623 spiritualibus
1508 2569 1746 2610 exercitiis
1778 2568 1925 2608 multo

286 2656 393 2684 cum
426 2644 580 2685 fructu
621 2650 966 2685 exercerentur.
1010 2643 1383 2683 Presbiterorum
1424 2647 1578 2681 autem
1612 2652 1668 2680 ac
1703 2639 1927 2680 nobilium

284 2716 496 2766 quidam,
526 2716 701 2756 sanctis
730 2715 973 2767 colloquiis
1003 2714 1214 2764 excitati,
1251 2713 1527 2764 religionem
1564 2717 1671 2751 sunt
1704 2710 1921 2761 ingressi:

287 2786 477 2837 quidam
498 2798 625 2836 vero,
651 2798 706 2826 ac
728 2786 1022 2838 potissimum
1042 2784 1309 2836 presbiteri,
1334 2790 1514 2824 tantum
1537 2782 1696 2822 divina
1718 2781 1926 2821 bonitate

286 2857 412 2908 apud
445 2869 531 2897 nos
566 2857 888 2908 profecerunt,
925 2863 994 2907 ut,
1033 2856 1150 2896 alios
1185 2856 1245 2896 ad
1277 2855 1404 2895 viam
1443 2853 1633 2893 Domini
1667 2852 1923 2892 allicientes

286 2928 522 2979 multoque
557 2928 721 2979 spiritu
756 2928 1020 2977 trahentes,
1057 2934 1153 2967 tam
1188 2925 1445 2978 prophanis
1480 2922 1747 2964 hominibus
1785 2934 1925 2974 quam

345 3089 354 3109 1
397 3089 661 3123 Apographum,
678 3089 775 3116 unico
791 3088 1003 3120 f01i0,n.448.
