<?xml version="1.0" encoding="UTF-8"?>
<!DOCTYPE html PUBLIC "-//W3C//DTD XHTML 1.0 Transitional//EN"
    "http://www.w3.org/TR/xhtml1/DTD/xhtml1-transitional.dtd">
<html xmlns="http://www.w3.org/1999/xhtml" xml:lang="en" lang="en">
 <head>
  <title>
</title>
<meta http-equiv="Content-Type" content="text/html;charset=utf-8" />
  <meta name='ocr-system' content='tesseract 3.04.00' />
  <meta name='ocr-capabilities' content='ocr_page ocr_carea ocr_par ocr_line ocrx_word'/>
</head>
<body>
  <div class='ocr_page' id='page_1' title='image "./litteraequadrime1402lain_0031.png"; bbox 0 0 2168 3437; ppageno 0'>
   <div class='ocr_carea' id='block_1_1' title="bbox 892 178 1815 220">
    <p class='ocr_par' dir='ltr' id='par_1_1' title="bbox 892 178 1815 220">
     <span class='ocr_line' id='line_1_1' title="bbox 892 178 1815 220; baseline -0.002 -3"><span class='ocrx_word' id='word_1_1' title='bbox 892 181 975 217; x_wconf 81' lang='grc' dir='ltr'>ΑΝ.</span> <span class='ocrx_word' id='word_1_2' title='bbox 1006 180 1097 220; x_wconf 79' lang='lat'>1552</span> <span class='ocrx_word' id='word_1_3' title='bbox 1765 178 1815 215; x_wconf 82' lang='lat'>27</span> 
     </span>
    </p>
   </div>
   <div class='ocr_carea' id='block_1_2' title="bbox 168 274 1813 2743">
    <p class='ocr_par' dir='ltr' id='par_1_2' title="bbox 168 274 1813 1675">
     <span class='ocr_line' id='line_1_2' title="bbox 173 274 1808 329; baseline -0.004 -9"><span class='ocrx_word' id='word_1_4' title='bbox 173 279 452 329; x_wconf 89' lang='lat' dir='ltr'>ciscebatur,</span> <span class='ocrx_word' id='word_1_5' title='bbox 490 277 567 317; x_wconf 93' lang='lat' dir='ltr'>ubi</span> <span class='ocrx_word' id='word_1_6' title='bbox 601 277 796 317; x_wconf 88' lang='lat' dir='ltr'>infirmis</span> <span class='ocrx_word' id='word_1_7' title='bbox 830 277 926 316; x_wconf 91' lang='lat' dir='ltr'>bini</span> <span class='ocrx_word' id='word_1_8' title='bbox 959 288 1042 328; x_wconf 89' lang='lat' dir='ltr'>per</span> <span class='ocrx_word' id='word_1_9' title='bbox 1076 275 1417 320; x_wconf 83' lang='lat' dir='ltr'>hebdomadas,</span> <span class='ocrx_word' id='word_1_10' title='bbox 1457 285 1563 314; x_wconf 88' lang='lat' dir='ltr'>cum</span> <span class='ocrx_word' id='word_1_11' title='bbox 1601 274 1808 314; x_wconf 85' lang='lat' dir='ltr'>maxima</span> 
     </span>
     <span class='ocr_line' id='line_1_3' title="bbox 174 344 1810 401; baseline -0.004 -11"><span class='ocrx_word' id='word_1_12' title='bbox 174 361 335 390; x_wconf 91' lang='lat' dir='ltr'>eorum</span> <span class='ocrx_word' id='word_1_13' title='bbox 355 349 434 401; x_wconf 88' lang='lat' dir='ltr'>qui</span> <span class='ocrx_word' id='word_1_14' title='bbox 453 348 675 388; x_wconf 88' lang='lat' dir='ltr'>videbant</span> <span class='ocrx_word' id='word_1_15' title='bbox 697 347 1037 397; x_wconf 87' lang='lat' dir='ltr'>aedificatione,</span> <span class='ocrx_word' id='word_1_16' title='bbox 1061 346 1339 386; x_wconf 88' lang='lat' dir='ltr'>servierunt.</span> <span class='ocrx_word' id='word_1_17' title='bbox 1363 344 1484 384; x_wconf 91' lang='lat' dir='ltr'>Huic</span> <span class='ocrx_word' id='word_1_18' title='bbox 1505 350 1661 384; x_wconf 88' lang='lat' dir='ltr'>autem</span> <span class='ocrx_word' id='word_1_19' title='bbox 1679 344 1810 396; x_wconf 88' lang='lat' dir='ltr'>operi</span> 
     </span>
     <span class='ocr_line' id='line_1_4' title="bbox 174 415 1810 469; baseline -0.004 -8"><span class='ocrx_word' id='word_1_20' title='bbox 174 420 456 462; x_wconf 79' lang='lat' dir='ltr'>intendimus</span> <span class='ocrx_word' id='word_1_21' title='bbox 483 419 630 459; x_wconf 92' lang='lat' dir='ltr'>donec</span> <span class='ocrx_word' id='word_1_22' title='bbox 661 430 716 458; x_wconf 88' lang='lat' dir='ltr'>ea</span> <span class='ocrx_word' id='word_1_23' title='bbox 743 430 856 458; x_wconf 90' lang='lat' dir='ltr'>cura</span> <span class='ocrx_word' id='word_1_24' title='bbox 884 431 911 458; x_wconf 90' lang='lat' dir='ltr'>a</span> <span class='ocrx_word' id='word_1_25' title='bbox 936 417 1217 469; x_wconf 78' lang='lat' dir='ltr'>jurisperitis</span> <span class='ocrx_word' id='word_1_26' title='bbox 1244 422 1288 456; x_wconf 95' lang='lat' dir='ltr'>et</span> <span class='ocrx_word' id='word_1_27' title='bbox 1321 415 1515 456; x_wconf 82' lang='lat' dir='ltr'>notariis</span> <span class='ocrx_word' id='word_1_28' title='bbox 1551 415 1810 467; x_wconf 89' lang='lat' dir='ltr'>suscipere-</span> 
     </span>
     <span class='ocr_line' id='line_1_5' title="bbox 174 486 1811 542; baseline -0.004 -10"><span class='ocrx_word' id='word_1_29' title='bbox 174 498 263 541; x_wconf 85' lang='lat' dir='ltr'>tur,</span> <span class='ocrx_word' id='word_1_30' title='bbox 293 491 352 531; x_wconf 91' lang='lat' dir='ltr'>ad</span> <span class='ocrx_word' id='word_1_31' title='bbox 381 502 497 542; x_wconf 90' lang='lat' dir='ltr'>quos</span> <span class='ocrx_word' id='word_1_32' title='bbox 524 491 571 530; x_wconf 92' lang='lat' dir='ltr'>in</span> <span class='ocrx_word' id='word_1_33' title='bbox 600 489 764 542; x_wconf 90' lang='lat' dir='ltr'>primis</span> <span class='ocrx_word' id='word_1_34' title='bbox 792 490 1025 540; x_wconf 87' lang='lat' dir='ltr'>pertinere</span> <span class='ocrx_word' id='word_1_35' title='bbox 1054 488 1330 528; x_wconf 87' lang='lat' dir='ltr'>videbatur:</span> <span class='ocrx_word' id='word_1_36' title='bbox 1362 496 1561 538; x_wconf 87' lang='lat' dir='ltr'>aequum</span> <span class='ocrx_word' id='word_1_37' title='bbox 1588 486 1712 526; x_wconf 90' lang='lat' dir='ltr'>enim</span> <span class='ocrx_word' id='word_1_38' title='bbox 1740 493 1811 526; x_wconf 91' lang='lat' dir='ltr'>est</span> 
     </span>
     <span class='ocr_line' id='line_1_6' title="bbox 174 557 1812 614; baseline -0.003 -12"><span class='ocrx_word' id='word_1_39' title='bbox 174 568 243 613; x_wconf 93' lang='lat' dir='ltr'>ut,</span> <span class='ocrx_word' id='word_1_40' title='bbox 268 573 464 614; x_wconf 87' lang='lat' dir='ltr'>quorum</span> <span class='ocrx_word' id='word_1_41' title='bbox 484 561 550 601; x_wconf 90' lang='lat' dir='ltr'>illi</span> <span class='ocrx_word' id='word_1_42' title='bbox 572 560 906 601; x_wconf 87' lang='lat' dir='ltr'>controversiis</span> <span class='ocrx_word' id='word_1_43' title='bbox 928 560 1184 608; x_wconf 90' lang='lat' dir='ltr'>ditescunt,</span> <span class='ocrx_word' id='word_1_44' title='bbox 1216 569 1376 598; x_wconf 91' lang='lat' dir='ltr'>eorum</span> <span class='ocrx_word' id='word_1_45' title='bbox 1406 569 1587 609; x_wconf 89' lang='lat' dir='ltr'>quoque</span> <span class='ocrx_word' id='word_1_46' title='bbox 1609 557 1812 598; x_wconf 88' lang='lat' dir='ltr'>miseriis</span> 
     </span>
     <span class='ocr_line' id='line_1_7' title="bbox 174 628 1809 683; baseline -0.003 -10"><span class='ocrx_word' id='word_1_47' title='bbox 174 633 468 673; x_wconf 77' lang='lat' dir='ltr'><strong>subveniant.</strong></span> <span class='ocrx_word' id='word_1_48' title='bbox 491 632 620 672; x_wconf 90' lang='lat' dir='ltr'>Haec</span> <span class='ocrx_word' id='word_1_49' title='bbox 643 643 718 672; x_wconf 91' lang='lat' dir='ltr'>res</span> <span class='ocrx_word' id='word_1_50' title='bbox 738 632 803 671; x_wconf 90' lang='lat' dir='ltr'>ita</span> <span class='ocrx_word' id='word_1_51' title='bbox 824 631 1009 683; x_wconf 25' lang='lat' dir='ltr'>dem-um</span> <span class='ocrx_word' id='word_1_52' title='bbox 1032 629 1245 670; x_wconf 87' lang='lat' dir='ltr'>confecta</span> <span class='ocrx_word' id='word_1_53' title='bbox 1267 629 1369 669; x_wconf 69' lang='lat' dir='ltr'>fuit,</span> <span class='ocrx_word' id='word_1_54' title='bbox 1393 628 1532 668; x_wconf 84' lang='lat' dir='ltr'>Pater</span> <span class='ocrx_word' id='word_1_55' title='bbox 1553 629 1738 669; x_wconf 87' lang='lat' dir='ltr'>curavit</span> <span class='ocrx_word' id='word_1_56' title='bbox 1759 634 1809 668; x_wconf 95' lang='lat' dir='ltr'>ut</span> 
     </span>
     <span class='ocr_line' id='line_1_8' title="bbox 171 699 1810 756; baseline -0.004 -12"><span class='ocrx_word' id='word_1_57' title='bbox 171 704 428 756; x_wconf 83' lang='lat' dir='ltr'>J&#39;urisperiti</span> <span class='ocrx_word' id='word_1_58' title='bbox 448 710 492 743; x_wconf 93' lang='lat' dir='ltr'>et</span> <span class='ocrx_word' id='word_1_59' title='bbox 517 703 697 754; x_wconf 51' lang='lat' dir='ltr'>notarii,</span> <span class='ocrx_word' id='word_1_60' title='bbox 716 702 854 743; x_wconf 88' lang='lat' dir='ltr'>simul</span> <span class='ocrx_word' id='word_1_61' title='bbox 882 701 941 742; x_wconf 91' lang='lat' dir='ltr'>ad</span> <span class='ocrx_word' id='word_1_62' title='bbox 970 700 1224 751; x_wconf 83' lang='lat' dir='ltr'>Proregem</span> <span class='ocrx_word' id='word_1_63' title='bbox 1251 705 1644 740; x_wconf 73' lang='lat' dir='ltr'>convocarentur.</span> <span class='ocrx_word' id='word_1_64' title='bbox 1675 699 1810 750; x_wconf 83' lang='lat' dir='ltr'>Quod</span> 
     </span>
     <span class='ocr_line' id='line_1_9' title="bbox 174 771 1813 825; baseline -0.003 -10"><span class='ocrx_word' id='word_1_65' title='bbox 174 787 280 816; x_wconf 91' lang='lat' dir='ltr'>cum</span> <span class='ocrx_word' id='word_1_66' title='bbox 300 774 476 814; x_wconf 86' lang='lat' dir='ltr'>factum</span> <span class='ocrx_word' id='word_1_67' title='bbox 502 773 680 825; x_wconf 86' lang='lat' dir='ltr'>fuisset,</span> <span class='ocrx_word' id='word_1_68' title='bbox 705 777 1025 813; x_wconf 79' lang='lat' dir='ltr'>convenerunt</span> <span class='ocrx_word' id='word_1_69' title='bbox 1046 783 1232 811; x_wconf 88' lang='lat' dir='ltr'>omnes:</span> <span class='ocrx_word' id='word_1_70' title='bbox 1256 771 1495 822; x_wconf 74' lang='lat' dir='ltr'>negotium</span> <span class='ocrx_word' id='word_1_71' title='bbox 1527 771 1616 810; x_wconf 86' lang='lat' dir='ltr'>illis</span> <span class='ocrx_word' id='word_1_72' title='bbox 1643 782 1813 822; x_wconf 77' lang='lat' dir='ltr'>propo—</span> 
     </span>
     <span class='ocr_line' id='line_1_10' title="bbox 174 841 1807 894; baseline -0.004 -8"><span class='ocrx_word' id='word_1_73' title='bbox 174 846 320 886; x_wconf 84' lang='lat' dir='ltr'>nitur:</span> <span class='ocrx_word' id='word_1_74' title='bbox 346 845 531 885; x_wconf 91' lang='lat' dir='ltr'>demum</span> <span class='ocrx_word' id='word_1_75' title='bbox 551 845 704 884; x_wconf 90' lang='lat' dir='ltr'>nullus</span> <span class='ocrx_word' id='word_1_76' title='bbox 725 849 795 884; x_wconf 88' lang='lat' dir='ltr'>est</span> <span class='ocrx_word' id='word_1_77' title='bbox 815 843 892 894; x_wconf 89' lang='lat' dir='ltr'>qui</span> <span class='ocrx_word' id='word_1_78' title='bbox 914 854 1007 882; x_wconf 91' lang='lat' dir='ltr'>non</span> <span class='ocrx_word' id='word_1_79' title='bbox 1038 842 1314 882; x_wconf 77' lang='lat' dir='ltr'>consentiat.</span> <span class='ocrx_word' id='word_1_80' title='bbox 1345 841 1465 881; x_wconf 90' lang='lat' dir='ltr'>Huic</span> <span class='ocrx_word' id='word_1_81' title='bbox 1494 848 1651 881; x_wconf 85' lang='lat' dir='ltr'>autem</span> <span class='ocrx_word' id='word_1_82' title='bbox 1678 841 1807 893; x_wconf 91' lang='lat' dir='ltr'>operi</span> 
     </span>
     <span class='ocr_line' id='line_1_11' title="bbox 172 912 1812 967; baseline -0.003 -11"><span class='ocrx_word' id='word_1_83' title='bbox 172 922 356 956; x_wconf 89' lang='lat' dir='ltr'>tantum</span> <span class='ocrx_word' id='word_1_84' title='bbox 387 916 558 967; x_wconf 84' lang='lat' dir='ltr'>singuli</span> <span class='ocrx_word' id='word_1_85' title='bbox 585 926 764 964; x_wconf 89' lang='lat' dir='ltr'>eorum,</span> <span class='ocrx_word' id='word_1_86' title='bbox 789 926 883 954; x_wconf 91' lang='lat' dir='ltr'>una</span> <span class='ocrx_word' id='word_1_87' title='bbox 913 924 1019 953; x_wconf 90' lang='lat' dir='ltr'>cum</span> <span class='ocrx_word' id='word_1_88' title='bbox 1048 913 1180 953; x_wconf 90' lang='lat' dir='ltr'>curia</span> <span class='ocrx_word' id='word_1_89' title='bbox 1208 912 1369 964; x_wconf 82' lang='lat' dir='ltr'>(quam</span> <span class='ocrx_word' id='word_1_90' title='bbox 1396 913 1471 951; x_wconf 89' lang='lat' dir='ltr'>hic</span> <span class='ocrx_word' id='word_1_91' title='bbox 1499 913 1680 952; x_wconf 67' lang='lat' dir='ltr'>cursam</span> <span class='ocrx_word' id='word_1_92' title='bbox 1715 924 1812 952; x_wconf 79' lang='lat' dir='ltr'>ma-</span> 
     </span>
     <span class='ocr_line' id='line_1_12' title="bbox 172 983 1802 1038; baseline -0.002 -11"><span class='ocrx_word' id='word_1_93' title='bbox 172 999 324 1038; x_wconf 75' lang='lat' dir='ltr'>gnam</span> <span class='ocrx_word' id='word_1_94' title='bbox 356 985 366 1005; x_wconf 87' lang='lat'>¹</span> <span class='ocrx_word' id='word_1_95' title='bbox 400 987 663 1034; x_wconf 84' lang='lat' dir='ltr'>nominant)</span> <span class='ocrx_word' id='word_1_96' title='bbox 695 991 740 1025; x_wconf 94' lang='lat' dir='ltr'>et</span> <span class='ocrx_word' id='word_1_97' title='bbox 771 985 961 1026; x_wconf 85' lang='lat' dir='ltr'>civitate</span> <span class='ocrx_word' id='word_1_98' title='bbox 990 984 1231 1034; x_wconf 76' lang='lat' dir='ltr'>Messana,</span> <span class='ocrx_word' id='word_1_99' title='bbox 1255 983 1452 1034; x_wconf 82' lang='lat' dir='ltr'>singulis</span> <span class='ocrx_word' id='word_1_100' title='bbox 1475 984 1611 1023; x_wconf 86' lang='lat' dir='ltr'>annis</span> <span class='ocrx_word' id='word_1_101' title='bbox 1642 983 1802 1023; x_wconf 84' lang='lat' dir='ltr'>contri·</span> 
     </span>
     <span class='ocr_line' id='line_1_13' title="bbox 171 1054 1808 1107; baseline -0.003 -9"><span class='ocrx_word' id='word_1_102' title='bbox 171 1058 313 1098; x_wconf 93' lang='lat' dir='ltr'>buere</span> <span class='ocrx_word' id='word_1_103' title='bbox 334 1062 596 1097; x_wconf 89' lang='lat' dir='ltr'>statuerunt</span> <span class='ocrx_word' id='word_1_104' title='bbox 618 1062 667 1096; x_wconf 93' lang='lat' dir='ltr'>ut</span> <span class='ocrx_word' id='word_1_105' title='bbox 688 1056 761 1096; x_wconf 90' lang='lat' dir='ltr'>his</span> <span class='ocrx_word' id='word_1_106' title='bbox 781 1055 1023 1106; x_wconf 82' lang='lat' dir='ltr'>reditibus,</span> <span class='ocrx_word' id='word_1_107' title='bbox 1046 1055 1124 1107; x_wconf 89' lang='lat' dir='ltr'>qui</span> <span class='ocrx_word' id='word_1_108' title='bbox 1145 1054 1358 1105; x_wconf 90' lang='lat' dir='ltr'>perpetui</span> <span class='ocrx_word' id='word_1_109' title='bbox 1374 1061 1521 1103; x_wconf 87' lang='lat' dir='ltr'>erunt,</span> <span class='ocrx_word' id='word_1_110' title='bbox 1542 1066 1635 1093; x_wconf 90' lang='lat' dir='ltr'>non</span> <span class='ocrx_word' id='word_1_111' title='bbox 1658 1055 1808 1094; x_wconf 87' lang='lat' dir='ltr'>solum</span> 
     </span>
     <span class='ocr_line' id='line_1_14' title="bbox 172 1126 1812 1180; baseline -0.002 -12"><span class='ocrx_word' id='word_1_112' title='bbox 172 1129 400 1180; x_wconf 90' lang='lat' dir='ltr'>hospitale</span> <span class='ocrx_word' id='word_1_113' title='bbox 422 1128 674 1168; x_wconf 90' lang='lat' dir='ltr'>sustentari</span> <span class='ocrx_word' id='word_1_114' title='bbox 694 1127 866 1179; x_wconf 90' lang='lat' dir='ltr'>possit,</span> <span class='ocrx_word' id='word_1_115' title='bbox 885 1127 968 1167; x_wconf 93' lang='lat' dir='ltr'>sed</span> <span class='ocrx_word' id='word_1_116' title='bbox 988 1127 1131 1166; x_wconf 91' lang='lat' dir='ltr'>etiam</span> <span class='ocrx_word' id='word_1_117' title='bbox 1151 1126 1215 1165; x_wconf 88' lang='lat' dir='ltr'>illi</span> <span class='ocrx_word' id='word_1_118' title='bbox 1236 1137 1421 1177; x_wconf 83' lang='lat' dir='ltr'>quoque</span> <span class='ocrx_word' id='word_1_119' title='bbox 1442 1126 1675 1165; x_wconf 85' lang='lat' dir='ltr'>carcerati</span> <span class='ocrx_word' id='word_1_120' title='bbox 1706 1126 1812 1165; x_wconf 83' lang='lat' dir='ltr'>sub-</span> 
     </span>
     <span class='ocr_line' id='line_1_15' title="bbox 171 1196 1805 1250; baseline -0.002 -11"><span class='ocrx_word' id='word_1_121' title='bbox 171 1200 471 1250; x_wconf 86' lang='lat' dir='ltr'>levabuntur,</span> <span class='ocrx_word' id='word_1_122' title='bbox 495 1199 661 1250; x_wconf 89' lang='lat' dir='ltr'>quibus</span> <span class='ocrx_word' id='word_1_123' title='bbox 693 1204 880 1250; x_wconf 91' lang='lat' dir='ltr'>praeter</span> <span class='ocrx_word' id='word_1_124' title='bbox 911 1197 1150 1238; x_wconf 88' lang='lat' dir='ltr'>miseriam</span> <span class='ocrx_word' id='word_1_125' title='bbox 1175 1197 1290 1236; x_wconf 87' lang='lat' dir='ltr'>nihil</span> <span class='ocrx_word' id='word_1_126' title='bbox 1320 1202 1546 1248; x_wconf 86' lang='lat' dir='ltr'>superest.</span> <span class='ocrx_word' id='word_1_127' title='bbox 1578 1196 1646 1236; x_wconf 90' lang='lat' dir='ltr'>Illi</span> <span class='ocrx_word' id='word_1_128' title='bbox 1676 1208 1805 1247; x_wconf 87' lang='lat' dir='ltr'>vero,</span> 
     </span>
     <span class='ocr_line' id='line_1_16' title="bbox 173 1267 1808 1321; baseline -0.002 -11"><span class='ocrx_word' id='word_1_129' title='bbox 173 1270 339 1321; x_wconf 92' lang='lat' dir='ltr'>quibus</span> <span class='ocrx_word' id='word_1_130' title='bbox 365 1281 481 1321; x_wconf 90' lang='lat' dir='ltr'>opus</span> <span class='ocrx_word' id='word_1_131' title='bbox 509 1269 704 1309; x_wconf 88' lang='lat' dir='ltr'>curandi</span> <span class='ocrx_word' id='word_1_132' title='bbox 733 1269 964 1320; x_wconf 89' lang='lat' dir='ltr'>hospitale</span> <span class='ocrx_word' id='word_1_133' title='bbox 993 1268 1238 1318; x_wconf 83' lang='lat' dir='ltr'>incumbit,</span> <span class='ocrx_word' id='word_1_134' title='bbox 1271 1273 1445 1307; x_wconf 86' lang='lat' dir='ltr'>statuta</span> <span class='ocrx_word' id='word_1_135' title='bbox 1473 1267 1593 1308; x_wconf 88' lang='lat' dir='ltr'>inter</span> <span class='ocrx_word' id='word_1_136' title='bbox 1622 1279 1671 1306; x_wconf 89' lang='lat' dir='ltr'>se</span> <span class='ocrx_word' id='word_1_137' title='bbox 1701 1279 1808 1307; x_wconf 89' lang='lat' dir='ltr'>con-</span> 
     </span>
     <span class='ocr_line' id='line_1_17' title="bbox 173 1338 1803 1393; baseline -0.002 -12"><span class='ocrx_word' id='word_1_138' title='bbox 173 1341 485 1393; x_wconf 88' lang='lat' dir='ltr'>scripserunt,</span> <span class='ocrx_word' id='word_1_139' title='bbox 508 1340 847 1381; x_wconf 79' lang='lat' dir='ltr'>Procuratores</span> <span class='ocrx_word' id='word_1_140' title='bbox 869 1346 914 1380; x_wconf 89' lang='lat' dir='ltr'>et</span> <span class='ocrx_word' id='word_1_141' title='bbox 941 1339 1181 1379; x_wconf 86' lang='lat' dir='ltr'>ministros</span> <span class='ocrx_word' id='word_1_142' title='bbox 1202 1344 1251 1378; x_wconf 95' lang='lat' dir='ltr'>ut</span> <span class='ocrx_word' id='word_1_143' title='bbox 1272 1338 1373 1379; x_wconf 88' lang='lat' dir='ltr'>fieri</span> <span class='ocrx_word' id='word_1_144' title='bbox 1393 1339 1533 1388; x_wconf 87' lang='lat' dir='ltr'>solet,</span> <span class='ocrx_word' id='word_1_145' title='bbox 1570 1344 1803 1388; x_wconf 83' lang='lat' dir='ltr'>crearunt,</span> 
     </span>
     <span class='ocr_line' id='line_1_18' title="bbox 173 1408 1808 1462; baseline -0.002 -10"><span class='ocrx_word' id='word_1_146' title='bbox 173 1417 224 1452; x_wconf 92' lang='lat' dir='ltr'>ut</span> <span class='ocrx_word' id='word_1_147' title='bbox 244 1412 369 1452; x_wconf 91' lang='lat' dir='ltr'>omni</span> <span class='ocrx_word' id='word_1_148' title='bbox 391 1423 504 1451; x_wconf 87' lang='lat' dir='ltr'>cura</span> <span class='ocrx_word' id='word_1_149' title='bbox 521 1410 617 1462; x_wconf 90' lang='lat' dir='ltr'>jam</span> <span class='ocrx_word' id='word_1_150' title='bbox 638 1423 723 1451; x_wconf 92' lang='lat' dir='ltr'>nos</span> <span class='ocrx_word' id='word_1_151' title='bbox 745 1411 1047 1451; x_wconf 88' lang='lat' dir='ltr'>absolverint.</span> <span class='ocrx_word' id='word_1_152' title='bbox 1071 1410 1205 1450; x_wconf 92' lang='lat' dir='ltr'>Nunc</span> <span class='ocrx_word' id='word_1_153' title='bbox 1232 1415 1415 1449; x_wconf 89' lang='lat' dir='ltr'>tantum</span> <span class='ocrx_word' id='word_1_154' title='bbox 1444 1409 1613 1460; x_wconf 87' lang='lat' dir='ltr'>aliquis</span> <span class='ocrx_word' id='word_1_155' title='bbox 1640 1421 1699 1449; x_wconf 78' lang='lat' dir='ltr'>ex</span> <span class='ocrx_word' id='word_1_156' title='bbox 1725 1408 1808 1449; x_wconf 85' lang='lat' dir='ltr'>Pa-</span> 
     </span>
     <span class='ocr_line' id='line_1_19' title="bbox 169 1479 1809 1534; baseline -0.002 -11"><span class='ocrx_word' id='word_1_157' title='bbox 169 1483 318 1523; x_wconf 87' lang='lat' dir='ltr'>tribus</span> <span class='ocrx_word' id='word_1_158' title='bbox 340 1483 552 1533; x_wconf 88' lang='lat' dir='ltr'>mittitur,</span> <span class='ocrx_word' id='word_1_159' title='bbox 577 1482 654 1534; x_wconf 86' lang='lat' dir='ltr'>qui</span> <span class='ocrx_word' id='word_1_160' title='bbox 676 1481 838 1522; x_wconf 89' lang='lat' dir='ltr'>diebus</span> <span class='ocrx_word' id='word_1_161' title='bbox 858 1481 989 1522; x_wconf 85' lang='lat' dir='ltr'>festis</span> <span class='ocrx_word' id='word_1_162' title='bbox 1010 1481 1205 1521; x_wconf 90' lang='lat' dir='ltr'>infirmis</span> <span class='ocrx_word' id='word_1_163' title='bbox 1237 1480 1440 1520; x_wconf 90' lang='lat' dir='ltr'>celebret</span> <span class='ocrx_word' id='word_1_164' title='bbox 1505 1486 1585 1520; x_wconf 88' lang='lat' dir='ltr'>aut</span> <span class='ocrx_word' id='word_1_165' title='bbox 1613 1479 1809 1532; x_wconf 81' lang='lat' dir='ltr'>alicujus</span> 
     </span>
     <span class='ocr_line' id='line_1_20' title="bbox 168 1551 1806 1604; baseline -0.002 -10"><span class='ocrx_word' id='word_1_166' title='bbox 168 1554 524 1604; x_wconf 84' lang='lat' dir='ltr'>confessionem,</span> <span class='ocrx_word' id='word_1_167' title='bbox 546 1554 584 1594; x_wconf 91' lang='lat' dir='ltr'>si</span> <span class='ocrx_word' id='word_1_168' title='bbox 600 1565 792 1594; x_wconf 88' lang='lat' dir='ltr'>necesse</span> <span class='ocrx_word' id='word_1_169' title='bbox 808 1553 882 1604; x_wconf 90' lang='lat' dir='ltr'>sit,</span> <span class='ocrx_word' id='word_1_170' title='bbox 901 1553 1074 1593; x_wconf 88' lang='lat' dir='ltr'>audiat.</span> <span class='ocrx_word' id='word_1_171' title='bbox 1096 1552 1324 1603; x_wconf 84' lang='lat' dir='ltr'>Quamvis</span> <span class='ocrx_word' id='word_1_172' title='bbox 1341 1557 1385 1592; x_wconf 94' lang='lat' dir='ltr'>et</span> <span class='ocrx_word' id='word_1_173' title='bbox 1399 1552 1516 1591; x_wconf 87' lang='lat' dir='ltr'>haec</span> <span class='ocrx_word' id='word_1_174' title='bbox 1532 1551 1666 1591; x_wconf 91' lang='lat' dir='ltr'>nobis</span> <span class='ocrx_word' id='word_1_175' title='bbox 1682 1558 1806 1603; x_wconf 89' lang='lat' dir='ltr'>post-</span> 
     </span>
     <span class='ocr_line' id='line_1_21' title="bbox 169 1623 1512 1675; baseline -0.002 -9"><span class='ocrx_word' id='word_1_176' title='bbox 169 1626 259 1666; x_wconf 91' lang='lat' dir='ltr'>hac</span> <span class='ocrx_word' id='word_1_177' title='bbox 281 1624 537 1666; x_wconf 89' lang='lat' dir='ltr'>omittenda</span> <span class='ocrx_word' id='word_1_178' title='bbox 559 1630 713 1675; x_wconf 91' lang='lat' dir='ltr'>erunt,</span> <span class='ocrx_word' id='word_1_179' title='bbox 737 1636 844 1665; x_wconf 90' lang='lat' dir='ltr'>cum</span> <span class='ocrx_word' id='word_1_180' title='bbox 865 1625 1089 1664; x_wconf 91' lang='lat' dir='ltr'>lectiones</span> <span class='ocrx_word' id='word_1_181' title='bbox 1110 1630 1304 1674; x_wconf 90' lang='lat' dir='ltr'>coeptae</span> <span class='ocrx_word' id='word_1_182' title='bbox 1323 1623 1512 1664; x_wconf 85' lang='lat' dir='ltr'>fuerint.</span> 
     </span>
    </p>

    <p class='ocr_par' dir='ltr' id='par_1_3' title="bbox 168 1694 1811 2388">
     <span class='ocr_line' id='line_1_22' title="bbox 248 1694 1807 1747; baseline -0.002 -11"><span class='ocrx_word' id='word_1_183' title='bbox 248 1696 333 1736; x_wconf 88' lang='lat' dir='ltr'>His</span> <span class='ocrx_word' id='word_1_184' title='bbox 355 1697 537 1747; x_wconf 88' lang='lat' dir='ltr'>diebus,</span> <span class='ocrx_word' id='word_1_185' title='bbox 563 1708 668 1736; x_wconf 91' lang='lat' dir='ltr'>cum</span> <span class='ocrx_word' id='word_1_186' title='bbox 689 1696 952 1736; x_wconf 89' lang='lat' dir='ltr'>Turcarum</span> <span class='ocrx_word' id='word_1_187' title='bbox 972 1695 1139 1735; x_wconf 89' lang='lat' dir='ltr'>classis</span> <span class='ocrx_word' id='word_1_188' title='bbox 1161 1695 1251 1735; x_wconf 91' lang='lat' dir='ltr'>huc</span> <span class='ocrx_word' id='word_1_189' title='bbox 1273 1694 1469 1746; x_wconf 87' lang='lat' dir='ltr'>Neapoli</span> <span class='ocrx_word' id='word_1_190' title='bbox 1497 1694 1807 1746; x_wconf 79' lang='lat' dir='ltr'>pervenisset,</span> 
     </span>
     <span class='ocr_line' id='line_1_23' title="bbox 169 1765 1806 1819; baseline -0.002 -12"><span class='ocrx_word' id='word_1_191' title='bbox 169 1773 421 1819; x_wconf 85' lang='lat' dir='ltr'>antequam</span> <span class='ocrx_word' id='word_1_192' title='bbox 441 1767 500 1807; x_wconf 93' lang='lat' dir='ltr'>ad</span> <span class='ocrx_word' id='word_1_193' title='bbox 521 1779 631 1807; x_wconf 91' lang='lat' dir='ltr'>suos</span> <span class='ocrx_word' id='word_1_194' title='bbox 652 1768 937 1818; x_wconf 79' lang='lat' dir='ltr'>navigatura</span> <span class='ocrx_word' id='word_1_195' title='bbox 959 1766 1240 1816; x_wconf 87' lang='lat' dir='ltr'>discederet,</span> <span class='ocrx_word' id='word_1_196' title='bbox 1265 1767 1321 1806; x_wconf 89' lang='lat' dir='ltr'>de</span> <span class='ocrx_word' id='word_1_197' title='bbox 1344 1765 1627 1806; x_wconf 84' lang='lat' dir='ltr'>redimendis</span> <span class='ocrx_word' id='word_1_198' title='bbox 1649 1765 1806 1816; x_wconf 84' lang='lat' dir='ltr'>aliqui-</span> 
     </span>
     <span class='ocr_line' id='line_1_24' title="bbox 168 1836 1808 1890; baseline -0.002 -12"><span class='ocrx_word' id='word_1_199' title='bbox 168 1839 254 1878; x_wconf 92' lang='lat' dir='ltr'>bus</span> <span class='ocrx_word' id='word_1_200' title='bbox 287 1839 487 1890; x_wconf 87' lang='lat' dir='ltr'>captivis</span> <span class='ocrx_word' id='word_1_201' title='bbox 522 1844 678 1878; x_wconf 89' lang='lat' dir='ltr'>actum</span> <span class='ocrx_word' id='word_1_202' title='bbox 709 1838 815 1888; x_wconf 87' lang='lat' dir='ltr'>fuit,</span> <span class='ocrx_word' id='word_1_203' title='bbox 854 1850 960 1877; x_wconf 88' lang='lat' dir='ltr'>curn</span> <span class='ocrx_word' id='word_1_204' title='bbox 994 1843 1038 1877; x_wconf 93' lang='lat' dir='ltr'>et</span> <span class='ocrx_word' id='word_1_205' title='bbox 1072 1837 1160 1889; x_wconf 90' lang='lat' dir='ltr'>ipsi</span> <span class='ocrx_word' id='word_1_206' title='bbox 1194 1838 1442 1877; x_wconf 85' lang='lat' dir='ltr'>nonnullos</span> <span class='ocrx_word' id='word_1_207' title='bbox 1474 1848 1533 1876; x_wconf 81' lang='lat' dir='ltr'>ex</span> <span class='ocrx_word' id='word_1_208' title='bbox 1568 1837 1690 1886; x_wconf 85' lang='lat' dir='ltr'>suis,</span> <span class='ocrx_word' id='word_1_209' title='bbox 1729 1836 1808 1887; x_wconf 85' lang='lat' dir='ltr'>qui</span> 
     </span>
     <span class='ocr_line' id='line_1_25' title="bbox 169 1907 1807 1960; baseline -0.002 -10"><span class='ocrx_word' id='word_1_210' title='bbox 169 1910 415 1950; x_wconf 86' lang='lat' dir='ltr'>Messanae</span> <span class='ocrx_word' id='word_1_211' title='bbox 434 1909 732 1960; x_wconf 86' lang='lat' dir='ltr'>haberentur,</span> <span class='ocrx_word' id='word_1_212' title='bbox 756 1910 985 1949; x_wconf 88' lang='lat' dir='ltr'>redimere</span> <span class='ocrx_word' id='word_1_213' title='bbox 1008 1914 1245 1960; x_wconf 90' lang='lat' dir='ltr'>cuperent.</span> <span class='ocrx_word' id='word_1_214' title='bbox 1270 1908 1372 1948; x_wconf 91' lang='lat' dir='ltr'>Hac</span> <span class='ocrx_word' id='word_1_215' title='bbox 1394 1908 1439 1947; x_wconf 90' lang='lat' dir='ltr'>in</span> <span class='ocrx_word' id='word_1_216' title='bbox 1462 1919 1511 1947; x_wconf 91' lang='lat' dir='ltr'>re</span> <span class='ocrx_word' id='word_1_217' title='bbox 1534 1908 1674 1947; x_wconf 85' lang='lat' dir='ltr'>Pater</span> <span class='ocrx_word' id='word_1_218' title='bbox 1698 1907 1807 1947; x_wconf 85' lang='lat' dir='ltr'>duo-</span> 
     </span>
     <span class='ocr_line' id='line_1_26' title="bbox 169 1978 1808 2030; baseline -0.002 -9"><span class='ocrx_word' id='word_1_219' title='bbox 169 1981 254 2021; x_wconf 89' lang='lat' dir='ltr'>bus</span> <span class='ocrx_word' id='word_1_220' title='bbox 275 1980 438 2021; x_wconf 90' lang='lat' dir='ltr'>diebus</span> <span class='ocrx_word' id='word_1_221' title='bbox 459 1981 523 2021; x_wconf 89' lang='lat' dir='ltr'>ita</span> <span class='ocrx_word' id='word_1_222' title='bbox 545 1981 803 2028; x_wconf 83' lang='lat' dir='ltr'>laboravit,</span> <span class='ocrx_word' id='word_1_223' title='bbox 828 1986 877 2020; x_wconf 89' lang='lat' dir='ltr'>ut</span> <span class='ocrx_word' id='word_1_224' title='bbox 899 1979 977 2019; x_wconf 68' lang='grc'>400</span> <span class='ocrx_word' id='word_1_225' title='bbox 997 1980 1093 2019; x_wconf 84' lang='lat' dir='ltr'>fere</span> <span class='ocrx_word' id='word_1_226' title='bbox 1114 1991 1285 2019; x_wconf 90' lang='lat' dir='ltr'>aureos</span> <span class='ocrx_word' id='word_1_227' title='bbox 1306 1979 1650 2030; x_wconf 86' lang='lat' dir='ltr'>quamprimum</span> <span class='ocrx_word' id='word_1_228' title='bbox 1672 1978 1808 2018; x_wconf 85' lang='lat' dir='ltr'>colle-</span> 
     </span>
     <span class='ocr_line' id='line_1_27' title="bbox 168 2049 1808 2103; baseline -0.002 -11"><span class='ocrx_word' id='word_1_229' title='bbox 168 2052 305 2103; x_wconf 81' lang='lat' dir='ltr'>gerit.</span> <span class='ocrx_word' id='word_1_230' title='bbox 330 2052 509 2092; x_wconf 87' lang='lat' dir='ltr'>Verum</span> <span class='ocrx_word' id='word_1_231' title='bbox 530 2063 636 2092; x_wconf 90' lang='lat' dir='ltr'>cum</span> <span class='ocrx_word' id='word_1_232' title='bbox 656 2052 919 2092; x_wconf 87' lang='lat' dir='ltr'>Turcarum</span> <span class='ocrx_word' id='word_1_233' title='bbox 941 2051 1190 2091; x_wconf 85' lang='lat' dir='ltr'>insolentia</span> <span class='ocrx_word' id='word_1_234' title='bbox 1212 2056 1255 2090; x_wconf 90' lang='lat' dir='ltr'>et</span> <span class='ocrx_word' id='word_1_235' title='bbox 1273 2050 1571 2101; x_wconf 82' lang='lat' dir='ltr'>improbitate</span> <span class='ocrx_word' id='word_1_236' title='bbox 1589 2049 1808 2089; x_wconf 82' lang='lat' dir='ltr'>effectum</span> 
     </span>
     <span class='ocr_line' id='line_1_28' title="bbox 169 2119 1809 2172; baseline -0.002 -9"><span class='ocrx_word' id='word_1_237' title='bbox 169 2123 330 2163; x_wconf 88' lang='lat' dir='ltr'>fuisset</span> <span class='ocrx_word' id='word_1_238' title='bbox 351 2129 400 2163; x_wconf 92' lang='lat' dir='ltr'>ut</span> <span class='ocrx_word' id='word_1_239' title='bbox 427 2123 542 2162; x_wconf 89' lang='lat' dir='ltr'>nihil</span> <span class='ocrx_word' id='word_1_240' title='bbox 568 2123 657 2163; x_wconf 91' lang='lat' dir='ltr'>hac</span> <span class='ocrx_word' id='word_1_241' title='bbox 686 2123 742 2163; x_wconf 93' lang='lat' dir='ltr'>de</span> <span class='ocrx_word' id='word_1_242' title='bbox 770 2134 822 2162; x_wconf 89' lang='lat' dir='ltr'>re</span> <span class='ocrx_word' id='word_1_243' title='bbox 850 2122 1002 2172; x_wconf 88' lang='lat' dir='ltr'>fieret,</span> <span class='ocrx_word' id='word_1_244' title='bbox 1032 2121 1211 2162; x_wconf 77' lang='lat' dir='ltr'>Prorex</span> <span class='ocrx_word' id='word_1_245' title='bbox 1238 2122 1420 2161; x_wconf 78' lang='lat' dir='ltr'>servari</span> <span class='ocrx_word' id='word_1_246' title='bbox 1447 2120 1693 2172; x_wconf 88' lang='lat' dir='ltr'>pecuniam</span> <span class='ocrx_word' id='word_1_247' title='bbox 1717 2119 1809 2171; x_wconf 88' lang='lat' dir='ltr'>jus-</span> 
     </span>
     <span class='ocr_line' id='line_1_29' title="bbox 170 2192 1806 2246; baseline -0.002 -12"><span class='ocrx_word' id='word_1_248' title='bbox 170 2195 249 2245; x_wconf 90' lang='lat' dir='ltr'>sit,</span> <span class='ocrx_word' id='word_1_249' title='bbox 272 2195 346 2234; x_wconf 82' lang='grc'>6111</span> <span class='ocrx_word' id='word_1_250' title='bbox 367 2200 478 2234; x_wconf 92' lang='lat' dir='ltr'>tunc</span> <span class='ocrx_word' id='word_1_251' title='bbox 506 2206 564 2234; x_wconf 85' lang='lat' dir='ltr'>ex</span> <span class='ocrx_word' id='word_1_252' title='bbox 590 2194 755 2246; x_wconf 90' lang='lat' dir='ltr'>poenis</span> <span class='ocrx_word' id='word_1_253' title='bbox 786 2194 1116 2234; x_wconf 86' lang='lat' dir='ltr'>damnatorum</span> <span class='ocrx_word' id='word_1_254' title='bbox 1145 2198 1329 2233; x_wconf 89' lang='lat' dir='ltr'>tantum</span> <span class='ocrx_word' id='word_1_255' title='bbox 1359 2193 1531 2233; x_wconf 88' lang='lat' dir='ltr'>addere</span> <span class='ocrx_word' id='word_1_256' title='bbox 1562 2192 1725 2232; x_wconf 89' lang='lat' dir='ltr'>statuit</span> <span class='ocrx_word' id='word_1_257' title='bbox 1756 2198 1806 2231; x_wconf 92' lang='lat' dir='ltr'>ut</span> 
     </span>
     <span class='ocr_line' id='line_1_30' title="bbox 170 2263 1811 2316; baseline -0.001 -12"><span class='ocrx_word' id='word_1_258' title='bbox 170 2265 294 2305; x_wconf 90' lang='lat' dir='ltr'>mille</span> <span class='ocrx_word' id='word_1_259' title='bbox 316 2264 591 2306; x_wconf 88' lang='lat' dir='ltr'>ducatorum</span> <span class='ocrx_word' id='word_1_260' title='bbox 612 2277 794 2305; x_wconf 90' lang='lat' dir='ltr'>summa</span> <span class='ocrx_word' id='word_1_261' title='bbox 815 2265 1059 2316; x_wconf 87' lang='lat' dir='ltr'>habeatur,</span> <span class='ocrx_word' id='word_1_262' title='bbox 1084 2277 1224 2316; x_wconf 87' lang='lat' dir='ltr'>quam</span> <span class='ocrx_word' id='word_1_263' title='bbox 1245 2270 1408 2316; x_wconf 82' lang='lat' dir='ltr'>postea</span> <span class='ocrx_word' id='word_1_264' title='bbox 1431 2264 1490 2304; x_wconf 89' lang='lat' dir='ltr'>ad</span> <span class='ocrx_word' id='word_1_265' title='bbox 1511 2263 1811 2304; x_wconf 87' lang='lat' dir='ltr'>redimendos</span> 
     </span>
     <span class='ocr_line' id='line_1_31' title="bbox 172 2336 1296 2388; baseline -0.001 -12"><span class='ocrx_word' id='word_1_266' title='bbox 172 2336 469 2376; x_wconf 88' lang='lat' dir='ltr'>Christianos</span> <span class='ocrx_word' id='word_1_267' title='bbox 490 2336 946 2388; x_wconf 89' lang='lat' dir='ltr'>Constantinopolim</span> <span class='ocrx_word' id='word_1_268' title='bbox 968 2336 1156 2376; x_wconf 89' lang='lat' dir='ltr'>missuri</span> <span class='ocrx_word' id='word_1_269' title='bbox 1177 2342 1296 2375; x_wconf 89' lang='lat' dir='ltr'>sunt.</span> 
     </span>
    </p>

    <p class='ocr_par' dir='ltr' id='par_1_4' title="bbox 169 2405 1811 2743">
     <span class='ocr_line' id='line_1_32' title="bbox 251 2405 1811 2458; baseline -0.002 -11"><span class='ocrx_word' id='word_1_270' title='bbox 251 2407 402 2448; x_wconf 91' lang='lat' dir='ltr'>Credo</span> <span class='ocrx_word' id='word_1_271' title='bbox 432 2407 519 2447; x_wconf 82' lang='lat' dir='ltr'>P.m</span> <span class='ocrx_word' id='word_1_272' title='bbox 539 2407 689 2447; x_wconf 88' lang='lat' dir='ltr'>Tuam</span> <span class='ocrx_word' id='word_1_273' title='bbox 724 2407 844 2447; x_wconf 92' lang='lat' dir='ltr'>scire</span> <span class='ocrx_word' id='word_1_274' title='bbox 877 2406 934 2447; x_wconf 92' lang='lat' dir='ltr'>D.</span> <span class='ocrx_word' id='word_1_275' title='bbox 972 2406 1242 2458; x_wconf 87' lang='lat' dir='ltr'>Isabellam,</span> <span class='ocrx_word' id='word_1_276' title='bbox 1277 2405 1421 2446; x_wconf 88' lang='lat' dir='ltr'>filiam</span> <span class='ocrx_word' id='word_1_277' title='bbox 1455 2405 1698 2456; x_wconf 83' lang='lat' dir='ltr'>Proregis,</span> <span class='ocrx_word' id='word_1_278' title='bbox 1736 2405 1811 2444; x_wconf 90' lang='lat' dir='ltr'>his</span> 
     </span>
     <span class='ocr_line' id='line_1_33' title="bbox 171 2473 1811 2529; baseline -0.001 -12"><span class='ocrx_word' id='word_1_279' title='bbox 171 2478 332 2518; x_wconf 91' lang='lat' dir='ltr'>diebus</span> <span class='ocrx_word' id='word_1_280' title='bbox 353 2477 523 2518; x_wconf 92' lang='lat' dir='ltr'>Comiti</span> <span class='ocrx_word' id='word_1_281' title='bbox 545 2477 601 2517; x_wconf 94' lang='lat' dir='ltr'>de</span> <span class='ocrx_word' id='word_1_282' title='bbox 620 2477 754 2518; x_wconf 89' lang='lat' dir='ltr'>Luna</span> <span class='ocrx_word' id='word_1_283' title='bbox 784 2477 798 2496; x_wconf 75' lang='lat'>⁵</span> <span class='ocrx_word' id='word_1_284' title='bbox 824 2478 990 2529; x_wconf 90' lang='lat' dir='ltr'>nuptui</span> <span class='ocrx_word' id='word_1_285' title='bbox 1012 2477 1234 2517; x_wconf 88' lang='lat' dir='ltr'>traditam</span> <span class='ocrx_word' id='word_1_286' title='bbox 1262 2477 1421 2517; x_wconf 83' lang='lat' dir='ltr'>fuisse.</span> <span class='ocrx_word' id='word_1_287' title='bbox 1455 2473 1634 2516; x_wconf 90' lang='lat' dir='ltr'>Harum</span> <span class='ocrx_word' id='word_1_288' title='bbox 1664 2476 1811 2527; x_wconf 82' lang='lat' dir='ltr'>igitur</span> 
     </span>
     <span class='ocr_line' id='line_1_34' title="bbox 169 2540 1809 2600; baseline -0.001 -12"><span class='ocrx_word' id='word_1_289' title='bbox 169 2549 460 2600; x_wconf 90' lang='lat' dir='ltr'>nuptiarum,</span> <span class='ocrx_word' id='word_1_290' title='bbox 499 2554 783 2600; x_wconf 88' lang='lat' dir='ltr'>procurante</span> <span class='ocrx_word' id='word_1_291' title='bbox 827 2548 988 2600; x_wconf 87' lang='lat' dir='ltr'>Patre,</span> <span class='ocrx_word' id='word_1_292' title='bbox 1035 2561 1093 2588; x_wconf 93' lang='lat' dir='ltr'>ne</span> <span class='ocrx_word' id='word_1_293' title='bbox 1134 2560 1279 2588; x_wconf 89' lang='lat' dir='ltr'>unum</span> <span class='ocrx_word' id='word_1_294' title='bbox 1324 2547 1511 2599; x_wconf 88' lang='lat' dir='ltr'>quidem</span> <span class='ocrx_word' id='word_1_295' title='bbox 1555 2540 1809 2598; x_wconf 85' lang='lat' dir='ltr'>pauperem</span> 
     </span>
     <span class='ocr_line' id='line_1_35' title="bbox 169 2618 1803 2672; baseline -0.001 -13"><span class='ocrx_word' id='word_1_296' title='bbox 169 2619 313 2660; x_wconf 83' lang='lat' dir='ltr'>fuisse</span> <span class='ocrx_word' id='word_1_297' title='bbox 335 2620 550 2660; x_wconf 84' lang='lat' dir='ltr'>existimo</span> <span class='ocrx_word' id='word_1_298' title='bbox 578 2620 658 2671; x_wconf 92' lang='lat' dir='ltr'>qui</span> <span class='ocrx_word' id='word_1_299' title='bbox 676 2632 758 2672; x_wconf 91' lang='lat' dir='ltr'>per</span> <span class='ocrx_word' id='word_1_300' title='bbox 780 2621 950 2660; x_wconf 86' lang='lat' dir='ltr'>multos</span> <span class='ocrx_word' id='word_1_301' title='bbox 971 2619 1068 2660; x_wconf 89' lang='lat' dir='ltr'>dies</span> <span class='ocrx_word' id='word_1_302' title='bbox 1089 2619 1315 2660; x_wconf 89' lang='lat' dir='ltr'>laetitiam</span> <span class='ocrx_word' id='word_1_303' title='bbox 1335 2631 1428 2658; x_wconf 92' lang='lat' dir='ltr'>non</span> <span class='ocrx_word' id='word_1_304' title='bbox 1455 2618 1667 2658; x_wconf 89' lang='lat' dir='ltr'>senserit.</span> <span class='ocrx_word' id='word_1_305' title='bbox 1700 2618 1803 2658; x_wconf 87' lang='lat' dir='ltr'>Ete-</span> 
     </span>
     <span class='ocr_line' id='line_1_36' title="bbox 169 2690 1808 2743; baseline -0.001 -12"><span class='ocrx_word' id='word_1_306' title='bbox 169 2692 265 2731; x_wconf 91' lang='lat' dir='ltr'>nim</span> <span class='ocrx_word' id='word_1_307' title='bbox 287 2698 354 2731; x_wconf 93' lang='lat' dir='ltr'>tot</span> <span class='ocrx_word' id='word_1_308' title='bbox 376 2692 702 2743; x_wconf 86' lang='lat' dir='ltr'>eleemosynae</span> <span class='ocrx_word' id='word_1_309' title='bbox 723 2692 861 2732; x_wconf 90' lang='lat' dir='ltr'>datae</span> <span class='ocrx_word' id='word_1_310' title='bbox 882 2692 1094 2742; x_wconf 87' lang='lat' dir='ltr'>fuerunt,</span> <span class='ocrx_word' id='word_1_311' title='bbox 1126 2697 1175 2731; x_wconf 91' lang='lat' dir='ltr'>ut</span> <span class='ocrx_word' id='word_1_312' title='bbox 1205 2703 1299 2731; x_wconf 93' lang='lat' dir='ltr'>non</span> <span class='ocrx_word' id='word_1_313' title='bbox 1326 2691 1475 2730; x_wconf 86' lang='lat' dir='ltr'>solum</span> <span class='ocrx_word' id='word_1_314' title='bbox 1504 2701 1596 2741; x_wconf 89' lang='lat' dir='ltr'>qua</span> <span class='ocrx_word' id='word_1_315' title='bbox 1625 2690 1698 2729; x_wconf 92' lang='lat' dir='ltr'>die</span> <span class='ocrx_word' id='word_1_316' title='bbox 1727 2701 1808 2729; x_wconf 81' lang='lat' dir='ltr'>nu-</span> 
     </span>
    </p>
   </div>
   <div class='ocr_carea' id='block_1_3' title="bbox 222 2891 1137 3029">
    <p class='ocr_par' dir='ltr' id='par_1_5' title="bbox 222 2891 1137 3029">
     <span class='ocr_line' id='line_1_37' title="bbox 224 2891 1137 2933; baseline 0 -7"><span class='ocrx_word' id='word_1_317' title='bbox 224 2899 234 2918; x_wconf 67' lang='grc'>1</span> <span class='ocrx_word' id='word_1_318' title='bbox 274 2899 324 2926; x_wconf 83' lang='lat' dir='ltr'>La</span> <span class='ocrx_word' id='word_1_319' title='bbox 340 2908 430 2933; x_wconf 79' lang='lat' dir='ltr'>gran</span> <span class='ocrx_word' id='word_1_320' title='bbox 447 2900 545 2927; x_wconf 80' lang='lat' dir='ltr'>Corte</span> <span class='ocrx_word' id='word_1_321' title='bbox 560 2891 655 2926; x_wconf 79' lang='lat' dir='ltr'>dellci</span> <span class='ocrx_word' id='word_1_322' title='bbox 670 2899 783 2926; x_wconf 80' lang='lat' dir='ltr'>nobile</span> <span class='ocrx_word' id='word_1_323' title='bbox 800 2899 890 2927; x_wconf 67' lang='lat' dir='ltr'>Cz&#39;tta</span> <span class='ocrx_word' id='word_1_324' title='bbox 906 2900 943 2927; x_wconf 81' lang='lat' dir='ltr'>di</span> <span class='ocrx_word' id='word_1_325' title='bbox 957 2900 1137 2927; x_wconf 67' lang='lat' dir='ltr'>Alessana.</span> 
     </span>
     <span class='ocr_line' id='line_1_38' title="bbox 224 2947 1081 2982; baseline 0 -8"><span class='ocrx_word' id='word_1_326' title='bbox 224 2947 237 2965; x_wconf 62' lang='grc' dir='ltr'>Ξ</span> <span class='ocrx_word' id='word_1_327' title='bbox 276 2947 400 2975; x_wconf 85' lang='lat' dir='ltr'>Coram</span> <span class='ocrx_word' id='word_1_328' title='bbox 414 2947 555 2975; x_wconf 89' lang='lat' dir='ltr'>infirmis</span> <span class='ocrx_word' id='word_1_329' title='bbox 567 2947 690 2974; x_wconf 85' lang='lat' dir='ltr'>Missae</span> <span class='ocrx_word' id='word_1_330' title='bbox 705 2947 910 2974; x_wconf 85' lang='lat' dir='ltr'>sacrificium</span> <span class='ocrx_word' id='word_1_331' title='bbox 925 2952 1081 2982; x_wconf 84' lang='lat' dir='ltr'>peragat.</span> 
     </span>
     <span class='ocr_line' id='line_1_39' title="bbox 222 2994 995 3029; baseline 0 -7"><span class='ocrx_word' id='word_1_332' title='bbox 222 2994 237 3014; x_wconf 82' lang='lat'>5</span> <span class='ocrx_word' id='word_1_333' title='bbox 274 2994 397 3022; x_wconf 87' lang='lat' dir='ltr'>Petrus</span> <span class='ocrx_word' id='word_1_334' title='bbox 412 2996 451 3022; x_wconf 86' lang='lat' dir='ltr'>de</span> <span class='ocrx_word' id='word_1_335' title='bbox 467 2994 576 3029; x_wconf 88' lang='lat' dir='ltr'>Luna,</span> <span class='ocrx_word' id='word_1_336' title='bbox 592 2995 646 3028; x_wconf 86' lang='lat' dir='ltr'>qui</span> <span class='ocrx_word' id='word_1_337' title='bbox 662 2999 695 3021; x_wconf 88' lang='lat' dir='ltr'>et</span> <span class='ocrx_word' id='word_1_338' title='bbox 710 2994 788 3022; x_wconf 86' lang='lat' dir='ltr'>Dux</span> <span class='ocrx_word' id='word_1_339' title='bbox 803 2995 842 3022; x_wconf 90' lang='lat' dir='ltr'>de</span> <span class='ocrx_word' id='word_1_340' title='bbox 856 2995 995 3022; x_wconf 86' lang='lat' dir='ltr'>Bibona.</span> 
     </span>
    </p>
   </div>
  </div>
 </body>
</html>
