2168 3437
333 240 402 277 170
845 238 1074 275 LITTERAE
1102 246 1461 280 QUADRIMESTRES

411 335 710 387 Occupamur
731 335 778 375 in
800 335 899 375 dies
927 334 1080 386 magis
1110 335 1158 374 in
1188 333 1431 374 audiendis
1461 332 1853 382 confessionibus,
1877 338 1977 372 tum

329 407 475 458 domi,
506 406 554 446 in
577 406 783 457 templis,
814 411 914 446 tum
940 405 1083 445 etiam
1112 405 1159 445 in
1188 404 1389 456 privatis
1421 404 1630 444 aedibus.
1662 402 1760 443 Nec
1791 403 1973 454 desunt,

328 479 408 529 qui
437 484 560 518 totos
590 484 687 517 tum
714 478 761 517 in
781 477 875 528 hiS,
900 489 1018 529 quae
1041 476 1100 517 ad
1122 477 1329 516 animum
1350 475 1605 527 pertinent,
1630 482 1728 514 tum
1755 474 1859 514 aliis
1879 475 1974 526 qui-

329 549 491 589 busvis
522 549 569 588 in
598 549 760 599 rebus,
791 554 982 588 nostrae
1012 547 1118 589 fidei
1146 559 1195 588 se
1227 547 1437 588 credant.
1470 546 1651 587 Crescit
1682 546 1825 585 etiam
1851 557 1973 585 com-

328 619 666 660 municantium
704 631 947 670 numerus,
991 626 1035 660 et
1075 631 1189 659 sane
1223 618 1434 670 pluribus
1474 618 1603 657 hisce
1642 616 1973 657 Natalitiorum

326 691 457 731 sestis
478 702 621 742 quam
643 696 782 731 antea
803 696 1019 731 sanctam
1041 690 1272 742 Synaxim
1294 688 1772 729 subministravimus.

404 762 548 802 Hisce
569 762 796 802 hactenus
818 768 862 802 et
883 762 1008 812 aliis,
1032 773 1151 813 quae
1179 761 1399 812 persequi
1426 760 1662 810 desinam,
1693 758 1869 799 Divina
1899 759 1973 798 be-

325 833 532 883 nignitas
552 844 638 873 nos
660 840 916 884 occupatos
943 838 1146 873 exercet.
1175 832 1262 872 His
1286 837 1442 871 autem
1471 832 1614 881 longe
1645 830 1871 881 graviora
1895 841 1972 869 ex-

324 910 582 955 pectamuS,
607 915 749 955 quum
771 915 854 955 per
875 904 965 944 loci
986 904 1388 955 opportunitatem
1408 901 1481 942 his
1501 901 1657 941 licebit
1678 912 1869 941 vacare.

404 975 552 1015 Varia
574 987 601 1015 a
621 975 767 1014 variis
789 975 1019 1015 hactenus
1041 975 1312 1026 excogitata
1332 974 1542 1023 fuerunt,
1568 984 1656 1024 quo
1678 971 1768 1012 hac
1789 972 1836 1011 in
1857 971 1971 1011 civi·

323 1051 418 1085 tate
439 1046 572 1086 locus
594 1046 884 1086 commodior
907 1045 1015 1086 huic
1036 1051 1200 1085 nostro
1219 1044 1428 1095 Collegio
1447 1044 1749 1094 deligeretur.
1771 1042 1973 1082 Demum

325 1122 482 1157 autem
501 1116 602 1156 R.d0
623 1116 680 1157 D.
705 1116 1021 1169 Proepiscopo
1045 1128 1100 1157 ac
1122 1116 1360 1168 primariis
1388 1114 1667 1166 quibusdam
1688 1113 1824 1165 hujus
1849 1125 1970 1153 com-

323 1188 564 1228 munitatis
593 1188 709 1228 viris
739 1188 895 1228 visum
921 1194 991 1228 est
1018 1199 1250 1239 nusquam
1278 1187 1354 1227 hic
1381 1187 1539 1227 locum
1567 1186 1778 1226 instituto
1807 1191 1972 1225 nostro

324 1259 554 1311 aptiorem
573 1260 771 1311 reperiri
796 1271 935 1311 posse
964 1271 1041 1310 eo,
1066 1259 1164 1311 qui,
1188 1259 1360 1299 scholis
1391 1258 1589 1310 publicis
1619 1257 1916 1308 designatus,
1942 1268 1969 1296 a

322 1330 669 1382 professoribus
705 1337 984 1382 occupatur3
1016 1331 1073 1371 ob
1110 1329 1247 1382 idque
1276 1330 1518 1382 negotium
1553 1328 1712 1369 statim
1740 1328 1799 1368 ad
1824 1327 1972 1368 Reve-

322 1402 654 1442 rendissimum
692 1401 992 1443 Cardinalem
1031 1408 1246 1442 nostrum
1285 1402 1492 1441 delatum
1531 1401 1797 1440 voluerunt.
1839 1398 1972 1450 Quae

323 1473 510 1524 quidem
524 1485 600 1514 res
617 1485 758 1526 quam
774 1473 913 1513 fuerit
931 1473 1074 1524 cordi,
1094 1473 1261 1513 litteris
1278 1473 1368 1513 huc
1385 1472 1542 1512 missis
1560 1471 1777 1512 ostendit.
1800 1470 1968 1521 Quum,

322 1545 526 1585 Domino
548 1545 838 1597 disponente,
863 1556 968 1585 eum
985 1545 1076 1585 huc
1094 1544 1318 1585 advenire
1341 1543 1560 1594 contigit,
1580 1555 1666 1583 sua
1684 1541 1972 1582 authoritate

321 1616 433 1667 quid
454 1616 610 1656 animo
633 1616 947 1667 concepisset,
976 1616 1134 1667 palam
1161 1616 1503 1655 demonstravit
1524 1621 1567 1654 et
1589 1614 1703 1663 iam,
1727 1625 1778 1653 re
1801 1612 1966 1653 delibe-

320 1694 439 1738 rata,
457 1688 505 1728 in
524 1687 616 1728 loci
636 1687 937 1739 adaptionem
959 1687 1185 1728 incumbit
1207 1693 1345 1739 atque
1367 1687 1498 1727 iuxta
1521 1686 1674 1726 ideam
1696 1686 1753 1725 ab
1773 1684 1971 1725 archite-

321 1766 396 1800 cto
418 1759 512 1799 iam
533 1759 815 1799 delineatam
836 1759 1101 1799 aedificium
1120 1759 1394 1810 propediem
1423 1757 1538 1808 (Deo
1565 1756 1770 1808 auspice)
1801 1767 1969 1807 aggre-

319 1831 485 1870 dietur.
544 1829 629 1869 His
679 1835 817 1881 atque
866 1830 969 1870 aliis
992 1841 997 1842 ⁷
1019 1829 1376 1881 quamplurimis
1425 1827 1716 1879 argumentis
1766 1826 1970 1867 ostendit

318 1901 453 1942 R.m1¹S
475 1902 550 1941 ille
573 1913 628 1941 ac
650 1900 771 1941 RdUS
794 1902 893 1941 eius
922 1901 1131 1941 vicarius
1162 1900 1450 1952 caeterique,
1480 1905 1578 1940 tum
1604 1900 1845 1949 doctores,
1871 1904 1969 1938 tum

318 1974 446 2013 cives
468 1973 682 2024 primarii
704 1973 838 2013 multi
860 1978 1038 2025 quanta
1059 1985 1086 2012 a
1107 1971 1311 2012 Domino
1331 1983 1415 2023 per
1443 1971 1580 2011 huius
1602 1970 1798 2021 Collegii
1818 1970 1970 2010 nostri

316 2044 630 2084 ministerium
669 2050 919 2096 expectent
963 2044 1011 2084 in
1058 2054 1354 2084 communem
1395 2042 1660 2082 animarum
1698 2041 1962 2081 utilitatem.

318 2115 457 2154 Faxit
474 2114 603 2154 Deus
622 2113 727 2164 Opt.
748 2113 872 2154 Max.
894 2120 944 2154 ut
962 2114 1022 2154 ad
1038 2114 1239 2165 gloriam
1256 2125 1390 2154 suam
1408 2125 1464 2153 ac
1482 2113 1767 2154 christianae
1784 2113 1969 2163 religio-

318 2186 390 2226 nis
418 2187 758 2226 incrementum
785 2197 948 2226 eorum
976 2185 1293 2237 expectationi
1324 2184 1686 2225 satisfaciamus.
1719 2185 1779 2225 Ut
1809 2191 1968 2224 autem

317 2259 483 2298 melius
525 2257 571 2297 id
612 2268 980 2308 consequamur,
1018 2262 1126 2296 tuae
1167 2255 1220 2296 R.
1254 2255 1304 2296 Ρ.
1337 2256 1555 2308 precibus
1592 2267 1678 2296 nos
1713 2256 1965 2307 plurimum

317 2328 723 2379 commendamus,
748 2329 1048 2379 omniumque
1079 2326 1273 2368 Patrum
1304 2339 1359 2367 ac
1393 2326 1615 2377 fratrum,
1639 2338 1757 2378 quos
1792 2338 1885 2367 una
1921 2333 1965 2366 et

317 2401 482 2441 eodem
503 2411 663 2440 amore
683 2399 1027 2451 complecteris.

397 2471 579 2512 Perusii
600 2483 708 2511 non.
735 2470 984 2511 Februarii
1009 2470 1125 2511 1553.

398 2543 521 2583 ΗΜΘ
543 2542 641 2584 Pssis
668 2542 792 2584 V.rae
815 2553 982 2583 servus
1003 2541 1177 2582 inutilis

1062 2684 1352 2724 EVERARDUS
1381 2684 1459 2724 MA
1468 2696 1740 2724 RCURIANUS.
