2168 3437
321 272 392 310 506
851 267 1078 304 LITTERAE
1103 277 1461 310 QUADRIMESTRES

1006 718 1294 773 GOLXVI

406 957 455 998 P.
480 957 670 998 Marcus
690 957 855 1010 Jorge,

445 1025 515 1064 Ex
533 1025 854 1063 commissione
875 1026 1021 1063 Patris
1041 1025 1274 1063 Michaelis
1294 1025 1348 1063 de
1366 1025 1559 1073 Bayros,

494 1092 617 1130 Patri
635 1091 806 1139 Ignatio
827 1091 880 1129 de
898 1091 1084 1139 Loyola.

544 1157 712 1204 Ebora,
736 1157 753 1194 1
775 1157 976 1204 Januarii
996 1157 1089 1195 1554
1107 1157 1133 1191 ¹.

1115 1437 1213 1478 IHS

414 1650 517 1691 R.<1e
545 1652 593 1691 in
615 1650 755 1691 Chro.
779 1651 933 1693 Pater.

415 1722 581 1763 Gratia
603 1728 647 1762 et
668 1734 800 1762 arnor
821 1722 945 1763 Chri.
971 1723 1030 1763 sit
1051 1734 1236 1774 semper
1258 1723 1303 1762 in
1327 1722 1547 1762 cordibus
1567 1722 1681 1761 nris.
1706 1721 1872 1762 Amen.

414 1793 686 1845 Scripturus
715 1806 773 1833 ex
804 1794 1089 1843 obedientia,
1122 1805 1242 1846 quae
1277 1794 1366 1833 hoc
1397 1793 1749 1845 quadrimestri,
1786 1792 1974 1832 fauente

334 1865 558 1916 Domino,
582 1870 717 1916 gesta
739 1870 865 1913 sunt,
891 1876 967 1916 ea,
999 1877 1118 1916 quae
1141 1864 1457 1915 occurrerint,
1487 1863 1693 1904 breuiter
1723 1874 1972 1914 exponam.

335 1936 505 1978 Sumus
526 1936 573 1976 in
593 1936 684 1976 hoc
708 1936 906 1986 collegio
928 1935 1132 1975 sedecim
1156 1935 1316 1986 (Patre
1337 1935 1535 1987 Myrone
1557 1940 1601 1974 et
1618 1934 1717 1974 eius
1734 1934 1862 1974 socio
1879 1945 1974 1973 non

338 2006 720 2058 connumerato),
756 2019 814 2046 ex
839 2007 1005 2058 quibus
1035 2006 1174 2047 Pater
1203 2006 1481 2047 Emmanuel
1510 2005 1784 2045 Fernandez
1815 2004 1977 2044 diebus

336 2079 584 2119 dominicis
606 2090 632 2118 a
653 2078 853 2130 prandio
876 2078 1000 2129 apud
1021 2089 1109 2117 nos
1131 2088 1395 2118 sermonem
1421 2076 1561 2116 habet
1591 2076 1651 2116 ad
1677 2077 1902 2134 populum
1930 2075 1977 2115 in

336 2149 647 2202 capacissimo
683 2149 886 2201 quodam
919 2149 1189 2200 gymnasio,
1228 2148 1287 2188 ad
1322 2159 1461 2199 quem
1500 2147 1782 2187 audiendum
1823 2146 1976 2198 (prae-

335 2227 489 2262 stante
510 2220 650 2271 Dno.)
672 2231 874 2271 magnus
895 2219 944 2260 fit
965 2220 1176 2260 virorum
1198 2230 1455 2259 concursus
1478 2218 1643 2269 (neque
1665 2218 1788 2257 enim
1809 2217 1973 2257 decen-

338 2299 409 2334 ter
431 2293 471 2333 is
490 2293 624 2332 locus
644 2291 917 2332 mulieribus
937 2296 1097 2342 patere
1120 2290 1309 2342 potest);
1335 2289 1458 2340 quod
1479 2289 1519 2329 si
1540 2289 1596 2329 iis
1625 2288 1684 2329 ad
1713 2288 1977 2328 doctrinam

338 2365 494 2405 aditus
525 2363 884 2414 concederetur,
914 2374 1008 2402 non
1043 2362 1232 2402 dubium
1268 2361 1379 2413 quin
1411 2361 1722 2401 foeminarum
1755 2370 1978 2400 numerus

337 2436 552 2476 virorum
574 2441 832 2486 superaret.

418 2506 546 2547 Idem
561 2506 700 2546 Pater
719 2505 1038 2557 superioribus
1055 2505 1217 2544 diebus
1233 2503 1447 2544 nonnihil
1463 2502 1687 2554 temporis
1704 2501 1866 2542 tribuit
1882 2501 1976 2552 qui-

338 2578 537 2618 busdam
558 2576 836 2617 monialibus
859 2575 1060 2616 Sanctae
1083 2575 1250 2616 Clarae
1268 2575 1314 2615 in
1330 2575 1468 2615 rebus
1485 2573 1739 2625 spualibus.
1761 2584 1977 2612 exercen-

340 2649 432 2689 dis:
457 2660 735 2688 concessum
755 2654 823 2687 est
854 2654 1011 2687 autem
1034 2647 1081 2687 id
1111 2652 1395 2697 perurgente
1422 2645 1704 2685 Abbatissae
1732 2643 1978 2694 flagitatio-

339 2732 421 2770 ne,
455 2720 657 2771 idipsum
687 2730 769 2770 per
802 2717 1060 2758 monachos
1087 2716 1295 2768 ejusdem
1323 2715 1499 2756 ordinis
1528 2720 1828 2767 procurante.
1864 2712 1981 2754 Sunt

342 2797 499 2831 autem
520 2802 715 2830 numero
735 2789 1056 2841 septuaginta,
1088 2800 1147 2828 ex
1174 2788 1341 2840 quibus
1370 2787 1544 2828 multae
1574 2785 1801 2826 exercitia
1827 2796 1980 2825 susce-

342 2867 532 2913 perunt,
557 2867 687 2902 tanta
710 2872 816 2901 cum
849 2866 1042 2900 suarum
1069 2860 1332 2900 animarum
1358 2858 1558 2898 utilitate
1584 2863 1635 2897 ut
1663 2868 1757 2897 non
1783 2867 1982 2908 paruam

342 2932 431 2972 Dei
467 2939 560 2983 opt.
598 2932 724 2972 Max.
749 2931 973 2972 laudandi
994 2931 1290 2971 occasionem
1310 2928 1625 2981 praebuerint.
1643 2927 1785 2978 Nam,
1804 2932 1854 2967 ut
1869 2938 1982 2978 pau-

400 3092 411 3112 ¹
450 3092 538 3120 Tota
553 3092 782 3127 autographa,
799 3091 923 3126 duplici
939 3091 1029 3125 folio,
1046 3091 1107 3118 sub
1122 3098 1211 3117 num.
1226 3090 1288 3117 477.
