2168 3437
852 288 935 325 AN.
966 288 1057 325 15ὃὸ
1704 287 1770 323 451

140 387 372 438 oportebit
393 387 516 426 enim
538 397 618 426 eos
637 387 809 426 multos
830 386 983 426 subire
1004 386 1206 435 laboreS,
1230 385 1307 436 qui
1327 384 1525 436 publicis
1545 384 1617 424 his
1640 384 1772 424 mini-

143 458 300 498 steriis
321 457 528 497 adiuncti
549 469 650 497 esse
672 458 836 497 solent.

219 527 382 579 Coepit
402 533 646 579 praeterea
663 527 924 574 Societatis‚
943 533 991 567 ut
1012 528 1075 567 ita
1098 527 1265 576 dicam,
1285 527 1523 578 plenitudo
1546 527 1772 578 paulatim

141 610 244 638 5656
266 599 525 648 ostendere,
544 610 638 638 non
655 598 805 638 solum
825 599 927 637 luce
943 604 989 637 et
1006 598 1219 638 claritate
1236 597 1456 648 maxima,
1478 609 1617 648 quam
1638 597 1775 637 nobis

141 670 496 709 constitutiones
519 670 790 718 attulerant,
814 679 979 708 verum
1000 668 1141 707 etiam
1163 668 1369 707 omnium
1395 668 1540 719 ipsius
1570 668 1773 719 partium

140 740 442 779 institutione.
481 739 792 790 Olissyponae
827 750 1028 790 namque
1063 738 1228 778 domus
1258 738 1419 789 (quam
1453 738 1774 789 professorum

142 811 446 862 appellamus)
465 822 491 850 a
513 810 720 860 Collegio
741 815 960 860 separata
983 814 1066 859 est,
1086 809 1118 848 ii
1138 820 1266 857 vero,
1287 809 1364 860 qui
1385 809 1432 848 in
1452 809 1589 849 domo
1612 809 1776 849 eadem

142 886 293 929 erant,
324 881 371 920 in
398 881 634 932 professos
665 880 1075 930 coadiutoresque‚
1108 886 1206 919 tum
1235 880 1281 919 in
1308 880 1647 931 spiritualibus,
1678 886 1776 920 tum

143 951 284 991 etiam
303 951 658 1001 temporalibus,
683 951 820 990 divisi
841 956 969 1000 sunt,
993 950 1023 990 ii
1045 950 1185 989 etiam
1207 949 1434 1000 adiuncti,
1457 951 1535 1002 qui
1562 951 1609 990 in
1640 950 1777 991 domo

148 1022 440 1073 probationis
460 1027 724 1072 versantur,
749 1027 797 1061 ut
819 1021 1011 1061 inferius
1031 1021 1374 1060 enarrabimus.

222 1093 320 1133 Iam
341 1099 476 1133 antea
498 1093 623 1144 apud
650 1093 809 1132 divum
836 1092 1092 1132 Antonium
1116 1092 1163 1131 in
1191 1092 1338 1131 tribus
1367 1093 1593 1132 classibus
1622 1104 1770 1144 gram-

148 1164 343 1204 matices
363 1163 714 1214 rhetoricesque
743 1163 1006 1202 rudimenta
1032 1163 1239 1202 maxima
1269 1173 1375 1202 cum
1402 1163 1667 1203 auditorum
1693 1163 1778 1203 fre-

146 1235 334 1286 quentia
351 1234 756 1286 praelegebantur.
777 1234 970 1284 Egimus
992 1234 1148 1284 itaque
1165 1245 1271 1272 cum
1294 1244 1419 1283 rege,
1439 1233 1629 1284 eiusque
1650 1234 1779 1274 iussu

146 1317 252 1346 cum
273 1305 480 1355 civitate,
503 1306 703 1344 velletne
725 1304 1036 1356 Olissyponae
1057 1303 1312 1354 Collegium
1333 1303 1420 1354 (iis,
1445 1316 1564 1356 quae
1585 1305 1781 1345 initalia

148 1375 369 1417 Siciliave
390 1381 516 1420 sunt.
541 1375 703 1425 simile)
725 1375 1001 1426 erigeretur.
1024 1375 1074 1414 In
1097 1386 1206 1426 quo,
1232 1375 1289 1414 ob
1317 1375 1521 1415 civitatis
1545 1376 1780 1415 celebrita-

144 1454 258 1497 tem,
282 1447 330 1486 in
349 1447 498 1486 tribus
520 1447 749 1486 classibus
775 1446 1135 1497 grammaticae,
1164 1445 1212 1484 in
1242 1445 1423 1486 duabus
1454 1452 1498 1486 et
1525 1446 1782 1487 rhetorices

144 1523 397 1569 praecepta
418 1523 462 1557 et
484 1528 602 1568 quae
623 1517 975 1568 provectiorum
997 1516 1091 1556 iam
1111 1516 1269 1556 stilum
1295 1517 1495 1567 polirent
1522 1519 1779 1568 praelectu-

146 1600 224 1628 ros
244 1600 330 1628 nos
351 1588 574 1638 diximus,
597 1599 779 1627 necnon
807 1598 1010 1638 graecae
1038 1593 1083 1626 et
1114 1587 1395 1627 haebraicae
1425 1588 1612 1639 linguae
1644 1595 1783 1640 atque

147 1670 309 1699 earum
344 1659 688 1711 quaestionum,
728 1669 844 1710 quas
878 1658 1022 1709 vulgo
1055 1669 1193 1698 casus
1227 1659 1545 1699 conscientiae
1576 1660 1783 1700 nomina-

148 1742 270 1779 mus,
301 1731 550 1770 lectionem
579 1730 835 1770 habituros.
864 1729 1044 1770 Placuit
1078 1730 1247 1770 mirum
1277 1730 1324 1770 in
1351 1731 1541 1770 modum
1568 1732 1784 1771 omnibus

150 1802 267 1842 haec
288 1801 483 1852 Collegii
504 1801 669 1841 forma.
699 1800 916 1841 Protinus
944 1801 1004 1841 ad
1032 1812 1192 1852 regern
1222 1801 1504 1851 detulerunt,
1530 1802 1628 1842 sine
1650 1803 1784 1843 cuius

150 1873 285 1924 copia
307 1873 371 1913 nil
392 1873 640 1924 quicquam
661 1884 720 1912 ex
748 1872 883 1912 bonis
911 1872 1119 1912 civitatis
1151 1873 1352 1923 expendi
1382 1879 1585 1923 poterat,
1619 1874 1696 1924 qui
1726 1875 1782 1922 ei,

151 1944 229 1995 qui
249 1944 451 1995 primum
470 1944 590 1983 inter
616 1944 831 1983 consules
852 1944 1006 1983 locum
1027 1943 1284 1994 obtinebat,
1311 1944 1446 1984 nobis
1467 1944 1653 1995 quidem
1675 1946 1786 1985 ami-

152 2015 353 2066 cissimo,
374 2014 569 2065 Collegii
591 2026 753 2054 curam
775 2014 1026 2065 delegavit,
1051 2020 1099 2054 ut
1120 2020 1164 2054 et
1186 2026 1270 2054 suo
1292 2020 1336 2054 et
1364 2015 1571 2055 civitatis
1598 2016 1786 2056 nomine

152 2092 339 2127 curaret
359 2091 408 2126 ut
429 2086 773 2137 quamprimum
803 2086 1026 2125 lectiones
1056 2085 1411 2136 inchoarentur;
1444 2087 1616 2138 nequid
1646 2087 1787 2127 etiam

153 2157 302 2206 exiis,
323 2168 441 2208 quae
458 2155 666 2207 Collegio
683 2156 951 2196 necessaria
970 2162 1123 2205 erant,
1143 2157 1346 2207 deesset,
1372 2157 1783 2198 animadverteret.

152 2228 303 2268 Tanta
325 2234 479 2268 autem
501 2227 765 2267 animorum
792 2228 1093 2278 exultatione,
1116 2234 1185 2268 tot
1218 2228 1452 2280 tantisque
1475 2229 1788 2269 oblationibus

154 2299 362 2349 Collegio
383 2298 775 2350 praestandorum
796 2298 1065 2338 inchoatum
1086 2305 1178 2349 est,
1204 2304 1253 2339 ut
1274 2310 1358 2350 pro
1380 2306 1508 2340 certo
1532 2300 1790 2339 habeamus

154 2370 288 2410 brevi
325 2370 475 2409 maius
514 2369 877 2409 Conimbricano
911 2369 1132 2409 futurum.
1164 2370 1214 2410 Id
1244 2376 1400 2410 autem
1428 2371 1564 2410 huius
1594 2370 1789 2421 Collegii

155 2441 358 2481 certiora
379 2440 491 2480 facit
513 2451 667 2480 annua
686 2440 961 2491 vectigalia,
986 2440 1129 2492 quod,
1162 2447 1260 2480 tum
1291 2441 1528 2492 piissimus
1554 2453 1658 2491 rex,
1691 2447 1789 2481 tum

156 2512 295 2552 etiarn
316 2517 412 2551 tam
433 2511 677 2561 praeclara
699 2510 888 2560 civitas,
918 2510 1055 2551 huius
1084 2511 1152 2551 rei
1183 2523 1344 2551 curam
1377 2512 1647 2563 susceperit.
1681 2511 1792 2551 Pro-

156 2583 326 2622 missae
349 2588 505 2621 autem
525 2581 748 2620 lectiones
771 2593 798 2620 a
825 2581 937 2621 Divi
963 2581 1120 2621 Lucae
1148 2581 1268 2622 festo
1298 2583 1602 2633 incoeperunt
1632 2583 1789 2634 expla-

155 2654 282 2702 nari,
307 2653 366 2693 ad
387 2664 504 2704 quas
534 2658 692 2691 tantus
715 2652 936 2692 confluxit
967 2652 1232 2693 auditorum
1260 2665 1500 2703 numerus,
1532 2659 1581 2693 ut
1611 2654 1733 2693 hanc
1764 2666 1791 2694 a

158 2723 392 2765 Societate
414 2723 746 2774 obligationem
768 2723 1011 2773 exegerint
1033 2723 1182 2764 cives:
1206 2730 1254 2764 ut
1275 2725 1404 2775 prius
1426 2724 1793 2776 ulissiponenses

160 2807 300 2847 quam
320 2800 571 2835 extraneos
593 2793 640 2833 in
661 2792 920 2844 Collegium
941 2794 1222 2834 admitteret.

237 2865 458 2916 Largitus
479 2871 723 2916 praeterea
744 2869 813 2903 est
835 2863 988 2904 Ilmus.
1013 2864 1113 2904 Rex
1134 2865 1336 2915 domum,
1356 2878 1449 2905 una
1470 2877 1577 2905 cum
1598 2866 1791 2917 egregio

161 2937 351 2988 templo,
389 2936 435 2975 in
465 2947 556 2986 qua
590 2934 855 2974 habitarent
884 2935 1096 2986 professi,
1127 2936 1353 2987 optimam
1380 2936 1506 2976 illam
1533 2937 1720 2988 quidem
1747 2944 1792 2977 et

161 3007 402 3060 aptissimo
430 3006 570 3046 sitam
596 3007 715 3054 lOCO,
752 3017 843 3056 qua
875 3005 1050 3056 habita,
1087 3007 1293 3046 maxima
1325 3007 1539 3048 omnibus
1572 3008 1619 3047 in
1654 3008 1792 3048 domo

159 3078 337 3119 laetitia
354 3084 398 3118 et
417 3078 498 3117 lux
520 3077 739 3126 accessit;
764 3076 969 3116 delectus
990 3077 1111 3117 enim
1132 3083 1242 3117 tunc
1265 3078 1385 3118 inter
1405 3090 1499 3129 eos,
1524 3079 1601 3130 qui
1622 3079 1669 3118 in
1691 3079 1791 3119 Col-
