2168 3437
343 296 415 333 298
858 293 1085 330 LlTTERAE
1112 300 1470 334 QUADRIMESTRES

1026 742 1312 797 CCXXIV

416 973 464 1011 P.
487 973 681 1020 Joannes
702 972 923 1011 Gonzalez

465 1039 586 1076 Patri
603 1038 774 1086 Ignatio
795 1038 848 1075 de
867 1037 1054 1085 Loyola.

512 1103 797 1150 Salmantica,
821 1103 865 1140 10
886 1103 987 1150 Maji
1008 1102 1101 1141 1553
1118 1103 1143 1138 ¹.

1125 1363 1223 1405 IHS

425 1598 593 1639 Gratia
614 1610 672 1638 ex
693 1609 789 1649 pax
811 1597 985 1637 domini
1006 1596 1157 1636 nostri
1177 1596 1288 1648 Jesu
1320 1595 1494 1636 Christi
1525 1600 1569 1635 et
1599 1594 1857 1635 consolatio
1885 1606 1990 1634 san-

342 1670 406 1710 cti
428 1670 618 1722 spiritus
639 1669 698 1709 sit
721 1679 909 1719 semper
928 1667 1188 1707 nobiscum.
1213 1666 1381 1707 Amen.

423 1741 673 1792 Nunquam
709 1746 862 1780 cessat
897 1739 1126 1778 Dominus
1161 1749 1304 1789 agere
1330 1738 1576 1778 nobiscum
1604 1736 1988 1786 misericorditer,

344 1812 654 1864 impartiendo
675 1811 809 1852 nobis
830 1810 1062 1862 quaedam
1084 1822 1142 1849 ex
1163 1810 1258 1859 his,
1284 1820 1404 1861 quae
1427 1809 1486 1849 ad
1513 1820 1626 1849 suae
1656 1808 1985 1848 sanctissimae

343 1884 521 1934 gloriae
549 1889 593 1923 et
620 1882 814 1922 honoris
848 1881 1208 1921 illustrationem
1242 1880 1490 1932 pertinent.
1527 1879 1700 1920 Vocati
1736 1891 1876 1930 saepe
1911 1890 1986 1918 ac-

343 1954 574 1995 currimus
595 1953 681 1998 his.
707 1953 785 2005 qui
804 1952 851 1992 in
882 1963 1034 2002 agone
1062 1952 1226 1992 mortis
1253 1957 1359 1991 sunt
1381 1950 1643 2000 constituti,
1669 1949 1988 1990 custodientes

342 2036 678 2076 nonnunquam
713 2035 854 2075 super
884 2035 964 2063 eos
999 2023 1190 2074 vigilias
1219 2023 1391 2073 noctis,
1431 2021 1616 2073 quando
1650 2021 1912 2061 necessitas
1945 2026 1990 2060 et

341 2096 548 2137 charitas
576 2095 621 2136 id
649 2095 839 2146 exigere
869 2095 1103 2135 Videntur.
1135 2094 1289 2145 Atque
1315 2093 1391 2134 hic
1420 2094 1538 2133 solet
1573 2092 1806 2133 Dominus
1841 2092 1988 2144 (quae

344 2168 431 2208 sibi
452 2174 522 2208 est
554 2168 787 2207 humanae
824 2166 987 2206 salutis
1019 2165 1171 2216 cura),
1191 2166 1288 2216 hic,
1312 2165 1524 2217 inquam,
1556 2165 1672 2204 solet
1704 2164 1774 2214 (ut
1806 2163 1988 2215 experti

344 2238 582 2288 novimus)
604 2244 648 2278 et
676 2237 921 2278 morientis
941 2222 1152 2288 periculo
1175 2242 1219 2290 et
1242 2236 1538 2276 admonentis
1567 2235 1895 2275 exhortatione
1919 2246 1989 2274 re-

346 2310 516 2350 ducere
551 2309 733 2361 aliquos
763 2307 1168 2348 circumstantium
1200 2306 1258 2346 ad
1289 2307 1627 2358 poenitentiam
1654 2306 1780 2346 vitae
1809 2311 1991 2357 praete-

344 2381 486 2432 ritae,
520 2381 580 2421 ad
614 2379 959 2420 correctionem
995 2378 1198 2429 futurae,
1237 2379 1297 2418 ad
1330 2384 1509 2418 rectam
1542 2377 1740 2429 denique
1768 2377 1896 2417 viam
1923 2376 1988 2416 in—

345 2459 507 2493 ternae
528 2452 708 2502 salutis,
734 2451 794 2491 ad
815 2450 1149 2500 confessiones,
1175 2449 1234 2489 ad
1255 2449 1480 2489 exercitia
1498 2449 1777 2500 spiritualia,
1803 2448 1987 2488 demum

346 2529 390 2563 et
414 2523 472 2563 ad
493 2523 784 2574 religionem.

429 2594 532 2634 Hac
555 2594 632 2634 via
652 2593 762 2633 fecit
782 2603 907 2632 nunc
929 2591 1161 2632 Dominus
1182 2597 1231 2631 ut
1253 2590 1442 2642 quidam
1464 2591 1511 2631 in
1538 2591 1610 2630 his
1641 2590 1852 2642 partibus
1882 2590 1987 2630 insi-

347 2665 452 2716 gnis
480 2671 525 2704 et
556 2664 775 2716 egregius
805 2663 1012 2703 musicus
1039 2661 1068 2713 ²,
1100 2662 1178 2713 qui
1207 2662 1263 2702 ab
1294 2674 1441 2702 uxore
1469 2662 1563 2701 iam
1596 2661 1673 2701 diu
1708 2660 1986 2712 divertebat,

402 2825 412 2845 ¹
459 2824 647 2858 Exemplar
670 2823 942 2858 autographum,
965 2822 1062 2849 unico
1085 2822 1163 2849 folio
1185 2826 1354 2855 constans,
1377 2822 1438 2848 sub
1459 2829 1491 2849 n⁴
1513 2821 1576 2848 446.
1599 2821 1714 2854 Plura,
1736 2829 1798 2855 pro
1814 2828 1906 2848 more
1922 2829 1982 2848 suo

349 2872 384 2899 P.
402 2872 569 2899 Polaneus
587 2872 619 2899 in
640 2872 703 2898 hoe
719 2871 905 2906 exemplari
922 2870 1129 2903 emendavit,
1152 2874 1184 2896 et
1204 2877 1245 2896 ex
1261 2870 1332 2903 ipso
1350 2869 1397 2896 sic
1417 2869 1596 2896 emendato
1611 2890 1615 2903 ,
1632 2868 1724 2896 aliud
1745 2869 1989 2902 transcriptum

349 2925 415 2953 est,
432 2920 519 2954 quod
534 2924 736 2947 asservatur
752 2920 783 2946 in
807 2919 879 2952 ipso
894 2918 1065 2946 volumine
1080 2918 1392 2952 quadrimestrium,
1411 2925 1442 2944 n.
1458 2916 1697 2944 Ala—Harum
1715 2916 1989 2943 emendationum

349 2975 454 2994 unam
473 2968 677 3000 alteramve,
694 2967 772 3001 quia
787 2967 939 2994 utilitate
954 2973 1016 2993 sua
1028 2972 1092 2992 non
1111 2969 1219 2998 caret,
1235 2965 1457 2992 indicabimus
1473 2965 1515 2991 ad
1530 2965 1677 2998 paginae
1693 2965 1832 2991 calcem.

404 3015 418 3034 ‘2
457 3015 637 3049 Sapienter
661 3015 828 3042 Polancus
853 3014 915 3041 has
937 3021 1040 3041 voces
1063 3015 1095 3040 et
1111 3013 1275 3046 egregius
1297 3014 1455 3040 musicus
1476 3012 1615 3039 delevit.
1639 3011 1712 3039 Hac
1734 3011 1822 3038 enim
1845 3011 1901 3038 vel
1916 3012 1990 3039 sola

349 3066 431 3089 nota
446 3062 544 3089 facile
565 3063 598 3089 in
614 3070 729 3089 eorum
744 3066 909 3095 mentem,
932 3061 986 3095 qui
1002 3062 1065 3089 has
1086 3060 1224 3088 litteras
1239 3064 1318 3088 tunc
1335 3059 1498 3095 temporis
1512 3060 1694 3094 legissent,
1711 3058 1828 3085 venire
1851 3061 1989 3093 poterat

352 3110 426 3143 quis
440 3110 497 3137 ille
513 3114 602 3137 esset
619 3110 658 3136 de
676 3118 739 3144 quo
755 3109 809 3137 hic
825 3109 860 3136 fit
878 3116 999 3136 sermo.
