2168 3437
342 299 412 336 294
849 297 1078 335 LITTERAE
1104 307 1463 340 QUADRIMESTRES

342 395 727 445 controversiam,
748 395 880 433 venis
896 394 1231 445 palpitantibus
1249 393 1400 434 adhuc
1419 394 1674 445 spirantem
1689 405 1782 434 non
1800 394 1977 446 absque

342 466 504 506 salutis
524 465 714 515 fiducia,
739 471 1040 505 maturemus.
1073 465 1124 505 In
1153 465 1285 505 cuius
1312 465 1489 516 negotii
1517 465 1812 516 frontispicio
1840 466 1975 506 varia

342 548 396 576 ac
418 536 716 576 dissentanea
737 535 1085 586 Theologorum
1111 536 1265 575 studia
1287 542 1425 587 atque
1456 536 1627 576 iudicia
1659 536 1715 576 de
1742 535 1978 576 Societate

339 607 451 660 Jesu
488 606 743 658 spectanda
784 612 906 647 sunt.
948 606 1168 646 Nonnulli
1206 605 1502 657 Religionum
1539 607 1881 647 multitudinem
1920 618 1977 646 ac

340 677 589 719 Societatis
622 683 858 717 recentem
890 683 1045 718 ortum
1077 683 1347 729 causantes,
1383 690 1441 717 ne
1476 678 1535 718 ad
1565 677 1760 729 Collegii
1790 678 1976 730 quidem

340 749 623 789 erectionem
644 760 729 789 nos
748 749 1015 789 iudicarunt
1037 749 1370 800 admittendos,
1390 760 1557 800 parum
1573 750 1647 801 pie
1664 749 1720 789 de
1737 748 1975 789 Societate

340 819 614 869 sentientes,
648 831 827 871 nosque
865 826 1143 860 accusantes
1179 820 1504 871 arrogantiae3
1543 820 1710 871 quibus
1745 819 1978 859 Dominus

341 902 525 931 omnem
545 902 720 931 noxam
744 903 828 931 sua
855 891 1010 942 gratia
1039 890 1306 931 condonare
1338 891 1572 942 dignetur.
1603 891 1722 941 Alii,
1752 903 1837 930 nos
1866 890 1979 931 infe-

340 963 423 1002 stis
457 962 604 1013 signis
637 974 732 1002 non
766 968 1121 1014 persequentes,
1157 962 1380 1013 exiguum
1415 967 1572 1002 tamen
1607 961 1811 1002 fructum
1843 973 1977 1013 expe-

341 1039 521 1073 ctantes
543 1045 567 1073 e
587 1033 741 1084 nobiS,
775 1033 971 1084 Collegii
998 1033 1243 1084 erectioni,
1275 1033 1323 1073 in
1353 1044 1444 1084 quo
1466 1033 1605 1073 studii
1631 1033 1786 1084 gratia
1806 1032 1978 1073 fratres

340 1104 587 1145 Societatis
604 1105 886 1144 commorari
903 1110 1095 1156 queant,
1111 1116 1205 1144 non
1222 1110 1507 1156 repugnant3
1527 1103 1609 1144 sed
1630 1115 1799 1144 munus
1826 1104 1979 1144 Evan-

339 1176 469 1227 gelii,
493 1181 897 1216 sacramentorum
926 1175 1161 1226 publicam
1189 1174 1662 1225 administrationem,
1697 1187 1753 1215 ac
1780 1175 1978 1226 denique

340 1247 551 1299 publicas
572 1246 925 1298 disciplinarum
947 1246 1266 1297 professiones
1295 1246 1429 1286 nobis
1450 1258 1545 1286 non
1575 1246 1770 1286 concedi
1797 1247 1978 1286 consul—

340 1323 438 1358 tum
458 1317 556 1358 fore
578 1323 784 1357 censent.
809 1317 925 1368 Alii,
948 1323 1166 1357 neutrum
1189 1317 1312 1369 apud
1341 1329 1390 1357 se
1417 1323 1700 1367 statuentes,
1730 1329 1869 1368 super
1891 1317 1980 1356 hoc

340 1389 529 1440 negotio
550 1388 807 1429 deliberant
828 1395 984 1428 utrum
1006 1388 1194 1428 tandem
1218 1388 1555 1428 consulendum
1572 1390 1679 1439 erit,
1705 1388 1782 1440 qui
1804 1399 1981 1439 aequos
2024 1389 2026 1392 ’

341 1471 396 1500 ac
426 1460 677 1511 prudentes
704 1460 881 1500 iudices
911 1471 960 1499 se
988 1460 1122 1499 nobis
1150 1459 1379 1500 hactenus
1408 1460 1741 1511 praebuerunt.
1779 1458 1976 1510 Reliqui,

340 1531 417 1582 qui
437 1531 573 1571 facile
594 1532 831 1571 numerari
853 1537 1069 1582 possunt,
1094 1537 1310 1571 strenuos
1331 1531 1530 1571 instituti
1547 1531 1695 1571 nostri
1711 1541 1979 1582 propugna-

340 1607 466 1642 tores
486 1613 536 1642 se
557 1608 745 1652 gerunt,
770 1613 826 1641 ac
846 1601 1130 1642 Societatem
1154 1607 1366 1642 nostram
1396 1602 1609 1642 omnibus
1640 1602 1806 1642 merito
1835 1601 1979 1641 susci-

340 1673 559 1725 piendam
598 1673 892 1724 praedicant,
942 1685 1058 1724 quos
1096 1673 1288 1713 honoris
1332 1673 1487 1724 gratia
1533 1680 1672 1724 atque
1717 1673 1980 1724 gratiarum

341 1744 539 1784 actionis
562 1744 712 1784 officio
734 1743 811 1784 hic
832 1744 1195 1784 nominabimus.

422 1814 578 1855 Primo
606 1816 711 1855 loco
746 1815 880 1855 nobis
914 1814 1269 1855 constituendus
1289 1815 1572 1854 venerabilis
1594 1814 1774 1854 Doctor
1803 1813 1985 1854 Govea·

340 1898 447 1937 nus,
480 1885 851 1938 portugallensis
884 1886 1095 1936 natione,
1118 1892 1321 1925 aetatem
1350 1886 1705 1936 octogenariam
1736 1898 1819 1926 sex
1841 1897 1984 1925 anno-

340 1969 444 1997 rum
463 1969 659 1997 numero
682 1968 933 2008 superans,
957 1956 1173 2008 primarii
1195 1956 1371 1996 ordinis
1393 1957 1654 2007 theologus.

421 2028 693 2069 Proximum
724 2028 812 2068 sibi
845 2028 1057 2068 vindicat
1093 2028 1290 2067 celebris
1321 2027 1395 2067 ille
1430 2028 1760 2078 Ecclesiastes,
1801 2028 1979 2068 Doctor

341 2099 625 2140 Franciscus
654 2098 904 2150 Picardus‚
933 2098 1086 2150 patria
1115 2097 1417 2149 Parisiensis,
1449 2099 1704 2150 primariae
1735 2099 1876 2138 etiam
1906 2110 1983 2138 au—

342 2171 575 2211 ctoritatis
596 2170 861 2221 theologus.

423 2241 635 2282 Tertium
655 2241 821 2281 merito
839 2241 1096 2281 tribuemus
1112 2241 1308 2281 Doctori
1324 2240 1581 2280 Francisco
1597 2240 1803 2292 Joverio,
1827 2239 1980 2291 patria

343 2313 617 2363 Valentino,
643 2324 781 2352 rarae
803 2312 1079 2352 eruditionis
1100 2312 1224 2352 viro:
1249 2312 1346 2363 qui,
1381 2323 1523 2362 quum
1553 2311 1610 2350 ob
1639 2309 1887 2350 Societatis
1910 2310 1985 2349 de-

343 2384 602 2424 fensionem
631 2389 821 2423 nostrae
851 2382 1160 2434 professionis
1191 2382 1504 2434 suspicionem
1538 2382 1833 2431 incurrisset,
1867 2381 1984 2421 adeo

344 2462 393 2496 ut
414 2455 610 2495 iesuitae
630 2466 801 2495 nomen
822 2454 910 2506 ipsi
932 2455 1036 2494 ioco
1061 2454 1419 2506 impingeretur,
1444 2454 1606 2493 humili
1624 2453 1779 2493 animo
1796 2463 1985 2503 respon-

344 2527 430 2567 dit:
454 2527 570 2567 “non
587 2538 690 2567 sum
708 2537 767 2566 ex
785 2537 946 2566 eorum
963 2537 1174 2576 numero,
1194 2537 1280 2565 nec
1303 2524 1473 2576 dignus
1494 2525 1572 2576 qui
1593 2536 1754 2564 eorum
1776 2523 1986 2574 Collegio

346 2599 620 2649 adiungar.„

425 2668 603 2719 Quarto
626 2667 927 2708 collocandus
947 2668 1050 2707 loco
1072 2667 1251 2707 Doctor
1278 2666 1582 2707 Sebastianus
1610 2665 1846 2715 Roderici,
1871 2664 1984 2705 Por-

346 2740 642 2791 tugallensis,
666 2740 740 2780 vir
761 2739 935 2790 insigni
960 2738 1133 2790 pietate
1164 2738 1370 2777 illustris.
1405 2738 1465 2778 Hi
1496 2745 1697 2789 quatuor
1723 2742 1881 2789 partes
1908 2747 1984 2775 no-

347 2818 469 2851 stras
490 2811 639 2863 probe
661 2816 867 2850 tuentur.
1445 2862 1451 2868 ⁸
1879 2843 1881 2846 .

427 2881 621 2933 Aliquot
644 2882 722 2921 alii
744 2887 875 2931 sunt,
902 2880 979 2932 qui
1000 2880 1184 2920 sincero
1207 2880 1376 2920 affectu
1398 2879 1681 2920 Societatem
1705 2879 1986 2929 amplectun-

349 2958 442 3003 tur,
470 2953 551 2992 sed
574 2964 766 2992 causam
784 2951 954 2992 Christi
973 2984 981 3002 ,
1002 2951 1289 2991 adversariis
1308 2951 1456 3002 copiis
1473 2950 1703 3000 deterriti,
1725 2949 1987 2989 detrectare

349 3022 583 3063 videntur.

430 3093 546 3134 Sunt
577 3106 758 3146 quoque
788 3093 1000 3145 primarii
1031 3092 1207 3132 ordinis
1242 3092 1469 3143 theologi,
1503 3091 1580 3143 qui
1615 3091 1875 3130 institutum
1906 3101 1987 3129 no-
