2168 3437
878 246 960 283 AN.
996 245 1088 283 1553
1729 242 1801 280 359

796 767 1177 822 CCXXXVH

236 1071 401 1108 Lucius
422 1069 564 1108 Croee

284 1136 405 1173 Patri
423 1135 590 1182 Ignatio
610 1133 663 1171 de
683 1133 868 1181 Loyola.

331 1201 550 1246 Valentia,
571 1200 595 1237 3
612 1198 806 1246 Augusti
827 1197 920 1236 1553
940 1198 966 1233 ¹.

930 1495 1028 1536 IHS

242 1766 343 1808 Rfle
363 1767 410 1807 in
432 1766 618 1807 Christo
640 1765 794 1805 Pater.

241 1839 440 1879 Evoluto
463 1837 677 1889 proximo
700 1834 1045 1888 quadrimestri,
1070 1833 1185 1874 ordo
1207 1834 1306 1885 ipse
1324 1831 1421 1884 jam
1449 1843 1705 1886 exposcere
1735 1833 1797 1872 vi-

158 1910 298 1950 detur
331 1914 380 1949 ut
415 1908 706 1960 praescripta
740 1905 986 1958 provincia
1014 1917 1040 1944 a
1070 1905 1205 1944 nobis
1235 1904 1551 1955 susciperetur
1572 1915 1626 1943 ac
1650 1903 1705 1943 de
1727 1903 1800 1943 his

161 1981 377 2020 omnibus
411 1985 540 2020 tuam
574 1978 907 2030 paternitatem
934 1975 948 1994 ⁰²
984 1976 1232 2016 certiorem
1264 1974 1517 2025 faciamus,
1557 1986 1674 2026 quae
1710 1974 1798 2014 hoc

161 2057 354 2103 peraeto
377 2049 707 2102 quadrimestri
728 2054 835 2089 aeta
857 2052 979 2088 sunt.

242 2122 299 2162 Et
320 2121 502 2161 initium
523 2131 703 2160 sumam
725 2131 752 2159 a
772 2118 874 2159 R.d0
902 2118 1041 2158 Patre
1061 2117 1333 2157 Hieronimo
1355 2115 1531 2167 Natali,
1563 2114 1693 2167 eujus
1721 2116 1797 2155 ad-

159 2198 330 2233 ventus
362 2203 503 2244 quam
536 2191 835 2243 gratissimus
864 2189 1078 2230 omnibus
1107 2188 1270 2239 fuerit,
1302 2188 1385 2228 Vix
1410 2188 1553 2238 longa
1587 2187 1798 2227 oratione

160 2275 351 2314 possem
372 2263 623 2314 explicare.
647 2262 749 2302 Hoc
771 2261 1017 2301 dumtaxat
1045 2259 1103 2300 ad
1129 2265 1259 2300 tuam
1287 2265 1383 2310 pat.
1412 2259 1635 2299 scribam:
1668 2265 1799 2298 tanta

161 2334 451 2374 humanitate
473 2339 612 2385 atque
634 2333 842 2373 omnium
864 2333 1095 2384 applausu
1114 2331 1258 2371 fuisse
1289 2336 1559 2382 exceptum,
1588 2340 1797 2381 praeser-

160 2405 246 2445 tim
281 2417 308 2445 a
342 2404 567 2455 Pro-rege
598 2402 611 2422 ⁵
643 2409 688 2444 et
716 2404 773 2444 ab
804 2402 902 2455 ejus
931 2414 1079 2443 uxore
1105 2400 1141 2452 ⁴,
1177 2407 1227 2442 ut
1262 2400 1606 2453 quodammodo
1641 2400 1798 2450 iniquo

162 2477 320 2517 animo
342 2475 531 2515 tulerint
551 2473 649 2526 ejus
671 2474 947 2525 discessum,
973 2485 1028 2514 ac
1049 2473 1089 2513 si
1108 2474 1228 2513 inter
1250 2484 1331 2512 eos
1358 2472 1578 2512 diuturna
1604 2471 1797 2513 familia-

160 2547 278 2587 ritas
298 2546 660 2596 intereessisset;
684 2551 733 2585 ut
753 2545 940 2585 interim
960 2550 1256 2596 praeteream
1274 2543 1698 2594 Archiepiscopum
1719 2553 1798 2581 va-

216 2685 227 2705 ¹
269 2684 517 2719 Autographae
533 2682 566 2710 in
580 2683 660 2710 folio
676 2682 811 2717 duplici,
826 2689 857 2710 n.
873 2681 1102 2709 47l.—Earum
1118 2689 1138 2709 a
1153 2681 1311 2714 Polanco‚
1328 2684 1365 2707 ut
1380 2680 1483 2707 moris
1499 2683 1585 2711 erat,
1603 2679 1797 2706 emendata-

162 2740 237 2760 rum
252 2736 348 2760 extat
364 2731 599 2767 apographum
614 2731 647 2757 in
664 2730 744 2757 folio
758 2730 820 2757 658.
839 2729 931 2763 Quae
947 2730 1142 2757 emendavit
1155 2729 1230 2762 ille,
1246 2728 1289 2755 ad
1304 2729 1433 2755 calcem
1454 2734 1514 2754 nos
1535 2727 1681 2761 paginae
1698 2733 1799 2760 appo-

160 2788 294 2808 nemus.

215 2828 229 2847 2
265 2831 302 2854 ut
316 2827 359 2854 de
375 2828 480 2854 rebus
495 2827 630 2853 nostris
645 2829 739 2853 tuam
753 2824 1017 2852 Paternitatem.
1033 2824 1212 2852 Polaneus.

215 2875 230 2895 3
267 2874 500 2902 Bernardinus
516 2874 691 2901 Cardenas
715 2876 747 2900 et
771 2872 936 2907 Pacheco,
957 2872 990 2899 ΙΙ
1010 2871 1197 2906 Maquedae
1214 2871 1308 2905 Dux,
1330 2870 1345 2897 1
1369 2869 1520 2897 Marchio
1542 2869 1582 2896 de
1603 2868 1726 2901 Elehe.
1744 2869 1799 2903 qui

160 2926 266 2950 antea
277 2923 389 2950 fuerat
404 2922 584 2949 Navarrae
601 2921 753 2953 Pro-rex,
770 2920 809 2947 de
826 2927 890 2954 quo
905 2921 1005 2954 plura
1025 2919 1059 2947 in
1074 2920 1240 2953 ΡοιΑΝσῐ,
1258 2918 1436 2950 Chronico,
1450 2921 1484 2944 et
1498 2917 1532 2944 in
1547 2916 1631 2944 Vita
1646 2915 1678 2943 S.
1694 2916 1800 2944 Fran-

160 2969 242 2997 cisci
258 2969 397 3004 Borgia,
410 2974 549 2997 auctore
567 2969 666 2997 Card.
686 2968 901 3003 Cienfuegos.

216 3017 231 3036 ⁴
267 3017 449 3045 Elisabeth
470 3018 510 3044 de
530 3017 689 3051 Velasco,
711 3016 781 3044 filia
805 3016 912 3044 Eneci
936 3016 1135 3043 Fernandez
1157 3015 1196 3042 de
1213 3015 1372 3046 Velasco,
1395 3009 1536 3040 Comitis·
1557 3011 1691 3040 stabilis
1707 3011 1803 3047 (Con-

161 3065 335 3099 destable)
353 3064 537 3099 Castellae,
554 3064 593 3091 de
609 3071 674 3098 quo
689 3064 789 3098 plura
803 3064 836 3091 in
852 3063 1013 3097 POLANC1‚
1031 3063 1207 3090 Chronico.
