2168 3437
907 261 991 299 AN.
1022 262 1114 299 1553
1763 264 1834 301 489

198 362 337 408 atque
368 357 431 397 ita
459 369 684 409 processu
715 359 941 411 temporis
967 360 1066 400 fore
1094 360 1368 401 confidimus
1396 368 1469 411 ut,
1498 362 1654 412 gratia
1683 362 1830 413 opitu-

194 428 320 468 lante
342 428 523 480 divina,
548 441 731 480 omnes,
755 430 801 470 in
822 431 1107 471 solemnibus
1127 431 1370 471 minimum
1391 432 1542 483 festis,
1567 432 1735 472 horum
1759 444 1828 472 sa-

194 505 541 540 cramentorum
562 500 752 540 uberem
772 506 1012 552 reportent
1032 501 1259 552 fructum,
1284 514 1461 554 suoque
1489 504 1702 555 exemplo
1732 509 1829 543 tan-

193 569 299 609 dem
318 570 399 610 filii
418 572 493 611 vel
514 571 662 612 invita
682 577 930 623 parentum
952 573 1095 612 corda
1118 573 1176 613 ad
1197 573 1505 614 christianam
1535 575 1627 615 sint
1654 575 1827 615 emolli-

193 641 287 681 turi
324 642 561 693 pietatem.
599 641 755 694 Atque
793 642 911 682 haec
947 643 1061 683 satis
1096 644 1151 684 de
1185 645 1364 695 pueris,
1405 656 1603 696 quorum
1641 645 1829 697 quidem

191 724 414 753 numerus
437 713 742 753 vehementer
763 714 936 764 crevit,
962 721 1011 754 ut
1032 714 1079 754 in
1100 726 1192 754 una
1214 715 1354 755 etiam
1375 716 1525 756 classe
1546 717 1702 767 plures
1725 728 1825 757 cen-

192 789 290 824 tum
311 785 589 835 habeamus,
613 785 835 836 brevique
857 797 1045 837 novam,
1065 792 1251 837 praeter
1268 793 1363 827 tres
1386 788 1518 838 alias,
1543 789 1827 828 constituere

194 855 397 895 classem
419 855 727 896 decrevimus.

270 925 430 966 Nostri
457 927 727 968 sacerdotes
753 934 797 968 et
827 928 903 968 alii
928 928 1137 967 nonnulli
1161 927 1186 977 ¹,
1216 935 1265 968 ut
1286 929 1341 969 de
1372 929 1443 969 his
1475 941 1625 981 pauca
1656 931 1824 981 dicam,

191 996 438 1048 diligenter
466 1004 509 1037 et
535 988 707 1049 magno
738 1000 854 1039 satis
885 1010 992 1045 cum
1018 998 1172 1038 fructu
1199 1011 1310 1039 suas
1341 1001 1616 1041 continuant
1645 1002 1824 1042 concio-

189 1078 294 1117 nes;
328 1067 557 1119 imprimis
578 1068 627 1109 P.
652 1069 828 1110 Canisii
859 1070 1149 1121 praedicatio
1178 1070 1350 1110 indies
1379 1072 1532 1122 magis
1563 1073 1823 1124 magisque,

188 1143 286 1178 tum
311 1138 488 1190 Regiae
516 1139 800 1191 Majestatis,
834 1147 932 1180 tum
959 1141 1141 1192 populi,
1172 1142 1504 1192 attentionem,
1535 1143 1746 1184 favorem
1782 1150 1826 1184 et

188 1209 391 1260 gratiam
411 1211 581 1251 mereri
601 1212 929 1263 comperimus.
949 1212 1008 1262 Is,
1031 1218 1295 1264 postquam,
1319 1214 1475 1264 gratia
1493 1214 1609 1260 Deo,
1633 1227 1659 1254 a
1681 1215 1824 1263 febre,

189 1292 280 1332 qua
307 1283 569 1333 periculose
603 1284 717 1323 satis
743 1284 1001 1333 laboravit,
1032 1284 1284 1335 evasisset,
1315 1290 1497 1325 tantum
1527 1287 1657 1326 abest
1689 1294 1736 1326 ut
1768 1288 1825 1327 ab

188 1353 278 1393 hoc
311 1354 616 1405 praedicandi
646 1367 837 1395 munere
873 1356 932 1395 sit
965 1355 1180 1407 feriatus,
1211 1362 1260 1396 ut
1286 1362 1331 1396 et
1358 1357 1489 1397 labor
1518 1358 1577 1398 sit
1605 1358 1646 1397 ei
1674 1359 1826 1410 magis

189 1430 368 1464 auctus.
393 1425 533 1476 Nam,
558 1427 666 1466 licet
695 1426 842 1478 Regia
863 1426 1085 1478 Majestas
1112 1427 1212 1479 ipso
1241 1434 1449 1468 uteretur
1471 1429 1822 1479 concionatore,

187 1502 343 1536 tamen
364 1497 576 1548 publicae
598 1498 750 1548 magis
771 1498 958 1538 utilitati
979 1511 1120 1550 quam
1150 1499 1364 1550 privatae
1394 1500 1606 1550 studens,
1642 1503 1823 1541 consul-

186 1567 278 1607 tius
311 1567 411 1608 fore
446 1569 630 1619 putavit
657 1569 696 1609 si
724 1569 771 1609 in
798 1580 980 1609 summa
1009 1576 1052 1610 et
1081 1570 1339 1610 cathedrali
1375 1571 1587 1611 Ecclesia
1623 1572 1823 1613 serviret

183 1639 376 1690 populo;
410 1639 491 1679 sed
520 1651 626 1679 cum
654 1640 777 1680 idem
802 1639 904 1680 Rex
929 1640 976 1680 in
1002 1640 1133 1681 festis
1160 1642 1384 1681 natalitiis
1412 1642 1651 1683 ordinario
1686 1643 1821 1683 desti-

182 1714 393 1749 tueretur
432 1711 789 1761 concionatore,
832 1712 891 1752 ad
931 1712 1171 1752 Canisium
1211 1713 1325 1753 itum
1363 1719 1458 1763 est,
1507 1714 1585 1765 qui
1624 1715 1820 1766 proinde

184 1785 432 1832 utrumque
466 1781 772 1832 praedicandi
807 1794 995 1830 munus,
1030 1783 1118 1823 hoc
1146 1789 1238 1833 est,
1270 1791 1315 1824 et
1344 1785 1468 1835 apud
1496 1784 1674 1836 Regem
1706 1792 1749 1826 et
1778 1787 1824 1826 in

182 1853 354 1903 templo
387 1864 585 1904 summo,
622 1865 716 1893 non
752 1854 851 1894 sine
879 1854 1057 1905 ingenti
1092 1855 1276 1903 labore,
1308 1856 1468 1905 subiit;
1499 1868 1610 1896 nam
1646 1857 1819 1907 statim,

182 1923 395 1963 absoluta
418 1925 645 1965 concione
665 1936 779 1975 una,
804 1925 889 1965 fuit
909 1926 974 1965 illi
995 1925 1053 1965 ad
1075 1927 1273 1966 alteram
1304 1927 1394 1967 alio
1424 1928 1471 1967 in
1502 1928 1605 1968 loco
1629 1940 1819 1980 progre-

183 1994 416 2034 diendum.
438 1995 568 2046 Quae
590 2007 664 2035 res
685 1996 823 2036 efficit
843 2003 892 2036 ut
913 1997 1065 2047 magis
1087 2009 1142 2037 ac
1163 1998 1316 2048 magis
1337 1998 1654 2039 increbrescat
1677 2006 1819 2051 atque

183 2071 411 2116 augeatur
434 2066 580 2117 ipsius
601 2067 725 2117 apud
746 2078 908 2107 omnes
935 2067 1080 2118 fama,
1105 2080 1198 2108 non
1229 2070 1379 2109 solum
1409 2076 1565 2110 autem
1593 2069 1711 2121 ejus,
1744 2072 1825 2111 sed

188 2141 232 2176 et
254 2136 451 2177 aliorum
472 2137 673 2177 fratrum
698 2144 985 2188 nostrorum,
1019 2139 1098 2190 qui
1128 2145 1173 2179 et
1200 2140 1288 2191 ipsi
1317 2141 1671 2191 concionantur,
1705 2153 1823 2193 quos

183 2218 288 2247 cum
311 2207 357 2247 in
378 2208 540 2259 primis
562 2220 699 2249 rarus
726 2210 841 2250 satis
869 2210 1018 2250 adiret
1043 2211 1266 2262 populUS,
1299 2212 1373 2251 vel
1400 2212 1508 2263 quia
1539 2212 1709 2263 ignoti,
1742 2215 1817 2253 vel

182 2277 290 2328 quia
310 2279 519 2318 nonnulli
540 2291 634 2319 non
654 2280 719 2320 ita
735 2281 990 2331 eleganter,
1010 2287 1060 2321 ut
1081 2281 1276 2321 istorum
1292 2283 1557 2333 prurientes
1579 2283 1821 2334 requirunt

183 2359 345 2399 aures,
369 2349 457 2389 hoc
486 2350 659 2390 idioma
685 2351 928 2402 callerent,
962 2352 1028 2392 ita
1057 2359 1107 2392 ut
1134 2354 1182 2392 in
1209 2353 1372 2404 primis
1400 2353 1668 2393 instandum
1698 2362 1820 2394 esset

183 2420 306 2471 apud
329 2431 430 2471 eos,
456 2433 653 2472 quorum
674 2422 898 2462 intererat
920 2424 1144 2475 templum
1166 2424 1446 2475 concedere,
1481 2431 1529 2464 ut
1560 2425 1720 2464 liceret
1742 2425 1820 2465 ali·

182 2491 369 2542 quando
406 2493 577 2543 populo
611 2493 756 2533 verba
791 2493 968 2545 facere,
1007 2506 1130 2534 nunc
1158 2495 1383 2546 paulatim
1410 2502 1681 2535 nostrorum
1713 2508 1818 2536 con-

183 2562 394 2602 cionibus
417 2562 537 2602 affici
558 2563 790 2604 videntur.
825 2564 1005 2605 Instant
1026 2565 1149 2605 enim
1176 2573 1436 2617 urgentque
1466 2572 1514 2606 ut
1545 2567 1820 2607 continuare

181 2633 341 2683 velint,
365 2633 463 2673 fore
485 2634 758 2684 pollicentes
780 2641 824 2674 et
845 2646 1070 2686 magnum
1091 2636 1375 2676 auditorium
1395 2643 1440 2676 et
1461 2637 1699 2687 ingentem
1725 2638 1816 2679 fru-

181 2710 321 2744 ctum.
346 2704 396 2744 In
418 2716 620 2755 summa,
646 2711 834 2756 praeter
855 2707 992 2758 alios,
1017 2718 1134 2759 quos
1160 2707 1267 2747 hinc
1300 2708 1480 2758 amplos
1507 2708 1687 2749 fructus
1716 2721 1817 2761 spe-

181 2787 354 2825 ramus,
379 2776 467 2815 hoc
489 2776 692 2816 maxime
713 2778 1028 2829 assequimur:
1054 2778 1178 2830 quod
1200 2778 1353 2829 magis
1374 2779 1421 2818 in
1443 2779 1541 2819 dies
1568 2779 1817 2821 Societatis

180 2852 370 2886 nostrae
391 2847 539 2887 bonus
559 2853 813 2898 spargatur
829 2848 959 2888 odor.

260 2917 365 2958 Non
391 2919 516 2958 enim
544 2917 620 2958 hic
649 2918 894 2959 dumtaxat
924 2926 1193 2960 nostrorum
1223 2932 1365 2971 opera
1393 2920 1701 2972 desideratur,
1735 2923 1817 2963 sed

235 3077 244 3096 ¹
285 3076 487 3106 Scholastici
502 3079 644 3114 scilicet,
661 3079 716 3114 qui
731 3080 877 3107 nondum
893 3084 991 3108 erant
1006 3080 1214 3109 sacerdotes.
