2168 3437
831 290 913 327 AN.
946 289 1036 327 1554
1697 290 1768 327 513

134 387 229 428 iam
248 387 372 427 idem
391 393 459 439 pf
478 387 642 427 melius
663 398 713 427 se
734 387 934 438 habeat),
960 387 1175 427 eumdem
1193 387 1327 427 nobis
1347 398 1514 428 sanum
1538 387 1766 428 restituet:

136 464 186 498 ut
206 458 456 498 velocitate
478 469 636 498 moras
656 464 913 509 copensare
934 458 1095 509 possit.

216 528 319 568 Hoc
340 529 669 580 quadrimestri
688 529 958 580 praeterito,
983 528 1083 568 R.de
1103 528 1256 580 Pater,
1275 541 1368 569 non
1386 529 1484 569 sine
1500 541 1674 581 magna
1692 528 1767 569 ad-

137 599 400 640 mirationis
421 611 564 639 causa
585 611 688 639 sese
705 599 838 639 dnus.
859 598 1083 640 Societati
1099 606 1291 640 nostrae
1308 607 1353 640 et
1369 600 1476 640 huic
1493 600 1649 641 domui
1665 611 1768 652 pro-

137 669 254 722 pitiu
275 670 505 720 exhibuit,
536 669 913 721 quandoquidem
940 670 1126 710 detento
1156 676 1290 722 patre
1317 671 1364 711 in
1392 683 1477 711 sua
1504 671 1771 711 infirmitate

139 740 204 790 (ut
224 740 401 781 dictum
422 740 522 791 est),
547 747 676 780 tanta
697 741 782 781 fuit
804 740 1066 792 frequentia
1088 747 1132 781 et
1153 748 1377 782 cocursus
1403 743 1692 783 venientium
1713 742 1771 782 ad

138 810 371 852 cofitendu
390 817 586 862 peccata
607 823 706 862 sua,
730 811 999 862 refragante
1022 813 1271 864 praecipue
1293 813 1566 853 austeritate
1597 819 1772 865 tempo-

137 882 218 933 ris,
242 888 291 921 ut
313 882 390 933 qui
410 882 526 921 bene
548 882 665 922 haec
686 883 893 933 sentiret,
918 889 1041 922 esset
1061 883 1184 922 unde
1204 890 1531 935 prorumperet
1548 884 1595 924 in
1611 885 1772 925 laudes

138 952 328 1004 domini,
352 964 406 992 eo
430 953 616 1004 quidem
637 964 784 1005 usque
805 959 854 993 ut
875 953 991 993 bene
1018 954 1093 993 ille
1125 965 1283 994 secum
1313 961 1469 995 actum
1495 967 1597 995 esse
1627 961 1770 1007 putet,

139 1024 218 1075 qui
238 1024 385 1075 possit
408 1036 487 1075 per
510 1024 697 1075 aliquod
717 1024 872 1075 spatiu
893 1024 1098 1075 aliquem
1119 1031 1302 1076 patrem
1334 1026 1472 1066 huius
1503 1026 1669 1066 domus
1696 1026 1773 1066 ha-

138 1095 262 1145 bere,
286 1095 587 1145 grauioribus
602 1107 694 1135 non
711 1095 950 1136 detentum
967 1095 1370 1146 occupationibus,
1395 1108 1595 1147 quocum
1612 1098 1771 1149 possit,

139 1177 259 1217 quae
287 1166 346 1206 ad
376 1165 757 1206 reformationem
787 1166 912 1206 vitae
941 1177 1054 1206 suae
1085 1166 1338 1217 pertinent,
1374 1167 1607 1216 conferre;
1639 1167 1776 1219 idque

140 1249 233 1277 non
254 1237 404 1276 solum
424 1248 506 1288 per
528 1242 673 1277 totam
697 1237 832 1287 diem,
858 1236 941 1277 sed
961 1237 1105 1276 etiam
1125 1237 1278 1277 noctis
1298 1244 1481 1289 tepore,
1506 1245 1555 1278 ut
1584 1239 1666 1279 vix
1697 1239 1774 1279 ali-

140 1308 325 1359 quando
347 1308 548 1359 supersit
568 1314 750 1359 tempus
772 1308 831 1348 ad
852 1308 1145 1348 recitandum
1166 1308 1309 1349 horas
1330 1310 1601 1350 canonicas.

219 1379 435 1429 Fructus,
460 1379 617 1431 quiex
643 1385 776 1419 tanta
804 1379 1067 1431 frequentia
1095 1387 1500 1420 sacramentorum
1531 1387 1776 1433 expectan-

142 1451 229 1491 dus
256 1456 375 1499 erat,
402 1450 495 1490 iam
524 1451 738 1490 omnibus
767 1457 837 1490 est
867 1450 1158 1491 manifestus:
1196 1451 1338 1503 aliqui
1366 1452 1574 1504 ipsorum
1609 1459 1653 1493 et
1685 1465 1776 1494 non

140 1522 278 1573 pauci
308 1522 417 1572 (non
438 1522 561 1562 enim
581 1533 827 1562 numerum
847 1522 998 1571 teneo)
1022 1522 1233 1562 fecerunt
1255 1522 1564 1563 cofessionem
1584 1535 1776 1575 genera-

140 1593 244 1644 lem,
269 1594 499 1634 rationem
519 1593 768 1633 reddentes
788 1593 932 1633 totius
954 1600 1149 1633 exactae
1172 1594 1313 1645 vitae,
1336 1594 1400 1634 ita
1424 1601 1487 1645 ut,
1507 1607 1622 1646 quos
1641 1602 1777 1636 antea

141 1670 317 1716 tanqua
338 1664 521 1704 feroces
541 1665 699 1704 leones
720 1670 970 1715 metueras,
1003 1676 1126 1704 nunc
1155 1671 1329 1716 tanqua
1363 1677 1513 1716 agnos
1543 1673 1779 1707 masuetos

142 1742 438 1776 contrectare
460 1737 626 1787 possis.
651 1737 708 1776 Et
729 1737 838 1788 quia
860 1737 1003 1776 semel
1033 1744 1285 1787 gustarunt
1310 1750 1366 1778 ac
1394 1738 1612 1778 viderunt
1639 1750 1778 1790 quam

144 1807 293 1847 dulcis
313 1807 372 1847 sit
394 1807 624 1858 dominus,
649 1808 742 1847 iam
763 1820 856 1847 non
877 1807 1192 1847 cofunduntur
1216 1820 1376 1848 eorum
1397 1808 1556 1860 facies,
1581 1822 1667 1849 nec
1687 1816 1777 1850 tur-

143 1878 313 1918 bantur
336 1879 383 1918 in
398 1878 630 1930 frequenti
647 1890 842 1918 accessu
858 1879 916 1918 ad
932 1890 1051 1918 eum:
1074 1885 1212 1930 atque
1230 1880 1295 1920 ita
1313 1891 1497 1932 semper
1516 1881 1684 1921 crescit
1700 1893 1778 1921 nu-

145 1962 301 1990 merus
323 1950 609 1990 cofitentium
636 1950 834 2000 singulis
855 1949 1100 1990 dominicis
1122 1950 1304 2001 diebus,
1337 1958 1387 1991 ut
1418 1952 1668 2003 aliquando
1700 1953 1779 1992 vix

146 2020 344 2060 sufficiat
365 2027 546 2072 tempus
570 2021 629 2061 ad
650 2021 925 2061 coficiedum
946 2033 1148 2072 sacrum,
1173 2029 1217 2062 et
1237 2023 1470 2062 multoties
1497 2035 1591 2063 non
1620 2030 1690 2063 est
1719 2025 1779 2063 lo-

149 2103 231 2132 cus
252 2091 522 2143 perficiendi
550 2103 711 2132 omnes
742 2092 1049 2143 cofessiones,
1074 2104 1194 2144 quae
1223 2105 1326 2133 sese
1355 2093 1575 2144 offerunt,
1603 2100 1648 2135 et
1676 2095 1779 2135 ideo

149 2170 255 2203 sunt
276 2163 583 2203 remittendae
605 2169 684 2203 aut
705 2164 751 2203 in
773 2163 1148 2215 pomeridianum
1169 2171 1303 2216 tepus
1327 2171 1406 2205 aut
1432 2165 1479 2205 in
1507 2166 1778 2217 crastinum,

150 2235 327 2274 malunt
354 2235 477 2274 enim
507 2234 746 2275 cofitentes
772 2235 859 2286 ipsi
893 2235 1143 2275 comodum
1170 2242 1304 2287 tepus
1339 2243 1611 2288 expectare,
1643 2249 1781 2289 quam

152 2305 251 2346 sine
278 2305 536 2346 cofessione
571 2317 836 2356 remanere,
869 2318 924 2346 ac
954 2306 1148 2357 proinde
1179 2307 1376 2358 singulis
1413 2308 1573 2348 diebus
1601 2315 1783 2360 oportet

151 2376 394 2416 audiendis
415 2376 752 2417 cofessionibus
780 2388 975 2428 vacare,
1007 2385 1241 2430 quamqua
1273 2379 1520 2420 dominicis
1547 2379 1708 2420 diebus
1738 2387 1784 2420 et

149 2448 330 2488 festinis
351 2447 500 2487 maior
520 2453 590 2487 est
611 2454 847 2496 cocursus3
873 2448 936 2488 ita
953 2456 1002 2488 ut
1019 2456 1233 2500 oporteat
1250 2462 1393 2490 unum
1416 2463 1473 2491 ex
1490 2452 1624 2491 nobis
1640 2451 1785 2491 ferme

150 2525 247 2559 toto
271 2530 406 2558 mane
427 2524 562 2559 tantu
582 2519 975 2560 administrationi
996 2521 1282 2560 sanctissimi
1299 2522 1611 2562 eucharistiae
1630 2534 1782 2562 sacra-

152 2590 295 2630 menti
316 2589 569 2640 intendere3
594 2596 732 2641 atque
753 2590 817 2630 ita
838 2590 1036 2631 innotuit
1055 2592 1139 2631 toti
1157 2593 1330 2643 populo
1347 2600 1506 2632 noster
1523 2593 1688 2633 modus
1704 2593 1784 2633 mi-

153 2661 385 2701 nistrandi
405 2667 718 2709 sacramenta,
742 2668 791 2701 ut
811 2661 905 2701 iam
926 2663 1102 2714 passim
1125 2663 1322 2703 dicatur:
1347 2664 1423 2715 qui
1444 2664 1556 2704 velit
1577 2664 1785 2705 confiteri

154 2738 199 2772 et
216 2733 530 2782 comunicare,
551 2732 689 2772 adeat
706 2732 818 2773 divi]
835 2734 1029 2774 antonii]
1049 2733 1074 2784 ¹3
1092 2734 1184 2774 illic
1203 2735 1326 2774 enim
1342 2735 1442 2775 sine
1462 2736 1675 2775 molestia
1694 2736 1785 2776 cito

156 2803 443 2854 expedietur.

235 2873 358 2914 Inter
380 2874 497 2914 haec
518 2875 663 2925 multi,
688 2875 765 2926 qui
792 2886 840 2915 se
868 2874 973 2915 odio
1003 2876 1427 2927 prosequebantur,
1458 2877 1504 2916 in
1533 2877 1786 2918 amicitiam

157 2951 263 2985 sunt
281 2945 475 2996 redacti;
499 2945 577 2985 alii
598 2957 711 2985 vero
733 2946 780 2985 in
803 2946 1057 2986 miserabili
1078 2954 1204 2987 statu
1226 2947 1539 2988 damnationis
1558 2949 1785 2999 viventes,

212 3114 222 3134 ¹
260 3114 435 3149 Templum
452 3115 612 3142 Patribus
627 3114 808 3142 Societatis
823 3115 1018 3143 Vallisoleti
1036 3117 1252 3144 attributum.

303 3173 350 3209 T.
383 3187 425 3209 ιι.
1556 3186 1597 3221 33
