2168 3437
322 265 396 302 400
837 262 1063 299 LITTERAE
1089 271 1447 304 QUADRIMESTRES

320 361 473 401 sentia
503 360 624 399 illius
653 357 849 408 Collegii
880 357 1125 408 fratribus,
1156 358 1298 397 etiam
1324 359 1443 397 inter
1474 358 1701 409 eundum,
1734 363 1831 398 tota
1866 371 1958 398 una

318 430 499 471 triremi
526 428 701 478 diffusi,
735 440 839 468 eam
858 439 976 480 pene
1004 439 1191 468 omnem
1212 428 1271 468 ad
1291 429 1606 480 poenitentiae
1627 428 1830 469 studium
1853 441 1958 469 con-

321 506 589 549 verterunt,
627 499 790 550 suique
825 504 1005 538 tantam
1033 499 1080 538 in
1108 498 1310 539 Domino
1348 499 1643 539 dilectionem
1678 500 1956 550 excitarunt,

319 579 370 611 ut
392 583 470 611 eos
493 582 518 610 a
541 582 590 610 se
612 569 851 610 discedere
879 581 1022 620 aegre
1051 570 1220 610 milites
1252 576 1539 621 paterentur.
1570 569 1767 610 Rediere
1794 570 1841 610 hi
1869 570 1960 610 duo

322 642 491 682 nudius
521 641 687 681 tertius
717 647 766 680 ut
796 641 905 681 hinc
928 641 1199 692 propediem
1228 641 1314 681 iter
1346 652 1482 681 suum
1509 640 1708 681 Romam
1736 641 1957 692 dirigant.

319 713 400 764 Et,
425 712 644 763 quoniam
664 712 728 751 ita
749 718 793 751 te
815 712 934 752 velle
956 711 1278 762 intelligimus,
1303 712 1445 751 etiam
1474 723 1580 752 cum
1608 712 1663 752 iis
1693 712 1960 752 adolescen-

321 791 391 824 tes
428 784 630 835 quinque
657 782 1006 833 Messanenses,
1042 793 1158 834 quos
1189 781 1287 834 jam
1317 783 1494 834 aliquot
1525 794 1674 822 annos
1704 782 1960 833 Collegium

321 856 412 895 hoc
433 855 566 903 aluit,
591 853 814 894 Societati
830 860 1019 894 nostrae
1037 853 1239 904 dicatos,
1258 854 1445 904 graecis
1463 865 1517 894 ac
1534 854 1691 894 latinis
1707 854 1854 894 literis
1870 865 1961 893 me*

322 925 542 966 diocriter
564 924 793 975 eruditos,
818 931 883 975 et,
915 925 954 964 si
983 931 1113 965 aetas
1144 930 1403 975 spectetur,
1437 924 1638 965 fortasse
1667 936 1761 964 non
1793 925 1960 964 medio-

320 998 486 1048 criter,
510 996 837 1036 hebraicarum
860 1005 1015 1036 autem
1042 1008 1136 1036 non
1166 996 1351 1047 penitus
1378 996 1590 1046 ignaros,
1623 1002 1671 1036 ut
1700 994 1835 1047 hujus
1857 995 1958 1036 Col-

326 1068 435 1119 legii
457 1067 591 1119 quasi
621 1066 849 1118 quasdam
878 1067 1111 1118 primitias
1141 1067 1373 1118 accipias,
1398 1066 1457 1106 ad
1484 1072 1551 1117 te,
1580 1066 1669 1106 nisi
1699 1067 1964 1107 oberrantis

324 1139 496 1180 classis
516 1138 775 1190 periculum
796 1137 1046 1187 obstiterit,
1071 1137 1308 1178 mittemus
1333 1137 1357 1178 ¹.

405 1210 561 1262 Atque
595 1211 712 1250 haec
740 1208 837 1249 fere
871 1209 927 1249 de
963 1209 1172 1260 Collegio
1206 1215 1368 1249 nostro
1405 1208 1654 1249 scribenda
1690 1216 1959 1250 occurrunt.

321 1282 410 1322 ⁴Cui
442 1281 531 1321 nisi
566 1286 697 1321 tanta
733 1287 856 1320 esset
892 1281 1217 1332 operariorum
1250 1281 1470 1332 penuria,
1506 1281 1667 1321 liceret
1698 1293 1756 1320 ex
1788 1292 1837 1320 se
1873 1281 1962 1320 alia

322 1353 460 1393 facile
480 1363 746 1404 procreare.
770 1351 873 1391 Huc
896 1352 1019 1392 enim
1040 1364 1067 1391 a
1091 1351 1317 1392 Calatinis
1341 1350 1354 1370 ²
1378 1352 1568 1403 quidam
1589 1352 1760 1392 missus
1783 1357 1866 1399 est,
1887 1352 1965 1403 qui

321 1424 447 1476 apud
467 1423 722 1474 Proregem
744 1428 874 1462 curet
896 1421 1144 1463 Societatis
1165 1422 1302 1474 hujus
1325 1422 1585 1473 Collegium
1603 1423 1650 1462 in
1667 1434 1751 1463 sua
1771 1423 1964 1463 civitate

324 1495 489 1536 extrui.
514 1495 745 1535 Bisbonae
768 1505 949 1546 quoque
972 1494 1112 1546 (quod
1132 1495 1277 1545 vulgo
1306 1494 1488 1534 Bi'vona
1516 1493 1719 1545 dicitur),
1743 1494 1822 1534 ubi
1842 1505 1965 1534 nunc

325 1567 424 1618 agit
445 1566 498 1606 R.
523 1565 570 1606 P.
597 1565 830 1606 Antonius
851 1565 1029 1611 Vinck.
1056 1565 1225 1606 Comes
1243 1578 1269 1605 a
1291 1565 1425 1605 Luna
1444 1564 1457 1584 ⁵
1475 1572 1682 1605 statuere
1699 1565 1825 1605 aliud
1845 1576 1965 1605 sum-

324 1650 515 1689 mopere
538 1643 684 1678 curat.
710 1637 833 1677 Huic
855 1643 924 1677 est
945 1643 1090 1689 nupta
1111 1637 1335 1688 Proregis
1359 1637 1452 1677 filia
1474 1635 1501 1678 ²⁴.
1528 1636 1684 1688 Quare
1710 1649 1803 1677 non
1831 1636 1967 1676 facile

324 1710 607 1750 destiturum
628 1716 846 1761 putamus
868 1720 959 1761 quo
981 1709 1135 1749 minus
1156 1715 1320 1749 votum
1338 1714 1673 1760 consequatur.

406 1780 508 1832 Ipse
529 1781 671 1820 etiam
700 1780 879 1820 Prorex
909 1779 1099 1820 Patrem
1127 1792 1271 1820 unum
1304 1780 1391 1820 sibi
1422 1780 1558 1831 petit,
1582 1791 1720 1831 quem
1750 1779 1796 1819 in
1825 1779 1968 1819 Italae

324 1852 599 1900 Abbatiam,
624 1863 742 1902 quae
766 1851 1119 1902 opulentissima
1141 1857 1210 1891 est
1232 1857 1277 1891 et
1299 1850 1400 1902 ejus
1415 1851 1552 1891 fratri
1575 1851 1761 1901 collata,
1786 1850 1968 1890 concio—

326 1923 471 1964 nandi
491 1923 647 1974 gratia
670 1923 843 1963 mittat.
868 1922 1016 1963 Abest
1037 1928 1194 1963 autem
1214 1923 1323 1963 hinc
1349 1922 1396 1962 15
1417 1922 1514 1962 fere
1536 1922 1595 1962 M.
1620 1921 1669 1961 Ρ.
1699 1920 1743 1959 ⁵.>

408 1994 496 2034 Hic
519 1995 706 2034 tametsi
727 1994 781 2034 R.
808 1993 855 2034 P.
880 1993 938 2034 D.
964 1994 1283 2045 Hieronymus
1310 1992 1324 2012 ‘⁵
1355 1993 1549 2034 haereat
1579 1993 1626 2033 in
1653 2000 1784 2033 tanta
1805 1993 1970 2033 messis

324 2066 485 2118 copia,
509 2077 603 2105 non
625 2065 832 2116 gaudere
854 2071 1012 2105 tamen
1034 2071 1077 2105 et
1098 2064 1199 2105 Deo
1221 2065 1401 2116 gratias
1427 2076 1569 2115 agere
1590 2076 1685 2104 non
1702 2075 1966 2115 possumus,

327 2144 427 2177 tum
448 2135 570 2188 quod
593 2142 872 2187 argumento
894 2141 963 2176 est
984 2136 1156 2187 optime
1179 2135 1226 2175 in
1247 2135 1337 2175 hac
1358 2136 1511 2175 insula
1538 2134 1821 2175 Societatem
1843 2135 1967 2174 audi-

330 2220 404 2259 re,
427 2214 526 2248 tum
548 2207 671 2259 quod
700 2206 1101 2247 evidentissimum
1131 2213 1199 2246 est
1226 2206 1450 2246 indicium
1477 2206 1846 2256 benevolentiae,
1876 2217 1968 2257 qua

329 2279 600 2319 universam
621 2279 743 2318 hanc
765 2277 1046 2318 Societatem
1073 2277 1363 2317 clarissimus
1383 2277 1457 2317 hic
1485 2278 1703 2329 princeps
1732 2277 1967 2328 prosequi-

332 2357 404 2390 tur
426 2353 452 2387 7.
478 2349 589 2402 Ejus
611 2349 733 2389 enim
753 2349 1047 2400 potissimum
1069 2360 1211 2388 causa
1238 2348 1355 2389 haec
1376 2348 1476 2389 fieri
1502 2349 1636 2388 nobis
1664 2348 1855 2388 dubium
1875 2359 1969 2387 non

333 2428 417 2461 est.
455 2421 543 2472 Qui
588 2420 728 2460 etiam
761 2420 940 2461 litteras
977 2419 1036 2460 ad
1079 2418 1333 2470 Proregem
1377 2419 1737 2471 Neapolitanum
1771 2418 1785 2437 ⁸
1827 2419 1967 2468 misit,

330 2504 426 2544 quo
462 2504 625 2532 recens
660 2491 722 2531 ibi
758 2491 945 2531 condito
984 2496 1174 2531 nostrae
1215 2490 1462 2532 Societatis
1498 2491 1706 2542 Collegio
1742 2491 1971 2541 benignus

391 2703 399 2720 ²
439 2700 527 2727 Vide
542 2699 711 2731 POLANco,
727 2699 930 2731 Chronicon,
945 2702 969 2726 t.
986 2706 1035 2733 111,
1051 2706 1119 2734 pag
1148 2699 1207 2726 199.

390 2747 403 2766 Ξ
443 2747 474 2773 A
490 2747 622 2773 civibus
638 2745 919 2780 Calatagironae.

389 2793 403 2813 5
441 2793 563 2821 Petrus
576 2794 614 2820 de
630 2794 737 2827 Luna,
754 2793 874 2820 Comes
889 2793 929 2821 de
944 2792 1041 2821 Luna
1057 2798 1090 2821 et
1106 2793 1182 2821 Dux
1199 2794 1237 2821 de
1255 2794 1395 2822 Bibona.

392 2842 405 2861 4
442 2841 624 2868 Elisabeth
639 2842 678 2868 de
694 2841 805 2875 Vega.

391 2889 404 2907 5
442 2888 483 2915 M.
500 2889 547 2923 P.;
564 2888 670 2916 Millia
685 2896 855 2923 passuum.
872 2888 959 2915 Vide
975 2888 1135 2923 Pomm-m,
1152 2889 1356 2921 chronicon,
1371 2896 1395 2918 t.
1412 2898 1461 2924 111,
1477 2898 1554 2925 pag.
1569 2889 1621 2917 202
1636 2893 1667 2916 et
1682 2889 1745 2916 203.

393 2934 407 2954 G
446 2935 481 2962 P.
498 2935 728 2969 Hieronymus
743 2935 948 2969 Domenech,
962 2935 1033 2970 jam
1049 2935 1185 2963 Siciliae
1202 2937 1439 2965 Provincialis.

393 2983 404 3001 7
445 2982 527 3009 Cum
542 2983 594 3010 hic
611 2987 644 3010 et
659 2983 814 3018 superius
829 2983 861 3010 in
877 2983 941 3010 hac
959 2982 1102 3017 epistola
1117 2991 1227 3012 sermo
1243 2989 1295 3012 est
1310 2985 1349 3012 de
1362 2986 1541 3020 principe,
1556 2985 1795 3020 intelligendus
1810 2987 1860 3011 est
1872 2983 1971 3017 Joan-

344 3038 405 3057 nes
420 3031 458 3057 de
475 3030 584 3064 Vega,
599 3030 747 3058 Pro-rex.

393 3077 407 3097 S
445 3077 475 3105 Is
489 3078 560 3112 jam
577 3082 647 3105 tum
662 3083 737 3106 erat
754 3078 946 3106 Cardinalis
958 3078 1079 3106 Petrus
1093 3079 1258 3115 Pacheco,
1276 3081 1331 3115 qui
1347 3081 1449 3108 Petro
1466 3081 1504 3108 de
1520 3080 1647 3108 Toledo
1662 3083 1886 3108 successerat.
