2168 3437
858 245 941 282 AN.
972 245 1064 282 1554
1711 242 1778 279 601

759 695 1172 749 GOLXXXIH

217 921 422 958 Andreas
443 921 724 969 Boninsegna

267 986 387 1023 Patri
406 987 575 1034 Ignatio
596 987 647 1024 de
668 986 854 1034 Loyola.

313 1051 501 1098 Mutina,
522 1051 568 1088 27
586 1051 753 1099 Aprilis
776 1052 867 1090 1554
887 1052 912 1087 ¹.

912 1311 1011 1352 IHS

231 1543 396 1584 Gratia
418 1550 462 1584 et
483 1556 578 1596 pax
599 1544 749 1595 Chri.,
776 1550 860 1584 etc.

228 1615 428 1666 Accipe,
467 1627 650 1666 semper
685 1616 732 1655 in
768 1614 909 1655 Chro.
945 1614 1000 1654 R.
1038 1613 1110 1664 R,
1144 1614 1298 1665 capita
1334 1625 1495 1653 eorum
1525 1613 1784 1663 dumtaxat,

148 1698 267 1738 quae
288 1698 370 1738 per
391 1698 476 1726 nos
497 1686 645 1737 Deus,
670 1698 833 1727 servos
854 1692 960 1726 tuos
981 1685 1222 1735 minimos,
1247 1691 1447 1736 quatuor
1469 1685 1596 1724 hisce
1622 1685 1788 1724 mensi—

146 1757 232 1797 bus
270 1757 483 1808 proxime
528 1757 782 1797 transactis
821 1757 1008 1808 operari
1048 1756 1271 1807 dignatus
1319 1762 1401 1796 est.
1445 1755 1653 1795 Tametsi
1697 1756 1787 1795 hoc

146 1828 352 1868 omnium
373 1828 574 1880 primum
594 1828 723 1868 Tuae
745 1827 1022 1868 paternitati
1043 1833 1206 1867 notum
1227 1838 1328 1867 esse
1356 1827 1519 1877 velim,
1555 1838 1661 1866 cum
1690 1827 1786 1878 plu·

146 1911 222 1939 res
242 1911 409 1950 nempe
432 1905 573 1950 atque
594 1899 826 1939 innumeri
848 1899 907 1939 ad
928 1911 1013 1939 nos
1034 1898 1250 1938 venerint
1272 1898 1548 1938 confitentes
1569 1898 1784 1938 verbum-

147 1982 235 2022 que
256 1969 344 2010 Dei
366 1970 625 2020 auditores,
657 1982 751 2010 non
780 1976 938 2010 tamen
965 1976 1237 2021 superatum
1264 1969 1407 2009 fuisse
1436 1980 1600 2009 sexum
1630 1968 1785 2008 mulie-

147 2041 300 2092 brem,
325 2053 431 2081 cum
451 2041 773 2092 magnitudine
794 2041 1044 2091 scelerum,
1074 2047 1174 2080 tum
1199 2041 1487 2091 poenitentia
1517 2040 1789 2080 eorumdem

146 2111 393 2163 fructuque
428 2112 691 2152 animarum
726 2123 931 2152 suarum.
971 2111 1126 2162 Quare
1160 2111 1269 2151 hinc
1305 2111 1550 2151 exordium
1585 2111 1785 2162 capiam,

147 2183 269 2223 unde
303 2183 706 2234 perhorrescenda
735 2183 871 2223 simul
900 2189 1039 2234 atque
1074 2183 1395 2223 memorabilia
1421 2181 1634 2222 facinora
1664 2182 1787 2222 exie-

148 2259 277 2304 runt,
314 2253 544 2305 latiusque
577 2254 667 2294 Dei
693 2254 918 2294 beneficia
946 2260 1219 2305 patuerunt3
1253 2265 1341 2305 quo
1373 2259 1649 2293 cunctorum
1678 2264 1787 2304 pos·

148 2324 241 2364 sint
263 2324 406 2364 animi
428 2324 583 2364 dolere
603 2325 780 2376 pariter
803 2337 858 2365 ac
884 2325 1097 2365 exultare
1112 2325 1358 2364 bonorum.

227 2395 394 2435 Mulier
428 2396 681 2447 quaedam,
713 2396 882 2436 marito
917 2396 1097 2446 relicto,
1135 2395 1321 2435 cuidam
1356 2395 1554 2435 amatori
1584 2395 1787 2435 obsceno

149 2478 295 2517 usque
323 2466 439 2506 adeo
468 2467 666 2518 turpiter
697 2467 908 2507 adhaesit
935 2473 985 2507 ut
1011 2468 1088 2507 vel
1120 2466 1315 2517 triginta
1352 2471 1475 2506 totos
1509 2477 1660 2505 annos
1693 2477 1787 2506 non

148 2537 366 2590 puduerit
395 2537 442 2577 in
472 2537 701 2577 adulterio
736 2538 932 2578 versari.
971 2537 1083 2588 Sed,
1116 2549 1171 2577 eo
1199 2537 1389 2577 tandem
1416 2537 1514 2576 vita
1549 2536 1784 2587 defuncto,

149 2608 437 2660 poenitentia
472 2608 810 2660 propemodum
843 2608 1103 2648 incredibili
1142 2608 1357 2659 perculsa
1396 2607 1561 2647 Patres
1598 2613 1789 2647 nostros

150 2679 316 2730 adivit,
341 2690 446 2718 cum
467 2679 616 2730 iisque
638 2679 855 2719 confessa
875 2679 1002 2719 vitae
1032 2690 1144 2719 suae
1171 2689 1322 2729 genus
1355 2689 1461 2718 cum
1488 2678 1786 2718 sanctissimo

150 2750 472 2800 commutavit,
496 2750 619 2801 quod
641 2755 742 2789 erat
763 2749 1176 2800 nefandissimum;
1206 2761 1261 2789 ac
1293 2749 1458 2800 pietati
1478 2749 1787 2801 religionique

151 2821 435 2862 christianae
456 2821 524 2860 sic
552 2832 601 2860 se
626 2821 935 2872 mancipavit,
966 2826 1015 2861 ut
1043 2819 1256 2860 confiteri
1282 2821 1469 2872 saepius
1500 2826 1545 2860 et
1571 2826 1787 2861 sanctum

204 2957 214 2977 ¹
255 2956 504 2990 Autographae
520 2956 553 2983 in
567 2957 647 2983 folio
662 2956 786 2990 duplici
802 2964 832 2983 n.
848 2956 1053 2983 124.-Plura
1067 2956 1100 2983 in
1116 2955 1164 2983 eis
1176 2955 1356 2983 emendata
1369 2960 1446 2983 sunt
1461 2960 1495 2983 et
1515 2956 1626 2983 deleta
1641 2963 1661 2983 a
1672 2956 1709 2984 P.
1726 2956 1788 2983 Po-

149 3005 259 3036 lanco.
274 3005 395 3031 brevia
411 3004 588 3038 quaedam,
604 3004 793 3031 deletorum
807 3005 890 3038 loco,
907 3004 1146 3031 substituente.
1158 3003 1237 3035 Eas,
1249 3007 1349 3037 prout
1361 3011 1378 3030 e
1390 3003 1529 3030 Polanci
1542 3004 1696 3031 manibus
1708 3011 1786 3031 eva-

149 3056 278 3085 serunt,
294 3052 393 3086 infra,
409 3060 502 3079 more
516 3055 643 3086 nostre,
658 3052 886 3086 subjiciemus.
