2168 3437
378 296 450 334 308
894 294 1125 331 LITTERAE
1151 305 1510 338 QUADRIMESTRES

378 393 477 442 dio,
502 392 666 443 paucis
688 396 736 431 ut
758 391 1011 442 explicem,
1035 390 1223 430 domum
1250 390 1641 442 proficiscendum
1671 391 1792 431 filiae
1820 392 2018 432 indicari

378 464 580 512 iubetur,
611 473 730 513 quae
755 473 849 501 una
878 473 984 501 cum
1013 472 1174 501 sorore
1201 461 1420 512 veniens,
1452 462 1714 513 provolutis
1750 474 1910 502 coram
1941 475 2018 515 pa-

376 533 586 574 rentibus
624 532 842 583 genibus,
879 543 1052 583 magna
1087 532 1440 584 lachrymarum
1478 533 1785 574 inundatione
1822 534 1884 574 ibi
1924 546 2018 575 ma-

375 604 515 643 nendi
538 604 787 643 obsecrare
809 604 962 655 coepit
982 603 1267 643 facultatem.
1293 603 1381 643 Hic
1402 604 1523 643 laeta
1549 604 1596 643 in
1616 615 1806 644 amaros
1827 612 2017 645 vertun-

377 682 452 714 tur
473 674 693 714 convivia
713 674 928 725 gemitus.
953 675 1073 714 Tum
1099 680 1299 714 vocatus
1325 674 1385 714 ad
1416 676 1756 725 spectaculum,
1787 675 1894 715 hinc
1918 676 2017 716 fun-

375 746 538 785 dentes
558 744 850 796 lachrymas,
879 744 1086 785 infelices
1115 756 1172 787 se.
1196 745 1340 785 chara
1368 745 1498 796 prole
1527 757 1730 797 suaeque
1762 747 2017 786 senectutis

376 816 535 857 orbari
563 816 730 856 baculo
761 816 1108 867 proclamantes
1139 815 1334 855 audiens
1362 821 1602 867 parentes,
1634 816 1743 857 hinc
1771 829 1884 857 vero
1913 829 2016 868 pro-

377 893 551 927 stratas
585 886 712 926 humi
742 886 851 926 fletu
885 898 1082 926 cernens
1109 886 1300 926 madere
1325 886 1558 937 virgines,
1592 887 1765 927 acriter
1793 888 1907 928 satis
1938 900 2018 939 pa-

374 964 559 998 rentum
581 958 713 1009 coepi
734 958 980 1009 increpare
1002 957 1378 1006 sensualitatem,
1408 969 1500 1009 qua
1523 957 1763 998 Christum
1792 970 1876 998 sua
1903 959 2016 999 nite-

374 1034 537 1069 rentur
556 1029 746 1079 privare
768 1040 957 1080 sponsa.
983 1028 1103 1080 Quid
1124 1029 1278 1079 plura?
1301 1027 1450 1079 Virgo
1472 1029 1659 1069 mansit.
1678 1029 1782 1080 Ipse
1798 1040 1890 1069 una
1909 1041 2015 1070 cum

374 1100 647 1151 parentibus
669 1099 776 1140 inde
796 1100 1094 1151 proficiscor,
1119 1100 1197 1151 qui
1217 1111 1290 1139 me
1306 1107 1444 1139 nocte
1460 1099 1549 1140 ista
1567 1111 1739 1150 magna
1758 1112 1864 1140 cum
1879 1100 2014 1141 bene-

373 1171 582 1211 volentia
603 1170 804 1222 hospitio
826 1178 1124 1222 exceperunt.

452 1241 585 1282 Multi
605 1248 865 1293 praeterea,
886 1248 982 1282 tum
1005 1241 1340 1291 adolescentes,
1360 1247 1458 1281 tum
1474 1242 1698 1292 virgines,
1719 1241 1933 1282 diversas
1951 1243 2018 1282 in-

372 1319 619 1354 traverunt
646 1313 918 1365 religiones,
949 1325 1003 1353 ac
1032 1314 1187 1364 plures
1215 1313 1391 1353 intrare
1418 1313 1593 1364 parati,
1625 1313 1702 1353 ubi
1732 1313 2016 1354 desiderium

371 1386 419 1426 in
446 1385 661 1425 effectum
690 1392 870 1425 mutare
899 1385 1070 1424 licebit.
1101 1384 1234 1425 Unde
1255 1385 1507 1424 nonnullae
1535 1385 1760 1435 virgines,
1783 1396 1875 1425 una
1905 1386 2014 1425 alte-

369 1457 468 1497 rius
488 1457 726 1496 nesciente
745 1456 1051 1507 propositum,
1070 1455 1335 1506 frequenter
1353 1455 1541 1495 Patrem
1557 1456 1891 1496 convenientes
1909 1468 2013 1507 sup-

370 1528 566 1580 plicant,
590 1534 662 1579 ut,
688 1528 795 1579 quia
817 1528 892 1567 vel
916 1527 1104 1567 omnino
1125 1539 1218 1567 non
1239 1528 1314 1567 vel
1343 1539 1437 1566 non
1458 1533 1554 1566 tam
1577 1527 1667 1567 cito
1690 1533 1887 1579 possunt
1907 1527 2010 1567 reli-

369 1599 557 1650 gionem
578 1599 781 1650 ingredi,
805 1599 903 1650 ipse
925 1610 1005 1638 eas
1026 1598 1110 1638 sub
1134 1598 1425 1638 obedientiae
1446 1604 1560 1638 voto
1588 1599 1826 1650 suscipere
1848 1597 2009 1649 digna-

368 1676 511 1710 retur.
530 1670 594 1710 At
615 1671 713 1721 ipse
734 1682 828 1710 non
850 1670 1001 1710 solum
1021 1670 1173 1710 renuit
1194 1670 1448 1721 suscipere,
1473 1681 1639 1710 verum
1659 1670 1800 1710 etiam
1820 1670 2009 1710 instruit

368 1748 419 1781 ut
453 1742 732 1793 ubicumque
767 1740 1091 1781 huiuscemodi
1124 1741 1407 1781 mentionem
1433 1741 1530 1781 fieri
1561 1741 1777 1792 audiant,
1810 1741 2013 1793 idipsum

367 1813 712 1864 reprehendant
734 1818 778 1853 et
799 1812 1075 1864 impediant,
1098 1824 1177 1862 ne,
1202 1812 1443 1863 religionis
1464 1819 1623 1864 spreta
1653 1813 2006 1864 approbatione,

368 1890 502 1924 extra
530 1885 694 1924 matris
722 1884 963 1924 Ecclesiae
994 1884 1357 1933 ordinationem,
1387 1884 1500 1924 talia
1527 1890 1607 1924 aut
1634 1884 1905 1924 emittantur
1932 1890 2013 1924 aut

365 1956 683 2007 suscipiantur
703 1960 836 2003 Vota,
861 1955 957 2005 sed,
983 1966 1110 1995 more
1131 1955 1363 1995 bonorum
1384 1955 1749 1995 christianorum
1772 1955 2007 2007 poeniten-

365 2027 504 2075 tium,
538 2037 729 2066 suarum
760 2026 1155 2066 conscientiarum
1185 2027 1468 2077 secretariis,
1502 2027 1548 2066 in
1575 2027 1710 2066 bonis
1741 2026 2011 2066 obedientes

368 2098 592 2146 consiliis,
618 2097 934 2149 acquiescant.

447 2168 775 2220 Superioribus
797 2169 959 2208 diebus
980 2168 1326 2209 adolescentem
1355 2167 1624 2220 quemdam,
1655 2167 1808 2208 Patris
1840 2168 2011 2208 iudicio

368 2240 631 2280 monastico
652 2240 865 2280 instituto
897 2240 1136 2290 idoneum,
1171 2239 1229 2279 ad
1258 2239 1559 2280 Carthusiam
1588 2239 1904 2279 coloniensem
1931 2239 2010 2279 mi-

367 2312 531 2362 simus,
557 2311 634 2351 ubi
655 2323 762 2351 cum
782 2311 956 2362 gaudio
978 2317 1243 2362 susceptus,
1276 2311 1374 2363 ipse
1397 2311 1534 2350 simul
1555 2317 1599 2350 et
1619 2309 1674 2350 R.
1705 2310 1843 2350 Pater
1873 2310 2011 2350 Prior

366 2383 581 2434 ingentes
603 2383 738 2422 nobis
759 2394 843 2434 pro
866 2388 996 2422 tanto
1019 2382 1227 2422 exhibito
1249 2381 1472 2422 beneficio
1494 2382 1675 2432 gratias
1695 2388 1906 2432 egerunt.

446 2453 582 2494 Alius
602 2453 792 2505 quidam
815 2453 978 2504 paucis
996 2453 1165 2493 abhinc
1187 2453 1349 2493 diebus
1371 2453 1633 2505 spiritualia
1651 2452 1852 2492 absolvit
1876 2464 2005 2492 excr-

367 2525 499 2574 citia,
520 2525 597 2576 qui
619 2525 665 2564 in
687 2524 871 2574 eodem,
903 2536 993 2575 quo
1023 2524 1225 2564 imbutus
1252 2531 1340 2575 est,
1370 2535 1682 2575 perseverans
1711 2523 1899 2575 spiritu,
1930 2536 2006 2564 no-

367 2602 493 2635 strae
515 2595 738 2636 Societati
759 2601 908 2635 totum
929 2595 1166 2646 applicare
1187 2595 1349 2635 nititur
1371 2595 1593 2635 animum.

447 2666 605 2718 Nuper
625 2672 820 2717 rogatus
842 2665 982 2706 Pater
1004 2678 1031 2705 a
1052 2666 1194 2706 nobili
1222 2666 1425 2718 quadam
1455 2677 1677 2717 persona,
1713 2664 1917 2705 Domina
1951 2665 2008 2705 de

366 2737 533 2778 Ffrens
557 2737 566 2756 ¹
590 2737 845 2789 appellata,
870 2737 927 2777 ob
956 2736 1272 2777 infirmitatem
1292 2738 1461 2776 lectulo
1484 2736 1811 2786 decumbente,
1843 2736 1888 2775 in
1910 2735 2006 2775 suis

366 2809 560 2848 aedibus
588 2809 824 2849 celebrare
856 2814 900 2848 et
936 2814 1234 2848 sacramenta
1269 2808 1578 2848 confessionis
1606 2813 1650 2847 et
1679 2806 2005 2847 Eucharistiae

365 2880 453 2919 sibi
474 2880 803 2919 administrare
827 2885 872 2919 ut
894 2879 1181 2930 dignaretur,
1203 2879 1398 2929 contigit
1419 2878 1670 2930 quamdam
1690 2878 1893 2917 nobilem
1915 2877 2007 2917 vir-

365 2951 542 2999 ginem,
575 2962 667 2990 una
689 2962 794 2990 cum
816 2950 1026 2999 domina,
1057 2950 1219 2990 eadem
1247 2950 1485 3001 suscipere
1514 2955 1832 2999 sacramenta,
1868 2960 2002 2999 quae,

420 3113 428 3132 ¹
471 3111 557 3139 Vide
575 3113 732 3146 cartasy
749 3114 842 3139 otros
859 3112 1005 3139 escritos
1022 3111 1078 3138 del
1094 3110 1134 3138 Β.
1152 3111 1189 3138 P.
1208 3111 1321 3138 Pedro
1336 3111 1462 3143 Fabro,
1478 3114 1500 3138 t.
1518 3117 1539 3143 1,
1556 3117 1633 3144 pag.
1650 3109 1716 3137 224.
