2168 3437
371 175 425 213 28
889 178 1117 215 LITTERAE
1144 189 1503 221 QUADRIMESTRES

373 272 499 323 ptiae
521 273 884 325 celebrarentur,
909 274 1092 315 abunde
1114 274 1328 314 omnibus
1354 275 1638 326 pauperibus
1669 276 1829 318 datum
1855 277 2010 328 suerit,

372 355 538 384 verum
560 345 700 385 etiam
720 357 804 397 per
826 346 1092 398 quindecim
1113 345 1210 385 fere
1233 345 1331 386 dies
1357 346 1439 386 vix
1470 346 1688 398 cuiquam
1718 347 1861 388 defuit
1891 348 2013 399 quod

370 415 693 456 necessarium
715 422 852 457 esset.

453 485 709 527 Plurimum
745 487 834 527 hac
873 494 1051 528 aestate
1087 488 1404 528 dubitavimus
1446 487 1743 539 (praesertim
1779 501 1884 529 cum
1921 490 2011 530 huc

371 560 614 597 turcarum
644 559 808 598 classis
840 571 893 599 eo
922 559 1078 598 animo
1111 559 1414 599 adventasset
1441 565 1490 599 ut
1515 559 1671 599 omnia
1697 559 1822 600 ferro
1851 561 2011 612 perde-

371 633 468 678 ret,
492 634 536 668 et
557 628 666 679 igne
688 632 999 678 consumeret)
1022 641 1080 669 ne
1101 630 1221 670 bello
1245 630 1556 670 turbaremur.
1580 629 1672 670 Sed
1693 631 1757 670 ita
1777 631 1905 671 Deus
1926 644 2012 672 sua

368 697 581 738 bonitate
603 699 711 740 huic
739 711 885 751 regno
917 701 1179 752 prospexit,
1210 701 1274 741 ita
1306 702 1564 752 orationes,
1596 713 1715 753 quae
1746 702 1845 742 sine
1874 703 2011 743 inter-

370 769 595 809 missione
619 770 807 822 fiebant,
830 771 1030 823 audivit,
1054 778 1103 812 ut
1124 784 1182 812 ne
1204 772 1250 812 in
1271 783 1364 812 una
1385 772 1571 824 quidem
1591 784 1684 812 una
1709 771 1718 790 ¹
1740 771 1876 824 hujus
1897 775 2012 814 clas-

371 840 438 880 sis
459 842 727 882 molestiam
747 844 961 883 senserit.
999 843 1133 894 Quod
1163 843 1343 884 Prorex
1378 844 1441 883 ita
1469 843 1819 884 misericordiae
1845 845 2011 885 tribue-

369 911 474 962 bat,
504 919 554 952 ut
583 914 949 965 supplicationes
976 915 1076 955 fieri
1103 921 1147 956 et
1177 917 1501 967 eleemosynas
1532 915 1636 955 dari
1669 916 1716 955 in
1751 916 2013 966 gratiarum

368 983 607 1024 actionem
627 986 856 1026 statuerit.
881 986 1180 1038 Quapropter
1201 987 1396 1037 triginta
1416 987 1699 1038 pauperibus
1720 993 1877 1027 vestes
1904 998 2013 1027 con-

367 1054 604 1096 fecerunt:
642 1056 760 1115 duae
796 1069 912 1097 vero
950 1059 1276 1110 processiones
1309 1058 1522 1110 publicae
1558 1058 1775 1098 decretae
1808 1058 2012 1110 fuerunt,

367 1138 570 1177 quarum
591 1128 745 1169 altera
767 1140 872 1169 cum
893 1140 1031 1169 mane
1052 1129 1196 1178 fieret,
1222 1130 1269 1170 in
1290 1128 1456 1180 majori
1477 1130 1677 1169 ecclesia
1698 1130 1978 1170 Benedictus
1999 1130 2013 1148 “³

368 1198 680 1239 concionatus
702 1199 785 1240 fuit
809 1200 923 1252 (quo
944 1201 1151 1241 maxima
1165 1201 1324 1253 populi
1345 1213 1456 1252 pars
1473 1202 1798 1252 convenerat),
1821 1201 1886 1241 ita
1902 1200 2012 1241 Pro-

367 1278 483 1319 rege
517 1271 803 1321 postulante,
842 1277 893 1311 ut
928 1271 1142 1312 omnibus
1182 1272 1459 1312 beneficium
1492 1272 1646 1322 magis
1680 1272 2010 1326 innotesceret.

368 1338 536 1380 Altera
564 1347 719 1381 autem
750 1353 970 1394 vespere,
1001 1343 1049 1382 in
1076 1355 1130 1382 ea
1158 1349 1338 1394 partem
1368 1343 1521 1383 crucis
1548 1342 1758 1394 Domini,
1788 1354 1907 1395 quae
1937 1344 2013 1383 hic

370 1410 593 1462 habetur,
628 1424 709 1463 per
746 1413 987 1454 civitatem
1012 1415 1237 1466 tulerunt,
1270 1426 1410 1466 quam
1444 1413 1623 1454 Prorex
1650 1420 1813 1466 aperto
1844 1415 2011 1466 capite,

371 1492 559 1522 cereum
579 1483 737 1523 album
759 1484 807 1524 in
827 1496 969 1525 manu
989 1484 1167 1535 ferens,
1192 1497 1298 1525 cum
1319 1496 1493 1535 magna
1515 1485 1764 1525 devotione
1791 1486 2014 1536 sequeba-

367 1557 460 1592 tur.
485 1553 626 1605 quue
648 1554 706 1594 ab
729 1555 941 1595 omnibus
962 1556 1199 1607 primariis
1221 1556 1524 1596 observatum
1545 1562 1634 1607 est,
1667 1562 1716 1596 ut
1743 1556 2014 1607 hujusmodi

366 1624 519 1664 cereis
541 1625 754 1665 accensis
776 1637 966 1667 erucem
986 1626 1176 1667 Domini
1195 1634 1542 1667 revererentur.

452 1694 648 1736 Curavit
669 1703 825 1737 autem
847 1697 969 1738 idem
989 1698 1045 1738 R.
1069 1699 1115 1738 in
1137 1698 1322 1739 Christo
1344 1698 1393 1738 Ρ.
1423 1699 1741 1750 Hieronymus
1763 1698 1776 1717 ⁵
1798 1705 1848 1739 ut
1878 1711 2013 1740 mons

367 1766 558 1817 pietatis
580 1767 666 1818 (ita
686 1768 810 1808 enim
831 1768 985 1809 dicere
1008 1771 1375 1818 consueverunt)
1400 1770 1675 1821 erigeretur,
1700 1770 1779 1822 qui
1800 1770 2011 1822 alioquin

367 1837 459 1877 sibi
486 1838 735 1889 providere
762 1852 856 1879 non
882 1841 1042 1880 valent
1068 1839 1103 1892 4,
1131 1846 1180 1881 ut
1212 1841 1317 1881 inde
1349 1852 1510 1881 omnes
1541 1841 1746 1881 civitatis
1776 1853 2009 1894 pauperes

366 1909 619 1949 alerentur.
651 1910 756 1950 Non
782 1922 976 1962 possum
1004 1912 1209 1952 scribere
1242 1913 1430 1964 quantis
1460 1912 1704 1964 provisum
1739 1912 1878 1952 fuerit
1914 1913 2009 1953 dili-

363 1980 526 2029 gentia
546 1980 700 2022 Patris
722 1994 780 2022 ex
801 1982 873 2021 his
895 1983 995 2033 qui,
1020 1983 1308 2023 verecundia
1329 1982 1560 2035 impediti,
1584 1983 1740 2034 potius
1770 1995 1917 2035 usque
1949 1984 2009 2024 ad

369 2056 570 2091 mortem
589 2052 687 2104 pati
708 2064 846 2104 quam
868 2054 1136 2094 mendicare
1156 2054 1348 2105 eligunt.
1373 2053 1497 2106 Quot
1519 2055 1661 2094 etiam
1682 2065 1856 2105 egenos
1884 2055 2009 2106 apud

369 2120 623 2174 Proregem
659 2123 890 2176 adjuverit
916 2130 1102 2176 praeter
1129 2136 1232 2176 θος,
1262 2125 1338 2176 qui
1361 2125 1486 2165 omni
1506 2126 1767 2177 patrocinio
1799 2126 2009 2166 destituti

364 2194 985 2245 gravissimisincommodis
1002 2196 1311 2237 afficerentur.
1331 2195 1491 2248 Neque
1504 2197 1665 2237 credat
1681 2196 1734 2236 R.
1757 2196 1803 2237 P.
1824 2197 1875 2237 T.
1896 2210 2009 2250 pau-

369 2276 452 2305 cos
486 2265 629 2305 fuisse
664 2266 720 2306 de
752 2267 919 2318 quibus
953 2268 1136 2318 loquor;
1174 2279 1303 2316 nam,
1342 2267 1381 2307 si
1416 2267 1471 2308 de
1502 2267 1698 2318 singulis
1734 2268 2005 2319 scriberem,

367 2337 558 2388 quando
592 2337 776 2378 litterae
802 2339 1096 2389 legerentur?
1132 2338 1306 2379 Omitto
1342 2350 1523 2390 quoque
1550 2345 1754 2390 quantae
1782 2340 1857 2380 hic
1887 2339 2010 2380 idem

368 2406 418 2447 P.
450 2408 766 2460 Hieronymus
794 2409 919 2460 apud
949 2421 1110 2449 omnes
1139 2410 1433 2450 auctoritatis
1458 2410 1539 2460 sit,
1577 2416 1802 2462 quantam
1830 2411 1872 2451 ei
1900 2410 2007 2451 Pro-

366 2489 452 2518 rex
472 2479 667 2530 tribuat,
700 2485 986 2532 quantopere
1017 2491 1177 2520 omnes
1208 2491 1399 2531 operam
1427 2479 1525 2531 ejus
1555 2487 1793 2533 expetant.
1827 2481 2005 2532 Quibus

422 2709 432 2729 ¹
472 2708 537 2743 Sic3
553 2710 612 2737 sed
627 2711 715 2738 forte
730 2719 795 2738 vox
810 2711 894 2739 haec
910 2718 982 2738 una
997 2711 1051 2738 hie
1066 2718 1126 2746 pro
1143 2719 1225 2738 voce
1242 2712 1326 2738 urbe
1343 2712 1454 2746 posita
1469 2717 1531 2739 est.
1552 2712 1671 2741 Melius
1687 2713 1852 2741 Polanco:
1870 2714 1935 2741 “sic
1958 2714 2004 2741 di-

367 2757 448 2784 vina
470 2758 605 2785 bonitas
625 2766 731 2792 regno
752 2759 889 2786 Siciliae
913 2758 1087 2793 prospexit
1109 2762 1145 2785 ut
1170 2759 1297 2786 nullam
1319 2766 1457 2792 prorsus
1474 2761 1516 2787 ab
1538 2768 1577 2787 ea
1599 2762 1733 2794 (classe)
1756 2762 1947 2788 molestiam
1962 2762 2008 2789 sit

365 2811 500 2839 passa„
514 2806 535 2832 1.
551 2814 590 2839 c.‚
607 2814 637 2833 n.
653 2806 713 2833 291.

420 2852 434 2871 ‘2
472 2853 676 2881 Benedictus
691 2854 850 2881 Palmius.

421 2901 435 2919 ³
472 2901 699 2937 Hieronymus
715 2901 858 2929 Natalis.

420 2950 435 2969 4
473 2948 526 2976 Ita
541 2950 787 2984 apographum.
803 2950 920 2977 Melius
936 2950 1111 2983 Polancus‚
1128 2950 1149 2976 1.
1164 2957 1203 2982 c.¹
1221 2957 1251 2976 n.
1268 2949 1329 2977 293:
1345 2950 1567 2984 “erigeretur,
1583 2951 1637 2984 qui
1654 2951 1862 2985 pauperibus
1878 2951 2000 2979 civita-

365 2996 411 3024 tis
426 2998 642 3031 provideret,
657 2998 712 3031 qui
728 3005 791 3024 non
807 2999 973 3025 haberent
989 2997 1123 3024 aliunde
1140 2997 1353 3024 sustentandi
1368 3005 1403 3025 se
1420 2998 1648 3031 facultatem...
