2168 3437
846 250 931 287 AN.
962 250 1054 287 1553
1699 251 1770 287 259

133 352 396 387 mentorum
423 346 712 398 frequentem
733 358 868 386 usum
889 346 1144 387 adducant:
1171 358 1320 398 neque
1342 347 1388 386 id
1408 346 1566 387 verbis
1587 352 1769 387 tantum

133 417 364 457 monendo
387 417 732 469 hortandoque,
756 418 838 457 sed
855 429 904 457 re
925 419 1068 457 multo
1090 418 1242 468 magis
1264 424 1308 458 et
1331 418 1546 469 exemplo
1564 450 1571 466 ,
1596 418 1706 458 dum
1726 424 1771 458 et

133 488 380 528 visitandis
400 488 608 539 infirmis,
633 495 678 528 et
699 489 981 540 pauperibus
1008 489 1328 539 sublevandis,
1353 495 1398 529 et
1418 489 1615 529 mortuis
1642 500 1768 540 sepe-

134 560 299 600 liendis
320 560 565 610 diligenter
587 571 732 610 aeque
755 570 809 598 ac
840 559 1050 599 lubenter
1075 566 1378 610 occupantur.
1406 559 1455 600 Si
1480 572 1597 612 quos
1628 561 1769 600 etiam

136 631 242 671 odia
261 636 431 670 norunt
453 641 698 680 exercere,
724 630 826 669 illos
848 629 1018 669 adeunt
1041 629 1204 678 libere,
1228 642 1283 670 ac
1314 642 1472 671 secum
1493 631 1648 671 delata
1668 631 1771 670 Iesu

134 701 208 742 X.i
239 701 450 742 crucifixi
471 701 696 751 imagine,
721 706 931 750 monent,
955 701 1214 750 hortantur,
1240 708 1429 752 rogant,
1456 702 1569 741 nihil
1594 713 1688 742 non
1707 700 1773 741 fa—

137 773 284 822 ciunt,
318 771 568 812 dummodo
590 771 775 810 illorum
796 770 977 810 animos
997 771 1179 822 possint
1207 771 1463 822 inflectere,
1498 779 1566 820 ut,
1597 772 1716 812 odiis
1746 783 1774 811 a

136 856 185 883 se
213 843 404 894 fugatis,
428 853 593 894 pacem
616 841 879 881 admittant.

215 913 410 954 Multum
430 913 548 953 haec
567 923 643 952 res
664 911 1003 952 aedificationis
1024 911 1176 952 adfert
1196 912 1305 952 huic
1328 913 1529 963 civitati,
1562 914 1698 954 sicuti
1729 920 1774 954 et

134 985 357 1026 nobilium
378 983 690 1036 quarumdam
710 988 1034 1023 matronarum
1055 983 1114 1023 ad
1130 983 1351 1035 pietatem
1368 985 1630 1035 conversio,
1651 997 1770 1036 quae

135 1068 230 1096 non
250 1056 402 1096 minus
432 1055 492 1095 ad
518 1054 606 1094 Dei
633 1053 907 1105 obsequium
937 1061 980 1094 et
1008 1054 1216 1105 laudem,
1248 1055 1441 1095 abiectis
1468 1056 1769 1103 vanitatibUS,

135 1128 338 1179 reliquas
359 1127 576 1167 mulieres
591 1125 793 1164 invitant
810 1131 948 1176 atque
966 1127 1205 1166 solicitant
1225 1127 1371 1177 ipsae,
1395 1134 1494 1167 tum
1515 1127 1773 1177 hortantes,

137 1205 236 1239 tum
256 1211 331 1250 ea,
356 1211 475 1251 quae
496 1201 715 1249 suadent,
738 1205 1054 1252 praestantes,
1080 1209 1199 1249 quae
1221 1204 1360 1237 antea
1382 1198 1595 1237 muliebri
1623 1199 1777 1238 curio-

139 1271 278 1310 sitate
306 1270 632 1322 superfiuoque
663 1277 1046 1310 ornamentorum
1073 1270 1200 1308 cultu
1229 1269 1287 1308 ad
1316 1269 1677 1309 aemulationem
1705 1281 1776 1309 su-

138 1342 310 1393 perbae
332 1342 555 1382 vanitatis
576 1342 848 1381 incitabant.
871 1340 932 1381 Ut
954 1352 1067 1380 vero
1099 1352 1191 1380 uno
1218 1339 1362 1379 verbo
1392 1339 1566 1390 dicam,
1596 1341 1653 1380 iis
1680 1340 1778 1381 fere

140 1412 353 1452 omnibus
383 1424 502 1452 unus
532 1420 602 1453 est
629 1412 753 1463 finis,
792 1412 870 1464 qui
905 1410 1028 1463 apud
1058 1423 1144 1450 nos
1179 1410 1477 1461 confitentur,
1511 1418 1560 1451 ut
1597 1412 1779 1463 aliquos

140 1494 299 1523 secum
320 1484 524 1523 trahant.

219 1553 316 1594 Nec
338 1554 396 1593 ab
418 1553 573 1594 animo
595 1559 791 1602 tantum,
817 1553 898 1593 sed
919 1553 1061 1593 etiam
1081 1564 1105 1592 e
1128 1553 1406 1604 corporibus
1428 1553 1682 1593 daemones
1703 1566 1778 1593 ex-

137 1625 392 1677 pelluntur;
417 1630 512 1664 tres
535 1625 659 1664 enim
679 1624 864 1664 liberati
883 1624 1087 1664 fuerunt.

217 1696 416 1736 Iuvenes
437 1696 612 1747 aliquot
634 1696 681 1735 in
701 1695 978 1746 religionem
1000 1694 1182 1746 ingredi
1203 1702 1572 1746 proposuerunt,
1599 1696 1677 1735 alii
1699 1707 1778 1735 no-

139 1773 305 1818 stram,
329 1767 407 1807 alii
436 1767 819 1818 capuccinorum.
850 1765 967 1806 Sunt
997 1777 1179 1817 quoque
1211 1768 1276 1814 (ut
1306 1767 1413 1816 scis)
1443 1766 1553 1807 hinc
1580 1767 1778 1818 profecti

138 1837 338 1879 Romam
359 1839 501 1890 aliqui
521 1844 571 1878 ut
591 1838 926 1889 reciperentur,
951 1849 1058 1877 cum
1078 1838 1155 1877 hic
1183 1837 1273 1878 illis
1300 1838 1542 1889 ingressus
1572 1838 1617 1878 in
1646 1850 1778 1889 prae-

140 1910 291 1949 sentia
311 1915 578 1960 negaretur.
604 1908 826 1960 Virgines
846 1909 1098 1949 nonnullae
1119 1909 1446 1949 monachalem
1474 1909 1685 1949 habiturn
1713 1909 1776 1948 in-

141 1980 364 2032 duerunt,
387 1986 431 2020 et
452 1991 624 2032 magna
646 1992 704 2020 ex
725 1986 858 2031 parte
879 1980 1267 2032 capuccinorum,
1293 1992 1347 2019 ea
1377 1980 1441 2030 (ut
1469 1980 1599 2031 ipsae
1631 1981 1778 2029 aiunt)

143 2051 199 2091 de
221 2063 386 2102 causa,
410 2052 534 2103 quod
554 2063 672 2103 quae
693 2051 830 2091 huius
847 2051 1023 2091 ordinis
1044 2057 1174 2101 sunt,
1198 2051 1390 2091 liberius
1411 2051 1471 2091 ad
1502 2063 1588 2091 nos
1615 2052 1779 2091 venire

144 2123 327 2175 possint
354 2122 380 2163 ¹.

225 2194 279 2234 R.
304 2194 350 2234 in
371 2193 451 2234 X.0
473 2193 523 2233 P.
546 2193 603 2233 D.
636 2193 877 2233 Bobadilla
903 2193 994 2233 22.a
1021 2193 1198 2244 Aprilis
1228 2205 1287 2234 ex
1314 2194 1486 2245 Apulia
1513 2193 1780 2233 Messanam

144 2265 287 2315 venit,
310 2264 486 2316 fuitque
507 2265 753 2305 nobiscum
774 2265 833 2305 ad
855 2264 1024 2305 festum
1044 2276 1190 2316 usque
1212 2264 1257 2305 S.
1281 2264 1404 2305 Petri
1426 2264 1665 2316 Martyris,
1690 2277 1782 2316 quo

145 2336 220 2376 die
240 2336 410 2376 iterum
429 2336 476 2375 in
495 2336 760 2377 Calabriam
780 2336 1120 2387 transfretavit,
1141 2348 1322 2376 moram
1339 2336 1552 2377 facturus
1573 2337 1782 2387 aliquan-

147 2407 225 2448 diu
245 2407 292 2447 in
314 2406 504 2458 oppido,
528 2407 653 2458 quod
674 2408 735 2447 ibi
762 2414 832 2448 est
859 2408 1139 2458 maximum,
1169 2407 1293 2448 Stae.
1324 2407 1544 2458 Agathae
1575 2407 1778 2446 nomine.

146 2479 235 2519 Ivit
270 2484 426 2518 autem
460 2484 655 2529 accepta
689 2479 1014 2519 benedictione
1043 2480 1100 2519 ab
1131 2479 1365 2530 Episcopo
1393 2478 1671 2529 Rhegiensi,
1704 2478 1784 2528 qui

146 2561 271 2590 nunc
292 2555 361 2589 est
381 2549 642 2589 Messanae.
662 2549 745 2589 Est
765 2561 820 2589 ea
839 2550 970 2601 regio
992 2550 1130 2590 valde
1152 2549 1324 2590 infecta
1346 2549 1434 2589 hac
1452 2561 1577 2589 nova
1600 2549 1785 2589 haeresi

146 2621 519 2671 lutheranorum;
542 2619 737 2671 proinde
757 2620 846 2671 illi,
872 2621 995 2672 quod
1022 2627 1156 2671 agat,
1190 2632 1284 2660 non
1312 2620 1471 2660 defore
1499 2619 1785 2660 credendum

153 2697 225 2731 est
247 2690 276 2729 ².

228 2762 326 2803 Nos
355 2767 621 2813 praeterea,
646 2761 770 2813 quod
791 2761 850 2802 ad
870 2768 914 2802 te
936 2763 1217 2808 scribamus,
1251 2774 1344 2802 non
1370 2761 1620 2810 habemus,
1653 2760 1707 2800 R.
1739 2761 1788 2800 in

150 2833 234 2874 X.⁰
268 2833 318 2873 P.
357 2833 513 2883 Quare
547 2833 739 2883 ignosce
773 2841 964 2873 nostrae
998 2834 1334 2885 negligentiae,
1365 2843 1504 2883 rog0‚
1536 2838 1580 2872 et
1607 2832 1698 2872 tuis
1726 2832 1786 2872 ad

206 3016 216 3036 ¹
256 3015 344 3042 Vide
361 3015 533 3049 ΡοιΑΝεο,
552 3015 708 3043 Clzront'c.
721 3037 725 3049 ,
740 3020 763 3043 t.
782 3023 834 3050 111,
852 3024 934 3050 pag.
955 3017 1021 3047 195,
1037 3021 1152 3044 annot.
1174 3017 1196 3043 1.

206 3064 220 3082 ‘²
257 3063 353 3098 Ibid.,
374 3072 452 3098 pag.
471 3064 530 3098 194,
547 3072 578 3091 n.
592 3064 654 3090 409.
