2168 3437
866 278 949 316 ΑΝ.
981 278 1073 315 1554
1716 277 1789 315 549

151 386 272 424 mus,
296 380 394 414 tum
427 374 486 414 ad
515 374 682 414 artium
713 374 917 415 studium
942 381 1041 415 tum
1067 374 1127 415 ad
1154 385 1317 414 veram
1344 374 1572 414 virtutum
1599 373 1785 414 laudem

150 444 506 494 inflammemus,
525 456 703 496 nosque
720 445 954 486 universis
971 445 1239 485 Christianis
1257 445 1551 496 disciplinam
1563 445 1764 496 praebea
1776 467 1787 472 -

148 527 266 566 πως,
291 528 536 567 precamur
557 527 584 555 a
606 516 791 556 Christo
813 516 1015 556 Domino
1038 516 1318 568 sapientiam
1338 522 1382 556 et
1403 517 1638 556 virtutem.
1660 516 1784 556 Bene

150 587 270 636 vale,
300 586 439 627 Pater
466 587 652 638 optime,
682 599 873 639 nosque,
909 593 957 627 ut
991 594 1210 627 votorum
1244 593 1513 627 nostrorum
1547 593 1787 639 compotes

149 657 416 708 reddamur,
440 657 642 698 Domino
664 657 956 698 commenda.

229 728 493 780 Ferrariae,
521 729 568 768 15
589 729 767 770 calend.
792 729 1037 769 Februarii
1062 729 1178 769 1554.

230 799 357 840 Tuus
378 800 424 839 in
445 800 649 840 Domino
670 800 807 851 filius,

1082 941 1372 983 FRANCISCUs
1403 941 1569 983 SCIPIO.

228 1155 339 1195 Alsa
357 1167 501 1196 manu
528 1155 576 1195 ίη
600 1159 773 1206 quarta
794 1155 1002 1207 pagina:
1031 1155 1146 1195 1554.
1179 1154 1328 1206 Quad.
1362 1155 1629 1196 Ferrarien.
1665 1155 1712 1196 18
1742 1157 1787 1196 di

146 1226 351 1267 Genaro.
377 1227 431 1278 Q.
455 1226 502 1268 S.

797 1654 1136 1710 GOLXXIV

217 1883 266 1920 P.
287 1884 457 1922 Caesar
476 1883 659 1921 Helmus

265 1948 387 1986 Patri
405 1949 574 1996 Ignatio
594 1949 648 1986 de
665 1949 854 1996 Loyola.

313 2014 526 2061 Venetus,
548 2014 595 2052 20
618 2015 811 2060 Ianuarii
832 2014 925 2052 1554
942 2015 969 2051 ¹.

912 2295 1011 2336 IHS

226 2506 392 2546 Gratia
416 2513 460 2547 et
479 2518 575 2558 pax
595 2506 703 2558 Xpi.
723 2514 812 2548 etc.

224 2577 323 2617 Rde
340 2578 386 2617 in
406 2578 569 2629 primis
591 2584 728 2630 atque
750 2579 797 2619 in
818 2578 958 2620 Chro.
989 2579 1102 2620 mihi
1123 2579 1277 2619 obs.me
1300 2578 1458 2620 Pater:

226 2647 356 2699 Quae
391 2648 620 2700 superiori
654 2648 985 2700 quadrimestri
1021 2649 1218 2701 collegii
1248 2649 1385 2701 hujus
1416 2650 1676 2690 ministeria
1703 2650 1780 2692 hic

141 2726 279 2770 gesta
302 2726 429 2771 sunt,
454 2725 498 2759 et
519 2719 578 2760 ad
600 2721 863 2761 animarum
879 2722 1078 2762 salutem
1095 2722 1479 2773 spiritualemque
1497 2721 1779 2763 aedificatio-

143 2802 251 2830 nem
270 2791 524 2842 pertinent,
548 2790 753 2831 breviter
772 2792 1106 2843 perstringam.

223 2861 431 2902 Primum
452 2861 659 2914 quidem,
686 2863 870 2903 omissis
892 2864 1016 2914 aliis,
1041 2871 1140 2904 tum
1162 2864 1351 2915 annuis,
1377 2875 1483 2904 cum
1504 2864 1647 2904 etiam
1669 2876 1779 2916 qua·

197 3000 208 3020 ¹
248 2999 496 3034 Autographae
512 2999 544 3026 in
559 2999 639 3026 folio
655 2999 790 3033 duplici,
806 3007 838 3026 n.
849 2999 1004 3027 63.——Eas
1018 3000 1052 3027 in
1066 3000 1219 3034 pluribus
1232 2999 1428 3027 emendavit
1441 2999 1704 3034 decurtavitque
1717 3000 1779 3028 Po-

142 3047 280 3080 lancus,
295 3052 328 3074 et
344 3047 465 3074 harum
480 3047 528 3074 sic
543 3046 794 3080 castigatarum
809 3048 1045 3082 apographum
1060 3051 1174 3075 exstat
1188 3048 1221 3074 in
1236 3047 1316 3075 folio
1340 3047 1385 3080 64,
1408 3055 1493 3082 quas
1513 3055 1573 3074 nos
1588 3048 1677 3075 infra
1702 3049 1781 3076 sub-

144 3102 306 3124 metemus.
