2168 3437
360 268 435 305 602
872 267 1100 304 LITTERAE
1127 278 1487 310 QUADRIMESTRES

358 364 533 405 Christi
555 374 726 414 corpus
748 363 877 402 adire
897 374 993 402 non
1013 368 1248 403 vereatur.
1273 362 1381 403 Alia
1402 375 1585 416 quoque
1598 368 1609 415 ,⁶
1631 365 1678 404 in
1709 366 1873 406 eodem
1900 377 1995 407 sce-

357 437 453 475 lere
474 434 723 473 nonnullos
745 444 894 473 annos
926 438 1141 483 versata,
1178 445 1284 473 cum
1313 433 1407 474 iam
1431 435 1499 474 rei
1527 435 1862 486 turpitudinem
1896 448 1997 477 coe-

358 506 503 557 pisset
525 505 921 555 animadvertere,
945 510 1077 544 tanto
1099 504 1287 556 pietatis
1317 505 1470 545 studio
1492 505 1577 545 fuit
1607 505 1802 558 affecta,
1825 513 1897 556 ut,
1929 519 1997 548 er-

359 583 570 616 ratorum
592 587 783 615 suorum
805 575 945 615 venia
967 587 1049 627 per
1072 575 1414 616 confessionem
1436 576 1686 628 impetrata
1705 610 1712 628 ,
1737 578 1998 635 castissime

356 648 406 687 in
429 653 669 698 posterum
700 647 916 686 statuerit
944 646 1130 686 Christo
1160 647 1337 687 vivere.
1375 646 1575 688 Accedit
1610 654 1652 688 et
1687 649 1825 699 virgo
1860 661 1997 701 quae-

358 719 489 767 dam,
514 729 655 769 quam
676 729 781 757 cum
804 718 944 757 homo
966 718 1327 758 scelestissimus
1360 718 1417 758 ab
1438 718 1561 758 illius
1580 725 1736 770 patre,
1773 732 1863 771 quo
1892 732 1997 761 con-

355 789 454 841 iugi
486 801 599 829 suae
631 789 900 840 inserviret,
943 789 1265 840 impetrasset,
1308 790 1638 830 scelestissime
1672 791 1886 832 violavit.
1928 792 2000 833 Ex

354 872 448 913 quo
471 872 578 900 cum
598 860 743 900 filiurn
765 860 1081 911 concepisset,
1117 865 1167 900 ut
1187 866 1378 912 partum
1399 862 1596 912 celaret,
1621 868 1790 912 parata
1812 868 1914 903 erat
1935 863 1999 903 in-

355 932 532 972 fantem
553 943 805 983 exponere,
829 932 877 971 ni
899 931 1108 972 eiusdem
1129 943 1336 972 noverca
1356 937 1487 972 tanto
1509 933 1675 972 sceleri
1697 934 1994 985 occurrisset,

356 1014 554 1055 eumque
576 1003 730 1054 ipsum
752 1003 799 1043 in
819 1003 973 1043 lucem
994 1008 1237 1054 receptum
1254 1003 1313 1043 ad
1334 1003 1679 1044 xenodochium
1700 1004 2002 1045 deferendum

356 1080 584 1115 curasset.
609 1074 672 1114 At
703 1075 792 1114 hoc
814 1074 1010 1114 subinde
1038 1074 1196 1114 levata
1218 1085 1381 1125 onere,
1405 1074 1636 1126 flagitium
1663 1082 1999 1127 perpetratum,

357 1145 573 1198 quodque
613 1145 842 1185 habuerat
881 1145 929 1185 in
964 1146 1135 1196 animo,
1179 1144 1365 1185 assidue
1406 1146 1693 1198 multumque
1733 1147 1999 1198 deplorans,

357 1228 471 1257 suae
510 1216 656 1268 ipsius
697 1216 881 1256 animae
921 1216 1120 1256 salutem
1159 1216 1284 1267 apud
1321 1228 1408 1256 nos
1447 1216 1712 1257 confitendo
1750 1218 2000 1269 quaesivit,

357 1300 505 1340 eoque
526 1288 715 1339 pietatis
738 1287 1073 1338 religionisque
1095 1287 1309 1338 devenit,
1345 1293 1394 1327 ut
1417 1288 1603 1339 deinde,
1627 1300 1770 1340 opera
1792 1288 2000 1340 Patrum,

356 1359 636 1399 coenobium
675 1358 1025 1400 Conversarum
1059 1358 1297 1410 ingressa,
1328 1359 1476 1399 vitam
1510 1359 1783 1410 profiteatur
1817 1360 1999 1411 religio-

357 1442 473 1471 sam.
494 1430 628 1471 Duae
650 1430 809 1470 itidem
832 1430 974 1480 aliae,
998 1430 1146 1470 variis
1168 1430 1423 1470 sceleribus
1444 1431 1662 1481 pollutae,
1687 1443 1793 1471 cum
1815 1443 2002 1471 sacram

357 1502 481 1554 apud
509 1514 597 1542 nos
628 1501 973 1542 consessionem
1009 1502 1339 1553 degustassent
1370 1503 1784 1554 venerandumque
1819 1514 2003 1555 semper

361 1574 524 1614 altaris
544 1580 894 1614 sacramentum
916 1573 1247 1625 sumpsissent,
1273 1573 1340 1613 sic
1371 1573 1418 1613 in
1444 1574 1632 1625 pietatis
1661 1574 1816 1614 studio
1847 1574 1997 1626 profe-

358 1652 545 1694 cerunt,
580 1651 650 1695 ut,
679 1645 968 1684 vanitatibus
1000 1645 1176 1685 saeculi
1196 1645 1332 1685 huius
1355 1645 1679 1697 illecebrisque
1702 1646 1998 1698 contemptis,

358 1716 574 1767 religioni
596 1728 645 1756 se
674 1715 970 1756 decreverint
1002 1727 1303 1763 consecrare,
1328 1717 1574 1768 locumque
1606 1717 1834 1757 hactenus
1862 1718 2002 1757 vesti-

358 1793 542 1839 garent,
568 1799 658 1839 quo
679 1788 862 1839 possint
885 1787 931 1827 id
959 1788 1112 1839 ipsum
1139 1793 1398 1839 praestare.
1431 1787 1675 1838 Quaedam
1708 1789 1844 1828 huius
1875 1789 2003 1829 urbis

360 1866 577 1899 matrona
599 1871 657 1899 ex
678 1859 936 1910 primariis,
962 1871 1068 1899 cum
1088 1860 1286 1899 multum
1316 1865 1455 1899 antea
1485 1860 1711 1911 temporis
1742 1872 1837 1900 non
1864 1860 2003 1901 fuerit

359 1930 590 1980 confessa,
614 1930 983 1970 bacchanalibus
1014 1930 1142 1982 ipsis,
1167 1930 1327 1970 divino
1356 1930 1529 1970 adflata
1556 1931 1766 1982 numine,
1791 1931 1901 1972 dum
1923 1932 2003 1972 alii

358 2001 499 2053 genio
530 2001 785 2053 impensius
812 2013 1005 2053 operam
1036 2001 1224 2053 darent,
1249 2012 1358 2041 ecce
1396 2008 1603 2042 veterem
1638 2003 1799 2043 statuit
1829 2014 2002 2043 exuere

360 2073 619 2123 hominem,
642 2073 834 2112 induere
856 2084 1055 2123 novum,
1079 2072 1136 2112 de
1157 2073 1254 2113 suis
1285 2074 1500 2124 protinus
1531 2073 1741 2114 confiteri
1774 2075 1998 2126 peccatis,

360 2156 416 2184 ac
437 2144 663 2195 postridie
685 2144 807 2184 illius
830 2144 922 2183 diei
941 2155 1131 2184 sacrum
1154 2143 1329 2184 Christi
1351 2156 1522 2196 corpus
1544 2145 1617 2196 pie
1640 2154 1846 2194 sumere3
1878 2146 2002 2198 quod

360 2215 549 2267 quidem
576 2215 665 2255 Dei
692 2214 919 2255 beneficio
948 2214 1115 2255 effecit.
1145 2214 1344 2255 Accedit
1371 2222 1415 2255 et
1443 2216 1535 2255 alia
1564 2228 1707 2268 quae,
1739 2222 1789 2256 ut
1813 2218 2001 2268 generis

359 2287 608 2339 splendore
638 2287 782 2326 multo
814 2285 1043 2337 superior,
1073 2286 1142 2326 ita'
1169 2287 1415 2337 praeclaro
1444 2287 1647 2338 quodam
1678 2287 1889 2328 facinore
1920 2301 1998 2340 pa-

359 2364 483 2398 trato
503 2359 643 2409 longe
665 2358 982 2397 venerabilior
1003 2357 1264 2397 existimari
1285 2364 1452 2410 potest.
1475 2358 1595 2398 Nam
1618 2371 1723 2399 curn
1751 2365 1796 2399 et
1823 2359 1997 2400 confes-

359 2430 539 2470 sionem
562 2436 605 2469 et
628 2428 1007 2469 communionem
1027 2440 1366 2481 nonnunquam
1391 2429 1604 2481 adiisset,
1637 2431 1701 2470 ita
1729 2436 1799 2470 est
1827 2430 2001 2471 Christi

358 2500 515 2552 gratia
537 2500 724 2550 affecta,
749 2507 798 2540 ut
820 2500 988 2550 quibus
1008 2511 1113 2539 eam
1134 2500 1333 2540 maritus
1362 2502 1572 2551 coegerit
1600 2501 1843 2552 indulgere
1871 2502 1998 2541 vani-

359 2572 549 2622 tatibUS,
573 2571 739 2611 iisdem
761 2578 805 2611 et
827 2577 1042 2611 coactam
1069 2583 1267 2611 uxorem
1297 2577 1342 2611 et
1370 2572 1674 2623 impulsorem
1703 2573 1880 2624 ipsum,
1911 2574 1999 2613 hoc

358 2649 430 2683 est
467 2643 708 2693 maritum,
747 2642 961 2683 Christus
994 2642 1132 2694 plane
1170 2643 1400 2694 liberarit,
1445 2643 1742 2683 effundendis·
1771 2644 2000 2695 siquidem

359 2714 577 2765 precibus
610 2720 741 2754 tanta
776 2713 862 2753 fuit
898 2719 1038 2765 capta
1072 2713 1316 2754 dulcedine
1352 2714 1599 2765 orationis,
1630 2720 1679 2755 ut
1714 2726 1833 2766 quae
1864 2727 1995 2755 orna-

360 2792 517 2825 menta
538 2792 747 2836 gestaret
778 2785 968 2825 auribus
1000 2796 1230 2836 appensa,
1260 2785 1348 2825 sibi
1376 2791 1568 2836 repente
1599 2786 1876 2836 detraxerit,
1904 2797 1996 2826 ser-

359 2868 540 2908 vaeque
564 2856 749 2896 cuidam
770 2856 914 2907 fideli,
936 2855 1153 2896 Patribus
1180 2856 1354 2896 nostris
1375 2856 1527 2896 subito
1556 2857 1865 2897 eleemosinae
1891 2868 1996 2908 gra-

358 2927 423 2967 tia
462 2927 735 2977 deferenda,
778 2926 1044 2977 tradiderit,
1083 2938 1139 2966 ac
1179 2926 1374 2966 subinde
1413 2928 1633 2967 maritum
1673 2927 1731 2967 ad
1766 2928 1996 2967 orandum

359 3009 544 3050 quoque
566 2998 842 3049 compulerit
876 2998 1035 3038 verius
1069 3009 1210 3049 quam
1237 2997 1493 3038 induxerit:
1522 2999 1759 3050 multaque
1786 2998 1877 3038 alia
1905 3010 1994 3038 me-

359 3076 544 3109 moratu
566 3069 708 3120 digna
731 3069 822 3109 dici
843 3074 1055 3120 possent,
1085 3080 1204 3120 quae
1230 3068 1476 3108 brevitatis
1505 3080 1648 3108 causa
1678 3068 1832 3120 potius
1864 3069 1996 3109 omit·
