2168 3437
857 237 941 275 AN.
972 237 1063 275 1553
1702 236 1772 273 247

136 342 296 387 posset
326 335 458 386 eripi:
487 335 551 374 ita
587 340 758 384 tamen,
795 339 1043 385 postquam
1077 333 1136 373 ad
1169 345 1255 373 nos
1291 332 1504 383 accessit,
1542 332 1771 372 Dominus

137 407 264 446 illum
286 405 524 454 excitavit,
550 405 673 456 quod
693 416 787 444 non
809 404 1106 444 occasionem
1125 404 1273 444 solum
1302 403 1632 443 exterminavit
1650 435 1658 454 ,
1690 404 1771 443 sed

138 477 278 516 etiam
312 483 440 516 caste
475 475 719 527 proposuit
753 475 972 525 deinceps
1005 474 1168 514 vivere
1203 479 1247 514 et
1286 485 1557 514 assuescere
1584 473 1769 514 confes-

140 548 273 587 sioni.

220 617 353 668 Quod
376 624 527 657 autem
552 617 717 657 attinet
744 616 802 656 ad
831 616 922 655 alia
944 615 1189 663 exercitia,
1221 627 1338 667 quae
1365 615 1465 654 Rae
1493 614 1563 654 Ρ.ί
1595 615 1694 656 Tae
1722 616 1771 655 in

133 688 242 728 aliis
264 688 409 728 literis
431 687 762 739 expressimus,
787 686 951 726 eadem
970 686 1295 737 prosequimur
1316 686 1539 725 hilariter.

219 758 518 799 Dominicani
541 769 722 809 quoque
742 757 877 797 nobis
897 757 1057 796 favere
1078 767 1192 807 prae
1214 767 1263 796 se
1284 756 1438 796 ferunt
1460 768 1514 796 ac
1536 768 1621 796 nos
1640 756 1769 796 fami-

137 829 315 870 liariter
336 830 508 879 visunt,
533 840 640 869 cum
660 828 870 880 patribus
891 826 1138 868 Societatis
1158 838 1397 867 sermones
1419 827 1631 867 conferre
1653 827 1769 867 desi-

131 901 371 940 derantes.

217 970 444 1022 Denique,
471 971 549 1022 qui
569 970 645 1010 hic
666 980 923 1020 manemus,
944 969 1170 1019 valemus,
1194 973 1240 1008 et
1270 979 1430 1008 omnes
1458 968 1644 1008 student
1674 969 1768 1020 pla-

131 1054 243 1082 -cere
264 1042 380 1082 Deo.
405 1041 474 1082 Sit
495 1041 628 1081 nobis
651 1040 824 1081 auxilio
846 1040 900 1080 R.
924 1039 974 1080 Ρ.
998 1040 1050 1080 Τ.
1074 1046 1117 1079 et
1139 1039 1405 1079 charissimi
1426 1046 1583 1090 patres
1604 1051 1659 1078 ac
1681 1039 1770 1079 fra-

135 1121 233 1154 tres
253 1113 385 1153 istius
407 1113 571 1152 domus
592 1112 688 1153 suis
711 1111 1001 1151 orationibus
1021 1117 1066 1151 et
1086 1110 1360 1151 sacrificiis.>

218 1183 370 1224 Vallis
393 1183 516 1233 Oliti,
542 1182 759 1223 Calendis
780 1182 892 1222 Maii
915 1182 1030 1222 1553.

218 1255 443 1306 Indignus
465 1260 508 1294 et
529 1254 705 1294 inutilis

220 1326 273 1366 R.
298 1326 347 1366 P.
372 1326 423 1366 T.
447 1325 584 1373 filius,

1247 1466 1558 1507 BENEDICTUS.

224 1732 592 1784 Superscrz'ptz'o.
612 1696 844 1773 IIIis—Al
866 1745 978 1786 muy
995 1733 1096 1774 R.d0
1111 1733 1184 1774 Ρ.Ε
1206 1745 1263 1774 en
1280 1733 1375 1774 ihu.
1398 1733 1517 1785 Xpo.
1542 1744 1645 1818 moi
1666 1731 1711 1773 S.
1731 1734 1774 1773 el

137 1822 285 1873 padre
307 1833 392 1861 mr.
417 1822 599 1872 Ignatio
620 1822 862 1874 preposito
883 1823 1077 1874 general
1099 1823 1154 1863 de
1175 1823 1222 1862 la
1244 1821 1503 1873 Compania
1525 1822 1581 1862 de
1601 1822 1692 1863 Ihs.

221 1904 279 1933 en
298 1892 463 1933 Roma.

221 1964 285 2004 Et
305 1963 402 2003 alia
425 1975 588 2004 manu:
611 1963 667 2015 Q.
688 1964 972 2005 Valladolid.
997 1964 1096 2005 Cal.
1120 1965 1232 2005 Maii
1256 1964 1372 2004 1553.

221 2035 275 2086 Q.
308 2035 366 2076 V.
