2168 3437
306 272 379 310 272
738 287 745 294 ·
822 272 1049 308 LITTERAE
1076 281 1434 314 QUADRIMESTRES

990 723 1262 778 CCXXII

382 954 417 992 F
420 954 647 992 ranciseus
666 951 843 990 Bordon

431 1020 553 1058 Patri
571 1019 741 1066 Ignatio
760 1018 813 1055 de
833 1018 1018 1065 Loyola.

477 1085 661 1130 Mutina,
682 1085 705 1122 5
723 1084 828 1131 Maji
850 1084 942 1121 1553
960 1085 984 1118 ¹.

1076 1294 1199 1336 Ihsis.

393 1511 506 1553 Gra.
540 1518 585 1552 et
614 1522 708 1562 pax
741 1509 834 1549 dni.
864 1509 951 1549 nri.
982 1509 1085 1549 Iesu
1116 1508 1291 1549 Christi
1319 1508 1379 1549 sit
1408 1519 1594 1559 semper
1615 1518 1721 1547 cum
1744 1506 1959 1547 omnibus

314 1583 464 1623 nobis.
489 1583 657 1624 Amen.

395 1654 598 1706 Tempus
627 1654 719 1693 iam
742 1652 890 1704 exigit
917 1658 966 1692 ut
993 1652 1091 1701 tibi,
1114 1663 1343 1703 perquam
1370 1649 1664 1691 observande
1686 1649 1733 1689 in
1760 1648 1845 1689 Χ.ο
1865 1647 1957 1698 Pr„

315 1726 548 1766 rationem
561 1725 813 1765 reddamus
832 1723 1038 1764 omnium
1057 1725 1163 1775 (quo
1178 1734 1291 1762 sane
1308 1728 1502 1762 sanctae
1520 1720 1811 1761 obedientiae
1828 1730 1960 1772 prae-

317 1804 452 1850 cepto
474 1795 854 1846 satisfaciamus),
879 1806 999 1847 quae
1022 1794 1122 1834 dns.
1147 1793 1277 1833 Deus
1297 1794 1345 1833 in
1372 1793 1462 1833 hoc
1491 1780 1697 1843 collegio*
1716 1790 1959 1831 societatis

314 1869 485 1919 effecit,
510 1875 644 1909 utens
666 1868 866 1908 fratrum
887 1872 931 1906 et
952 1865 1145 1906 Patrum
1163 1876 1307 1917 opera
1325 1876 1380 1904 ac
1403 1864 1648 1914 industria,
1672 1862 1750 1914 qui
1770 1862 1817 1902 in
1837 1861 1961 1901 hanc

313 1941 477 1981 urbem
498 1946 604 1980 sunt
627 1939 779 1986 missi,
810 1945 859 1978 ut
882 1937 1071 1978 Vineam
1093 1936 1257 1977 christi
1277 1935 1467 1976 Domini
1491 1934 1550 1975 ad
1578 1935 1676 1974 eius
1696 1933 1883 1973 laudem
1904 1943 1960 1972 ac

315 2012 579 2052 animarum
613 2010 863 2050 utilitatem
893 2020 978 2060 pro
1005 2007 1184 2048 Viribus
1216 2008 1501 2047 excolerent.
1534 2005 1620 2046 His
1647 2005 1789 2057 igitur
1816 2003 1963 2044 literis

316 2083 437 2123 dabo
459 2094 654 2134 operam
677 2084 762 2129 (est
783 2092 986 2132 namque
1008 2091 1034 2119 a
1055 2078 1142 2120 §.ta
1165 2079 1430 2119 obedientia
1458 2077 1571 2118 mihi
1598 2074 1960 2129 praescriptum)

316 2167 543 2195 enarrare
572 2165 648 2194 res
677 2159 838 2205 gestas
869 2152 943 2192 his
972 2158 1173 2203 quatuor
1205 2150 1442 2191 mensibus
1473 2149 1747 2199 transactis,
1778 2154 1878 2188 tum
1905 2145 1962 2185 de

317 2227 562 2267 literarum
581 2225 761 2275 studiis,
785 2230 883 2264 tum
911 2224 966 2263 de
989 2223 1229 2273 religionis
1252 2234 1307 2262 ac
1329 2222 1519 2273 pietatis
1542 2220 1718 2261 officiis.

400 2298 632 2339 Numerus
652 2296 972 2337 studiosorum
993 2295 1041 2334 in
1063 2295 1160 2334 dies
1183 2293 1353 2334 crescit
1376 2293 1440 2344 (ut
1468 2293 1576 2333 hinc
1606 2292 1788 2332 initium
1811 2301 1962 2331 suma-

319 2371 456 2419 mus).
476 2369 548 2410 Ac
566 2369 598 2409 ii
616 2367 818 2420 quidem,
838 2366 916 2418 qui
937 2377 1122 2417 semper
1142 2370 1355 2405 nostrum
1378 2364 1627 2415 collegium
1644 2363 1961 2414 frequentant,

320 2447 427 2482 sunt
449 2447 637 2481 centum
658 2438 1015 2492 quinquaginta,
1038 2437 1251 2488 plurimis
1272 2436 1498 2488 exceptis,
1523 2435 1615 2487 qui,
1635 2434 1819 2474 infirma
1839 2433 1963 2472 vale-

320 2513 480 2553 tudine
516 2511 742 2564 impediti‚
779 2521 874 2550 non
907 2508 1178 2549 adveniunt.
1210 2507 1282 2548 Ac
1319 2508 1365 2547 in
1392 2506 1628 2547 universis
1655 2505 1843 2557 quidem
1869 2504 1963 2543 lau-

321 2584 504 2624 dandus
526 2590 596 2624 est
618 2582 848 2632 dominus,
869 2580 994 2632 quod
1010 2579 1126 2619 adeo
1145 2590 1171 2618 a
1188 2579 1387 2631 pristina
1407 2577 1601 2618 vivendi
1616 2576 1799 2617 ratione
1815 2585 1964 2615 reces-

324 2657 484 2706 serint,
508 2660 559 2695 ut
581 2654 638 2694 ab
660 2654 716 2694 iis
738 2664 889 2704 neque
907 2650 1170 2701 detestatio,
1193 2662 1344 2702 neque
1366 2649 1696 2699 iuramentum,
1721 2659 1807 2688 nec
1827 2646 1966 2686 male-

379 2864 389 2883 ¹
429 2862 680 2897 Autogi·aphae
697 2860 912 2896 quadruplici
933 2860 966 2887 in
988 2859 1078 2893 folio,
1100 2866 1154 2885 nn.
1170 2858 1204 2885 94
1221 2861 1253 2884 et
1268 2857 1423 2884 95.-Eas
1446 2855 1642 2883 emendavit
1668 2854 1846 2887 Polancus,
1869 2860 1970 2888 quae-

324 2912 412 2945 dam,
430 2911 522 2938 haud
536 2917 657 2945 pauca,
674 2909 800 2942 delens,
816 2909 915 2942 plura
931 2911 1076 2934 mutans:
1093 2910 1126 2933 et
1142 2913 1260 2933 earum
1275 2906 1323 2932 sic
1337 2905 1589 2939 castigatarum
1604 2903 1729 2936 duplex
1743 2902 1834 2929 nacti
1854 2908 1968 2928 sumus

328 2960 520 2993 exemplum
535 2958 784 2993 apographum,
801 2963 904 2983 unum
918 2962 972 2982 nn.
989 2954 1024 2981 93
1038 2958 1071 2981 et
1085 2954 1128 2987 94,
1143 2955 1290 2982 alterum
1306 2961 1360 2980 nn.
1375 2953 1410 2979 97
1424 2956 1457 2979 et
1471 2951 1516 2978 98.
1533 2950 1699 2984 Quoniam
1712 2956 1795 2976 vero
1810 2948 1967 2975 emenda-

325 3007 434 3034 tiones
445 3005 637 3041 hujusmodi
653 3006 768 3039 plures
783 3003 1023 3038 longioresque
1036 3005 1115 3030 sunt
1130 3009 1230 3036 quam
1242 3005 1279 3028 ut
1303 3001 1334 3028 in
1355 3003 1452 3027 textu
1468 2997 1631 3032 distingui
1647 3000 1707 3024 aut
1722 2996 1756 3023 in
1772 2995 1968 3022 annotatio-

325 3055 422 3082 nibus
441 3053 595 3080 exhiberi
617 3052 790 3080 commode
815 3051 962 3086 possint,
987 3050 1062 3078 ideo
1076 3057 1147 3083 nos,
1166 3053 1243 3084 post
1258 3049 1411 3082 litteras,
1435 3047 1553 3081 quales
1568 3044 1715 3073 confecit
1734 3043 1880 3077 Bordon,
1897 3048 1966 3077 eas,

325 3103 444 3137 quales
459 3101 643 3129 adornavit
658 3100 834 3134 Polancus,
852 3098 1059 3126 exhibemus.
