2168 3437
417 320 487 356 516
926 319 1152 355 LITTERAE
1178 328 1540 361 QUADRIMESTRES

1094 770 1385 824 OOLXIX

488 1035 707 1072 Robertus
724 1034 1012 1082 Clayssonius

534 1100 654 1136 Patri
673 1099 843 1147 Ignatio
864 1099 916 1136 de
937 1099 1127 1146 Loyola.

581 1165 775 1210 Parisiis,
796 1166 818 1202 5
837 1164 1035 1211 Januarii
1059 1165 1149 1202 1554
1170 1165 1193 1199 ¹.

492 1408 593 1449 Pax
614 1409 802 1449 Domini
823 1409 911 1450 Dei
932 1410 1079 1450 nostri
1099 1410 1211 1463 Jesu
1235 1409 1414 1450 Christi
1432 1409 1641 1460 perfecta
1660 1421 1746 1449 nos
1763 1409 1905 1449 donet
1921 1409 2051 1450 liber-

414 1486 524 1520 tate.
550 1480 719 1520 Amen.

492 1551 727 1602 Quantam
745 1552 953 1592 letiferae
970 1553 1114 1603 pestis
1133 1552 1340 1602 occasio,
1362 1552 1548 1592 diuinae
1564 1551 1795 1592 Bonitatis
1811 1552 2052 1603 prouiden-

411 1622 491 1672 tia,
517 1622 575 1662 ad
597 1623 860 1663 animorum
882 1623 1167 1674 expiandam
1185 1629 1377 1674 pestem,
1399 1623 1643 1674 energiam
1665 1623 1944 1672 exercuerit,
1968 1623 2051 1663 Re-

412 1694 614 1734 uerende
635 1694 681 1734 in
703 1694 889 1734 Christo
912 1694 1064 1743 Pater,
1084 1695 1299 1746 exempla
1320 1706 1497 1745 eorum,
1522 1706 1641 1746 quae
1663 1694 1850 1734 diuinae
1872 1694 2052 1745 Magni-

411 1764 625 1805 ficentiae
645 1765 900 1805 liberalitas
921 1765 950 1815 ⁶²,
974 1764 1222 1806 Societatis
1251 1765 1532 1816 ministerio,
1562 1777 1668 1805 eum
1694 1766 1930 1805 uberrimo
1959 1766 2054 1805 ani-

411 1847 594 1876 marum
615 1836 789 1887 fenore,
814 1837 1032 1888 proximo
1056 1837 1388 1889 quadrimestri
1409 1838 1592 1888 elapso,
1615 1836 1801 1888 piorum
1823 1838 1945 1877 votis
1966 1838 2052 1877 lar-

409 1906 508 1957 gita
529 1913 613 1957 est,
638 1908 898 1947 luculenter
926 1908 1388 1958 commonstrabunt,
1422 1919 1542 1959 quae
1563 1919 1730 1948 sacrae
1761 1908 2052 1949 obedientiae

409 1977 618 2029 imperio,
643 1990 669 2017 a
690 1977 982 2019 paternitate
1005 1985 1085 2019 tua
1108 1979 1470 2030 prudentissime
1496 1979 1819 2030 promulgato,
1849 1979 2049 2030 impulsi,

407 2060 464 2088 ae
484 2050 605 2089 ultro
628 2049 840 2101 citroque
860 2056 1056 2101 grarum
1077 2050 1277 2090 aetionis
1295 2049 1396 2089 Deo
1414 2049 1680 2090 reddendae
1699 2056 1828 2090 certa
1849 2062 1930 2102 spe
1952 2062 2049 2102 per-

407 2121 550 2171 suasi,
574 2121 843 2161 summatim
865 2120 924 2160 ad
948 2120 1177 2161 Authoris
1200 2121 1347 2172 ipsius
1369 2121 1570 2171 gloriam
1591 2120 1978 2172 perstringemus.

487 2191 685 2231 Familia
715 2198 899 2242 nostra,
934 2192 1108 2232 humile
1141 2192 1434 2232 obedientiae
1470 2191 1744 2243 obsequium
1774 2191 2051 2233 paternitati

409 2268 515 2302 tuae
536 2274 719 2314 semper
743 2263 960 2314 offerens,
987 2264 1315 2304 atrocissimae
1336 2263 1480 2314 pestis
1504 2263 1763 2315 perieulum
1786 2264 2048 2313 incolumis,

407 2334 594 2374 diuinae
616 2334 947 2374 Prouidentiae
968 2335 1220 2386 praesidio,
1241 2334 1406 2374 euasit:
1429 2334 1561 2374 euius
1580 2334 1803 2385 contagio
1822 2335 1938 2375 adeo
1955 2336 2048 2375 late

405 2416 571 2456 sparsa
608 2413 699 2456 est,
732 2406 950 2458 viresque
978 2407 1110 2445 auxit
1136 2406 1226 2445 hae
1253 2411 1430 2445 aestate
1458 2412 1502 2445 et
1531 2411 1752 2446 autumno
1780 2407 2048 2457 praeteritis

405 2477 618 2517 Lutetiae
641 2483 685 2517 et
708 2478 755 2517 in
787 2478 902 2517 loeis
930 2477 1156 2528 finitimis,
1189 2484 1237 2518 ut
1264 2489 1503 2529 nunquam
1531 2477 1753 2517 atrociori
1782 2478 2044 2529 tyrannide,

404 2554 567 2588 nostra
589 2549 829 2599 memoria,
855 2549 901 2589 in
924 2549 1051 2589 ciues
1072 2549 1355 2600 parisienses
1383 2548 1617 2588 saeuierit:
1641 2548 1796 2588 ferunt
1824 2549 1947 2588 enim
1982 2548 2046 2588 fa—

406 2619 491 2659 0110
522 2620 863 2671 quinquaginta
894 2620 1135 2660 hominum
1170 2620 1312 2659 millia
1341 2632 1364 2659 e
1396 2619 1546 2659 medio
1583 2625 1712 2671 peste
1748 2620 1824 2659 1110
1861 2620 2044 2660 sublata

405 2701 522 2740 esse,
548 2702 691 2742 quum
712 2691 897 2742 hyemis
916 2691 1061 2731 armis
1082 2691 1374 2742 impugnata,
1407 2691 1581 2730 domita
1609 2691 1823 2742 quidem,
1855 2697 1902 2730 at
1931 2703 2044 2731 non-

404 2761 515 2801 dum
535 2768 761 2802 eneruata
777 2768 860 2813 est,
881 2762 927 2802 in
942 2762 1224 2802 Nosoeomio
1252 2768 1295 2802 et
1322 2763 1468 2802 altera
1492 2762 1619 2801 urbis
1643 2768 1776 2813 parte
1801 2761 1953 2802 adhuc
1983 2763 2046 2801 in-

404 2833 655 2872 soleseens.

483 2902 531 2943 P.
556 2902 856 2944 Hieronimus
876 2904 1075 2954 Le-BaS‚
1099 2910 1319 2944 votorum
1345 2904 1707 2956 prudentissima
1729 2904 1956 2953 libertate,
1981 2904 2044 2943 in—

457 3038 468 3058 1
508 3038 593 3065 Tota
615 3040 847 3074 autographa,
871 3039 1063 3076 Clayssonii
1088 3047 1188 3068 manu
1212 3044 1368 3074 exarata,
1394 3044 1428 3067 et
1451 3040 1590 3067 Polanci
1615 3040 1784 3074 frequenti
1808 3039 2043 3068 emendatione

402 3085 587 3120 castigata,
603 3092 639 3114 ut
655 3088 874 3121 sequentibus
890 3088 978 3115 notis
994 3088 1110 3115 videre
1127 3088 1203 3115 erit.
1220 3087 1372 3121 Quatuor
1388 3087 1505 3122 implet
1521 3087 1613 3121 folia,
1629 3096 1683 3115 nn.
1700 3088 1829 3115 ‘Mal-247.

454 3132 467 3150 2
507 3133 630 3160 divina
647 3136 876 3162 liberalitate.
893 3135 1070 3163 Polancus.
