2168 3437
384 284 455 320 ‘246
896 284 1122 321 LITTERAE
1149 295 1506 328 QUADix‘lMESTRES

382 381 513 421 rimis
535 382 750 432 negotiis,
775 393 894 433 quae
915 383 980 422 illi
1001 382 1057 422 de
1079 383 1277 434 integro,
1302 388 1542 434 tamquam
1559 383 1775 433 operario
1792 394 1891 433 suo,
1911 395 2019 434 quo·

380 452 493 492 tidie
516 452 746 492 Dominus
767 453 980 503 iniungit3
1006 453 1104 494 eius
1124 453 1320 493 bonitati
1340 453 1506 504 gloria.
1529 453 1697 494 Amen.

462 523 658 563 Multum
680 524 725 563 in
747 524 835 564 hoc
857 524 1190 576 quadrimestri
1210 530 1419 576 ternpore
1436 524 1681 576 Dominus,
1702 537 1757 565 ac
1773 526 2021 577 plusquam

383 595 633 645 hactenus,
658 601 728 635 est
756 602 998 646 operatus,
1031 607 1176 647 quare
1204 596 1318 635 satis
1346 602 1391 636 et
1418 596 1681 636 animarum
1708 596 1946 648 profectus
1976 602 2020 636 et

382 665 572 706 Domini
607 666 841 716 copiosior
876 672 1072 718 apparet
1107 666 1294 707 infusio.
1330 667 1402 706 Ex
1436 667 1593 707 multis
1628 667 1873 707 subiiciam
1902 679 2021 718 quae

384 738 482 789 ipse
504 738 628 777 novi.

463 808 579 849 Cum
607 821 748 861 eques
779 809 969 861 quidam
1004 809 1241 850 Cantaber
1275 809 1322 849 in
1357 820 1597 850 carcerem
1632 810 2019 860 ecclesiasticum,

382 880 619 920 homicidii
660 887 908 920 accusatus
929 913 936 931 ,
978 880 1223 920 convictus
1268 887 1390 920 esset
1438 888 1482 920 et
1518 881 1685 932 capitis
1725 893 1751 920 a
1790 881 2021 921 iudicibus

380 950 646 1000 damnatus,
669 963 762 991 non
782 952 931 1003 potuit
954 952 1025 1002 (ne
1048 951 1248 992 inimicis
1269 952 1500 1003 parceret)
1518 964 1604 992 nec
1626 953 1683 992 ab
1704 952 1841 992 huius
1863 952 2023 1004 oppidi

379 1022 570 1072 abbate,
599 1034 685 1062 nec
714 1023 812 1063 eius
847 1023 1028 1063 vicario
1065 1035 1150 1063 nec
1180 1034 1206 1062 a
1233 1023 1470 1074 religiosis
1497 1023 1557 1063 ad
1583 1023 1927 1063 confessionem
1957 1023 2021 1063 fa-

380 1093 597 1133 ciendam
617 1093 905 1145 persuaderi.
929 1093 1021 1134 Sed
1042 1106 1069 1134 a
1100 1094 1303 1134 Domino
1331 1094 1577 1145 visitatus,
1603 1095 1811 1134 immisso
1841 1095 2018 1144 morbo,

380 1175 486 1204 cum
509 1177 535 1204 a
557 1172 691 1216 patre
714 1177 897 1216 quoque
918 1171 1080 1205 nostro
1106 1164 1113 1184 ¹
1139 1165 1404 1217 (postquam
1423 1165 1469 1205 id
1497 1165 1691 1215 audivit)
1722 1165 2017 1215 inviseretur,

380 1247 463 1276 cor
484 1236 582 1276 eius
605 1236 752 1276 dulcis
775 1236 1005 1276 Dominus
1027 1237 1275 1287 convertit,
1300 1242 1344 1276 et
1362 1237 1419 1276 ab
1437 1236 1552 1288 ipso,
1573 1237 1716 1276 alium
1732 1237 1895 1276 nolens
1913 1248 2020 1277 con-

380 1306 644 1358 fessarium,
669 1307 821 1347 audiri
842 1307 1112 1358 postulavit,
1137 1308 1215 1359 qui
1236 1307 1307 1347 sui
1337 1308 1509 1348 oblitus
1537 1319 1621 1359 per
1649 1307 1825 1359 aliquot
1856 1319 2018 1357 annos,

381 1384 426 1418 et
446 1378 568 1418 bona
590 1385 634 1418 et
655 1377 856 1418 adversa
878 1377 1146 1418 valetudine
1173 1378 1435 1430 praeditus,
1468 1379 1568 1419 sine
1598 1378 1891 1418 confessione
1923 1389 2023 1429 per-

381 1455 635 1489 manserat.
658 1449 818 1500 Itaque
840 1450 1230 1498 consolationem,
1262 1455 1307 1489 et
1336 1449 1396 1490 ad
1423 1450 1601 1501 omnia,
1631 1461 1750 1501 quae
1779 1449 1854 1490 Pr.
1884 1450 2024 1489 vellet

384 1521 636 1572 imperare,
674 1520 1092 1572 promptitudinem
1120 1521 1324 1572 accepit:
1355 1521 1473 1561 adeo
1494 1521 1626 1573 quod
1653 1521 1795 1561 etiam
1823 1527 2024 1561 mortem

383 1592 439 1641 (51
461 1592 736 1642 offerretur),
762 1592 899 1632 modo
921 1592 987 1632 illi
1006 1592 1145 1632 Pater
1167 1592 1373 1643 adesset,
1399 1604 1549 1644 aequo
1571 1599 1615 1633 et
1642 1592 1801 1632 libenti
1821 1592 2023 1644 suscipe-

384 1669 455 1703 ret
477 1663 648 1703 animo.

465 1734 769 1775 Abundantia
790 1741 1035 1786 praeterea
1058 1734 1406 1775 confessionum
1433 1735 1523 1776 hac
1551 1735 1917 1788 quadragesima
1946 1747 2025 1775 no-

382 1807 455 1847 bis
474 1806 559 1846 fuit
580 1818 821 1847 concessa:
846 1818 989 1858 quare
1013 1807 1129 1846 alter
1150 1818 1209 1846 ex
1231 1807 1457 1858 patribus,
1482 1807 1604 1847 inter
1621 1807 1753 1858 alias,
1779 1806 2027 1847 duodecim

385 1884 466 1918 aut
486 1878 710 1918 tredecim
732 1878 1051 1918 confessiones
1073 1878 1252 1918 audivit
1281 1879 1553 1929 generales:
1586 1878 1709 1930 quod
1736 1890 1831 1918 non
1859 1889 2026 1930 parum

384 1949 471 1990 fuit
491 1949 696 1990 Domino
718 1958 921 2001 gratum.
942 1949 1015 1990 Ex
1030 1949 1117 2000 his,
1139 1961 1300 1990 omnes
1316 1961 1597 2001 unoquoque
1619 1961 1792 2001 mense,
1816 1950 2026 2001 plerique

384 2033 500 2062 vero
529 2022 688 2073 quinto
716 2022 897 2062 decimo
925 2033 1109 2073 quoque
1126 2021 1213 2072 die,
1234 2021 1417 2061 octavis
1434 2033 1617 2073 quoque
1634 2021 1796 2061 diebus
1819 2021 1897 2061 alii
1919 2033 2025 2061 con-

385 2093 544 2133 fitendi
566 2093 951 2133 consuetudinem
970 2093 1236 2132 induerunt.
1260 2093 1380 2133 Tum
1402 2098 1591 2144 praeter
1613 2093 1700 2132 hos
1723 2092 1867 2144 aliqui
1894 2091 2025 2132 facti-

385 2164 550 2204 tabunt
576 2163 719 2204 idem:
750 2164 843 2204 iam
872 2164 995 2203 enim
1023 2164 1082 2204 ad
1109 2163 1155 2203 id
1183 2163 1464 2214 praemoniti
1495 2175 1543 2203 se
1565 2164 1692 2215 ipsos
1722 2169 2024 2215 praeparant.

466 2235 569 2275 Hoc
588 2236 779 2287 insuper
799 2234 1048 2275 tacendum
1069 2247 1164 2275 non
1184 2242 1274 2275 est:
1305 2246 1471 2286 nempe
1492 2234 1616 2287 quod
1637 2234 1776 2275 homo
1795 2267 1803 2286 ‚
1837 2235 1915 2287 qui
1943 2246 2029 2286 per

389 2306 749 2358 quadriennium
770 2305 928 2346 odium
948 2306 996 2345 in
1016 2306 1158 2346 31111111
1182 2312 1577 2354 conservaverat,
1610 2318 1636 2346 a
1664 2317 1754 2358 quo
1781 2317 1876 2346 non
1901 2312 2027 2357 pote-

387 2385 461 2418 rat
482 2378 621 2418 avelli
643 2377 770 2429 (quin
791 2377 944 2429 potius
965 2377 1051 2417 sibi
1072 2377 1320 2417 videbatur
1351 2378 1624 2428 obsequium
1653 2383 1897 2429 praestare
1926 2376 2028 2417 Deo

385 2449 560 2489 inferre
587 2455 814 2501 quantum
839 2448 1108 2489 nocumenti
1137 2455 1295 2500 posset
1322 2448 1558 2499 inimico),
1587 2454 1836 2500 postquam
1862 2448 1922 2488 ad
1952 2447 2027 2487 do-

389 2532 516 2560 mum
539 2526 752 2560 nostram
773 2531 798 2559 a
821 2519 1044 2570 Domino,
1070 2519 1413 2560 confessionem
1433 2520 1665 2570 facturus,
1690 2519 1920 2559 adductus
1941 2525 2025 2570 est,

386 2603 446 2631 ex
468 2592 618 2642 primo
643 2591 862 2642 ingressu
883 2590 1007 2630 mitis
1029 2590 1235 2642 effectus,
1260 2597 1509 2642 peccatum
1532 2602 1667 2631 suum
1688 2591 1833 2641 novit,
1859 2590 2028 2631 condo-

388 2663 519 2703 navit
541 2662 787 2713 offensam,
810 2662 1109 2713 loquiturque
1139 2673 1244 2702 cum
1275 2662 1574 2713 adversario,
1602 2663 1890 2713 multumque
1917 2672 2028 2712 gau-

386 2734 465 2774 det
486 2733 612 2785 quod
639 2733 726 2773 sibi
755 2733 940 2773 videtur
969 2733 1026 2772 ab
1055 2744 1195 2773 onere
1218 2734 1357 2784 gravi
1379 2733 1624 2781 liberatus,
1656 2732 1779 2785 quod
1799 2733 2029 2773 hactenus

392 2816 485 2845 non
504 2810 817 2856 persenserat.
889 2802 895 2811 ‘

471 2875 659 2916 Addam
681 2882 725 2915 et
746 2875 801 2915 de
824 2875 930 2926 alio,
954 2875 1033 2926 qui
1054 2875 1101 2915 in
1122 2876 1246 2916 malo
1269 2875 1470 2927 degebat
1487 2880 1612 2915 statu
1630 2882 1674 2915 et
1691 2886 1773 2927 per
1791 2886 1939 2915 annos
1956 2886 2028 2914 oc-

389 2948 631 2987 casionem
659 2947 784 2988 domi
812 2947 1061 2997 retinebat,
1092 2947 1209 2987 adeo
1236 2947 1282 2987 in
1308 2947 1397 2987 hoc
1424 2946 1593 2987 infixus
1619 2948 1737 2997 luto,
1767 2952 1816 2987 ut
1849 2957 1876 2986 a
1903 2946 2028 2986 nullo

448 3107 458 3127 ί
497 3107 588 3134 Idem
604 3107 640 3134 P.
657 3107 836 3135 GonzaleZ.
854 3107 1020 3142 ΡοιΑΝεο,
1037 3107 1127 3139 ibid..
1145 3115 1162 3134 n
1194 3107 1259 3136 701.
