2168 3437
308 265 381 304 332
821 264 1048 301 LiTTERAE
1074 274 1431 306 QUADRfflEsTRES

1005 752 1261 807 CCXXX

381 1024 637 1062 Edmundus
657 1024 904 1072 Augerius‚

428 1089 497 1127 Ex
516 1089 837 1127 commissione
856 1090 903 1127 P.
927 1088 1147 1127 Everardi
1168 1088 1456 1133 Mercuriani‚

480 1156 599 1193 Patri
619 1156 788 1202 Ignatio
808 1155 861 1192 de
880 1155 1064 1203 Loyola.

524 1220 724 1267 Perusio,
748 1219 791 1257 12
814 1220 953 1267 Junii,
976 1220 1069 1257 1553
1088 1220 1111 1255 ¹.

1087 1446 1185 1522 stis

390 1715 491 1756 Pax
512 1715 586 1755 X.i

390 1786 566 1826 Rerum
580 1798 756 1837 earum,
777 1797 892 1837 quas
908 1785 984 1826 hic
1001 1785 1130 1825 Deus
1146 1784 1251 1836 Opt.
1270 1784 1414 1835 Max„
1435 1785 1593 1836 elapso
1609 1784 1824 1836 proxime
1845 1794 1955 1834 qua·
1999 1789 2009 1800 ⁴

306 1857 565 1907 drimestri,
588 1862 750 1897 nostro
773 1856 1030 1896 ministerio
1054 1861 1123 1896 est
1146 1861 1387 1907 operatus,
1412 1856 1644 1895 rationem
1659 1853 1945 1902 redditurus

307 1929 397 1969 hoc
418 1928 570 1979 magis
586 1939 759 1979 angor,
784 1927 884 1967 R.de
905 1926 1064 1977 Pater,
1088 1938 1179 1978 quo
1201 1926 1397 1967 inertiae
1418 1932 1608 1966 nostrae
1626 1926 1778 1966 minus
1794 1926 1948 1965 locum

305 2000 467 2041 deberi
488 2000 600 2040 scio.
624 1998 740 2040 Cum
762 2004 920 2039 tamen
941 2010 996 2038 ea
1017 1998 1077 2038 sit
1096 2004 1260 2038 nostra
1282 1998 1509 2049 conditio,
1533 2003 1583 2038 ut
1604 2009 1756 2049 neque
1785 1996 1952 2048 pudori

304 2071 581 2112 satisfacere
601 2082 751 2123 neque
773 2082 945 2110 suaves
967 2069 1213 2110 obediendi
1233 2070 1361 2121 leges
1389 2069 1764 2121 praetermittere
1791 2068 1948 2116 liceat,

311 2143 475 2195 paucis
498 2141 719 2194 quicquid
740 2141 786 2182 id
807 2148 877 2181 est
900 2152 1204 2192 exponemus.

388 2214 582 2254 Fratres
604 2224 786 2262 omnes,
813 2212 891 2264 qui
911 2212 986 2252 hic
1009 2211 1198 2263 adsunt,
1230 2212 1398 2252 iisdem
1421 2211 1589 2263 quibus
1616 2211 1844 2251 hactenus
1865 2209 1957 2250 offi-

310 2286 397 2326 ciis
416 2285 704 2326 incumbunt.
731 2283 822 2325 Sed
844 2283 890 2324 id
912 2284 1067 2324 animo
1086 2283 1273 2335 quidem
1294 2284 1341 2323 in
1363 2283 1460 2323 dies
1479 2283 1631 2335 magis
1647 2281 1954 2333 vigilantiori.

310 2357 445 2408 Quod
466 2362 665 2397 testatur
686 2356 985 2408 quotidianus
1006 2355 1284 2406 uberiorque
1306 2355 1353 2394 in
1373 2355 1624 2394 virtutibus
1654 2364 1951 2406 progressus,

311 2440 368 2468 ac
390 2428 537 2468 divini
557 2427 760 2468 nominis
781 2426 1060 2479 propalandi
1081 2426 1195 2466 sitis.
1220 2425 1316 2466 Nec
1339 2437 1418 2466 eos
1439 2430 1704 2466 remoratur
1720 2424 1811 2464 loci
1832 2435 1954 2464 com-

312 2499 514 2540 moditas
544 2499 720 2550 minor,
752 2509 891 2550 quam
918 2497 1093 2549 requiri
1120 2503 1165 2537 et
1191 2497 1339 2548 possit
1369 2503 1413 2537 et
1445 2496 1630 2544 debeat3
1660 2495 1815 2536 studia
1843 2506 1956 2535 sane

312 2571 537 2621 graviora
570 2569 761 2620 negotia
802 2568 1148 2621 quodammodo
1183 2568 1556 2620 interceperunt,
1594 2567 1797 2607 maxime
1834 2578 1953 2612 cum,

313 2641 527 2692 agendae
557 2641 623 2681 rei
652 2640 909 2680 litterariae
938 2639 1114 2690 gratia,
1147 2639 1238 2678 alio
1269 2638 1356 2679 fuit
1386 2638 1701 2689 migrandum.
1736 2636 1956 2678 Studetur

313 2712 634 2763 nihilominus,
667 2711 849 2763 quoties
877 2711 1013 2750 datur
1039 2709 1304 2762 respirandi
1330 2715 1537 2761 tempus,
1572 2714 1615 2748 et
1644 2709 1814 2748 mirum
1848 2707 1952 2753 hoc.

312 2783 472 2823 nescio
502 2795 593 2834 quo
622 2789 785 2834 pacto,
817 2781 1005 2834 quando
1035 2786 1079 2821 et
1114 2792 1282 2821 munus
1310 2780 1510 2821 docendi
1544 2785 1693 2820 totum
1722 2778 1957 2819 hominem

314 2854 381 2894 sic
401 2854 630 2905 requirat,
653 2860 702 2894 ut
725 2853 850 2906 quod
871 2858 1084 2905 superest
1105 2852 1187 2892 vix
1209 2852 1267 2892 sit
1288 2851 1595 2904 quiescendo,
1621 2862 1756 2891 nemo
1785 2855 1856 2890 est
1879 2850 1958 2901 qui

369 2990 379 3011 ¹
419 2991 669 3024 Autographae
685 2991 716 3017 in
732 2990 857 3024 duplici
873 2990 953 3016 solio
968 2997 1023 3016 nn.
1037 2989 1072 3015 49
1087 2992 1120 3016 et
1135 2987 1349 3016 50.—Earum
1365 2995 1385 3015 a
1397 2987 1545 3015 Polanco
1558 2987 1814 3014 emendatarum
1832 2985 1956 3018 duplex

315 3039 480 3066 habemus
495 3038 732 3072 apographum
746 3039 950 3072 exemplum,
963 3044 1065 3064 unum
1077 3036 1110 3063 in
1123 3036 1200 3063 folio
1212 3036 1293 3063 item
1306 3035 1440 3070 duplici,
1453 3043 1507 3062 nn.
1522 3035 1557 3062 48
1569 3039 1601 3062 et
1617 3035 1662 3065 51.
1675 3035 1832 3064 alterum.
1848 3033 1956 3060 Romu

314 3085 530 3120 Complutum
546 3087 625 3113 olim
640 3087 792 3120 missum,
808 3086 841 3112 in
856 3084 1019 3112 Historia
1034 3085 1149 3117 varia,
1166 3084 1232 3111 vol.
1248 3090 1270 3117 1,
1287 3083 1341 3110 fol.
1356 3083 1418 3110 318.
