<?xml version="1.0" encoding="UTF-8"?>
<!DOCTYPE html PUBLIC "-//W3C//DTD XHTML 1.0 Transitional//EN"
    "http://www.w3.org/TR/xhtml1/DTD/xhtml1-transitional.dtd">
<html xmlns="http://www.w3.org/1999/xhtml" xml:lang="en" lang="en">
 <head>
  <title>
</title>
<meta http-equiv="Content-Type" content="text/html;charset=utf-8" />
  <meta name='ocr-system' content='tesseract 3.04.00' />
  <meta name='ocr-capabilities' content='ocr_page ocr_carea ocr_par ocr_line ocrx_word'/>
</head>
<body>
  <div class='ocr_page' id='page_1' title='image "./litteraequadrime1402lain_0338.png"; bbox 0 0 2168 3437; ppageno 0'>
   <div class='ocr_carea' id='block_1_1' title="bbox 304 275 1430 315">
    <p class='ocr_par' dir='ltr' id='par_1_1' title="bbox 304 275 1430 315">
     <span class='ocr_line' id='line_1_1' title="bbox 304 275 1430 315; baseline -0.008 0"><span class='ocrx_word' id='word_1_1' title='bbox 304 279 375 315; x_wconf 69' lang='lat'>33³.</span> <span class='ocrx_word' id='word_1_2' title='bbox 816 275 1046 311; x_wconf 74' lang='lat' dir='ltr'><strong>L1TT1⁴2RAE</strong></span> <span class='ocrx_word' id='word_1_3' title='bbox 1073 280 1430 315; x_wconf 81' lang='lat' dir='ltr'><strong>QUADRIMESTRES</strong></span> 
     </span>
    </p>
   </div>
   <div class='ocr_carea' id='block_1_2' title="bbox 299 365 1948 1774">
    <p class='ocr_par' dir='ltr' id='par_1_2' title="bbox 299 365 1942 837">
     <span class='ocr_line' id='line_1_2' title="bbox 382 365 1940 421; baseline -0.006 -8"><span class='ocrx_word' id='word_1_4' title='bbox 382 372 578 413; x_wconf 87' lang='lat' dir='ltr'>Solitum</span> <span class='ocrx_word' id='word_1_5' title='bbox 607 377 675 411; x_wconf 94' lang='lat' dir='ltr'>est</span> <span class='ocrx_word' id='word_1_6' title='bbox 711 370 786 410; x_wconf 92' lang='lat' dir='ltr'>hic</span> <span class='ocrx_word' id='word_1_7' title='bbox 820 370 868 409; x_wconf 88' lang='lat' dir='ltr'>in</span> <span class='ocrx_word' id='word_1_8' title='bbox 893 368 1112 421; x_wconf 87' lang='lat' dir='ltr'>profestis</span> <span class='ocrx_word' id='word_1_9' title='bbox 1139 367 1372 417; x_wconf 79' lang='lat' dir='ltr'>Paschae,</span> <span class='ocrx_word' id='word_1_10' title='bbox 1406 366 1621 406; x_wconf 89' lang='lat' dir='ltr'>omnibus</span> <span class='ocrx_word' id='word_1_11' title='bbox 1649 365 1860 405; x_wconf 87' lang='lat' dir='ltr'>Vicissim</span> <span class='ocrx_word' id='word_1_12' title='bbox 1893 366 1940 405; x_wconf 90' lang='lat' dir='ltr'>in</span> 
     </span>
     <span class='ocr_line' id='line_1_3' title="bbox 300 436 1938 493; baseline -0.005 -9"><span class='ocrx_word' id='word_1_13' title='bbox 300 443 571 484; x_wconf 80' lang='lat' dir='ltr'>cathedrale</span> <span class='ocrx_word' id='word_1_14' title='bbox 602 442 825 493; x_wconf 90' lang='lat' dir='ltr'>templum</span> <span class='ocrx_word' id='word_1_15' title='bbox 854 438 1094 492; x_wconf 87' lang='lat' dir='ltr'>parochiis</span> <span class='ocrx_word' id='word_1_16' title='bbox 1122 437 1530 488; x_wconf 85' lang='lat' dir='ltr'>convenientibus,</span> <span class='ocrx_word' id='word_1_17' title='bbox 1563 436 1710 485; x_wconf 88' lang='lat' dir='ltr'>orari;</span> <span class='ocrx_word' id='word_1_18' title='bbox 1742 436 1938 476; x_wconf 88' lang='lat' dir='ltr'>absolvi-</span> 
     </span>
     <span class='ocr_line' id='line_1_4' title="bbox 300 506 1940 566; baseline -0.005 -12"><span class='ocrx_word' id='word_1_19' title='bbox 300 521 468 566; x_wconf 90' lang='lat' dir='ltr'>turque</span> <span class='ocrx_word' id='word_1_20' title='bbox 504 511 729 563; x_wconf 89' lang='lat' dir='ltr'>ejusmodi</span> <span class='ocrx_word' id='word_1_21' title='bbox 764 510 973 563; x_wconf 91' lang='lat' dir='ltr'>precatio</span> <span class='ocrx_word' id='word_1_22' title='bbox 1008 514 1115 561; x_wconf 92' lang='lat' dir='ltr'>post</span> <span class='ocrx_word' id='word_1_23' title='bbox 1143 508 1459 560; x_wconf 89' lang='lat' dir='ltr'>quadraginta</span> <span class='ocrx_word' id='word_1_24' title='bbox 1488 508 1653 558; x_wconf 89' lang='lat' dir='ltr'>horas;</span> <span class='ocrx_word' id='word_1_25' title='bbox 1684 506 1940 558; x_wconf 78' lang='lat' dir='ltr'>adesseque</span> 
     </span>
     <span class='ocr_line' id='line_1_5' title="bbox 301 577 1941 636; baseline -0.005 -11"><span class='ocrx_word' id='word_1_26' title='bbox 301 596 485 636; x_wconf 83' lang='lat' dir='ltr'>semper</span> <span class='ocrx_word' id='word_1_27' title='bbox 521 582 786 630; x_wconf 87' lang='lat' dir='ltr'>consuevit,</span> <span class='ocrx_word' id='word_1_28' title='bbox 819 582 898 633; x_wconf 92' lang='lat' dir='ltr'>qui</span> <span class='ocrx_word' id='word_1_29' title='bbox 925 581 1152 633; x_wconf 90' lang='lat' dir='ltr'>populum</span> <span class='ocrx_word' id='word_1_30' title='bbox 1185 579 1398 620; x_wconf 90' lang='lat' dir='ltr'>hortetur</span> <span class='ocrx_word' id='word_1_31' title='bbox 1426 584 1471 618; x_wconf 91' lang='lat' dir='ltr'>et</span> <span class='ocrx_word' id='word_1_32' title='bbox 1500 578 1691 618; x_wconf 90' lang='lat' dir='ltr'>modum</span> <span class='ocrx_word' id='word_1_33' title='bbox 1717 577 1941 629; x_wconf 89' lang='lat' dir='ltr'>precandi</span> 
     </span>
     <span class='ocr_line' id='line_1_6' title="bbox 299 649 1940 708; baseline -0.005 -12"><span class='ocrx_word' id='word_1_34' title='bbox 299 655 605 708; x_wconf 79' lang='lat' dir='ltr'>praescribat.</span> <span class='ocrx_word' id='word_1_35' title='bbox 630 654 760 693; x_wconf 91' lang='lat' dir='ltr'>Haec</span> <span class='ocrx_word' id='word_1_36' title='bbox 781 653 1029 704; x_wconf 87' lang='lat' dir='ltr'>provincia</span> <span class='ocrx_word' id='word_1_37' title='bbox 1055 652 1141 692; x_wconf 87' lang='lat' dir='ltr'>fuit</span> <span class='ocrx_word' id='word_1_38' title='bbox 1167 651 1303 691; x_wconf 89' lang='lat' dir='ltr'>nobis</span> <span class='ocrx_word' id='word_1_39' title='bbox 1332 650 1573 701; x_wconf 82' lang='lat' dir='ltr'>delegata3</span> <span class='ocrx_word' id='word_1_40' title='bbox 1606 649 1940 700; x_wconf 89' lang='lat' dir='ltr'>subieruntque</span> 
     </span>
     <span class='ocr_line' id='line_1_7' title="bbox 301 720 1942 774; baseline -0.004 -8"><span class='ocrx_word' id='word_1_41' title='bbox 301 737 467 767; x_wconf 91' lang='lat' dir='ltr'>munus</span> <span class='ocrx_word' id='word_1_42' title='bbox 498 737 522 765; x_wconf 93' lang='lat' dir='ltr'>e</span> <span class='ocrx_word' id='word_1_43' title='bbox 548 725 724 765; x_wconf 88' lang='lat' dir='ltr'>nostris</span> <span class='ocrx_word' id='word_1_44' title='bbox 751 724 863 774; x_wconf 91' lang='lat' dir='ltr'>duo,</span> <span class='ocrx_word' id='word_1_45' title='bbox 895 735 1077 764; x_wconf 87' lang='lat' dir='ltr'>summo</span> <span class='ocrx_word' id='word_1_46' title='bbox 1106 723 1314 763; x_wconf 90' lang='lat' dir='ltr'>omnium</span> <span class='ocrx_word' id='word_1_47' title='bbox 1345 722 1573 773; x_wconf 85' lang='lat' dir='ltr'>applausu</span> <span class='ocrx_word' id='word_1_48' title='bbox 1594 727 1639 760; x_wconf 88' lang='lat' dir='ltr'>et</span> <span class='ocrx_word' id='word_1_49' title='bbox 1658 732 1753 760; x_wconf 93' lang='lat' dir='ltr'>non</span> <span class='ocrx_word' id='word_1_50' title='bbox 1773 720 1942 760; x_wconf 88' lang='lat' dir='ltr'>minori</span> 
     </span>
     <span class='ocr_line' id='line_1_8' title="bbox 300 797 469 837; baseline -0.024 0"><span class='ocrx_word' id='word_1_51' title='bbox 300 797 469 837; x_wconf 86' lang='lat' dir='ltr'>fructu.</span> 
     </span>
    </p>

    <p class='ocr_par' dir='ltr' id='par_1_3' title="bbox 299 863 1945 1336">
     <span class='ocr_line' id='line_1_9' title="bbox 379 863 1940 918; baseline -0.004 -11"><span class='ocrx_word' id='word_1_52' title='bbox 379 867 537 918; x_wconf 84' lang='lat' dir='ltr'>Pergit</span> <span class='ocrx_word' id='word_1_53' title='bbox 563 866 685 906; x_wconf 60' lang='lat' dir='ltr'>RssuS</span> <span class='ocrx_word' id='word_1_54' title='bbox 713 865 851 906; x_wconf 88' lang='lat' dir='ltr'>Pater</span> <span class='ocrx_word' id='word_1_55' title='bbox 879 864 937 905; x_wconf 92' lang='lat' dir='ltr'>D.</span> <span class='ocrx_word' id='word_1_56' title='bbox 969 864 1241 905; x_wconf 88' lang='lat' dir='ltr'>Everardus</span> <span class='ocrx_word' id='word_1_57' title='bbox 1272 864 1318 903; x_wconf 90' lang='lat' dir='ltr'>in</span> <span class='ocrx_word' id='word_1_58' title='bbox 1348 863 1656 915; x_wconf 87' lang='lat' dir='ltr'>psalmorum,</span> <span class='ocrx_word' id='word_1_59' title='bbox 1680 867 1730 901; x_wconf 92' lang='lat' dir='ltr'>ut</span> <span class='ocrx_word' id='word_1_60' title='bbox 1750 867 1940 911; x_wconf 87' lang='lat' dir='ltr'>vocant,</span> 
     </span>
     <span class='ocr_line' id='line_1_10' title="bbox 300 933 1941 991; baseline -0.004 -12"><span class='ocrx_word' id='word_1_61' title='bbox 300 938 700 991; x_wconf 82' lang='lat' dir='ltr'>poenitentialium</span> <span class='ocrx_word' id='word_1_62' title='bbox 717 937 1034 988; x_wconf 86' lang='lat' dir='ltr'>praelectione</span> <span class='ocrx_word' id='word_1_63' title='bbox 1050 947 1058 984; x_wconf 75' lang='grc' dir='ltr'>ς</span> <span class='ocrx_word' id='word_1_64' title='bbox 1077 935 1231 988; x_wconf 87' lang='lat' dir='ltr'>pergit</span> <span class='ocrx_word' id='word_1_65' title='bbox 1256 940 1301 975; x_wconf 90' lang='lat' dir='ltr'>et</span> <span class='ocrx_word' id='word_1_66' title='bbox 1323 934 1373 974; x_wconf 89' lang='lat' dir='ltr'>P.</span> <span class='ocrx_word' id='word_1_67' title='bbox 1403 934 1608 988; x_wconf 91' lang='lat' dir='ltr'>Joannes</span> <span class='ocrx_word' id='word_1_68' title='bbox 1634 933 1779 984; x_wconf 81' lang='lat' dir='ltr'>Niger</span> <span class='ocrx_word' id='word_1_69' title='bbox 1801 933 1847 972; x_wconf 91' lang='lat' dir='ltr'>in</span> <span class='ocrx_word' id='word_1_70' title='bbox 1867 944 1941 972; x_wconf 81' lang='lat' dir='ltr'>ex-</span> 
     </span>
     <span class='ocr_line' id='line_1_11' title="bbox 300 1003 1943 1062; baseline -0.005 -12"><span class='ocrx_word' id='word_1_71' title='bbox 300 1009 516 1062; x_wconf 89' lang='lat' dir='ltr'>plicando</span> <span class='ocrx_word' id='word_1_72' title='bbox 538 1008 780 1049; x_wconf 87' lang='lat' dir='ltr'>doctrinae</span> <span class='ocrx_word' id='word_1_73' title='bbox 802 1008 1088 1048; x_wconf 87' lang='lat' dir='ltr'>christianae</span> <span class='ocrx_word' id='word_1_74' title='bbox 1110 1007 1286 1057; x_wconf 84' lang='lat' dir='ltr'>libello;</span> <span class='ocrx_word' id='word_1_75' title='bbox 1311 1011 1507 1057; x_wconf 89' lang='lat' dir='ltr'>uterque</span> <span class='ocrx_word' id='word_1_76' title='bbox 1535 1015 1710 1055; x_wconf 90' lang='lat' dir='ltr'>magna</span> <span class='ocrx_word' id='word_1_77' title='bbox 1737 1003 1943 1044; x_wconf 90' lang='lat' dir='ltr'>omnium</span> 
     </span>
     <span class='ocr_line' id='line_1_12' title="bbox 300 1074 1944 1134; baseline -0.005 -12"><span class='ocrx_word' id='word_1_78' title='bbox 300 1094 382 1134; x_wconf 91' lang='lat' dir='ltr'>spe</span> <span class='ocrx_word' id='word_1_79' title='bbox 403 1087 447 1121; x_wconf 92' lang='lat' dir='ltr'>et</span> <span class='ocrx_word' id='word_1_80' title='bbox 467 1080 636 1120; x_wconf 88' lang='lat' dir='ltr'>fructu.</span> <span class='ocrx_word' id='word_1_81' title='bbox 661 1079 867 1131; x_wconf 82' lang='lat' dir='ltr'>Singulis</span> <span class='ocrx_word' id='word_1_82' title='bbox 888 1079 1011 1120; x_wconf 90' lang='lat' dir='ltr'>idern</span> <span class='ocrx_word' id='word_1_83' title='bbox 1037 1078 1087 1119; x_wconf 87' lang='lat' dir='ltr'>P.</span> <span class='ocrx_word' id='word_1_84' title='bbox 1118 1079 1326 1132; x_wconf 85' lang='lat' dir='ltr'>Joannes</span> <span class='ocrx_word' id='word_1_85' title='bbox 1360 1076 1618 1117; x_wconf 89' lang='lat' dir='ltr'>sabbatinis</span> <span class='ocrx_word' id='word_1_86' title='bbox 1645 1075 1807 1115; x_wconf 90' lang='lat' dir='ltr'>diebus</span> <span class='ocrx_word' id='word_1_87' title='bbox 1829 1074 1944 1114; x_wconf 93' lang='lat' dir='ltr'>solet</span> 
     </span>
     <span class='ocr_line' id='line_1_13' title="bbox 299 1146 1944 1203; baseline -0.005 -10"><span class='ocrx_word' id='word_1_88' title='bbox 299 1152 573 1194; x_wconf 88' lang='lat' dir='ltr'>concionari</span> <span class='ocrx_word' id='word_1_89' title='bbox 607 1152 682 1202; x_wconf 89' lang='lat' dir='ltr'>iis,</span> <span class='ocrx_word' id='word_1_90' title='bbox 720 1151 798 1203; x_wconf 86' lang='lat' dir='ltr'>qui</span> <span class='ocrx_word' id='word_1_91' title='bbox 825 1151 882 1191; x_wconf 86' lang='lat' dir='ltr'>ab</span> <span class='ocrx_word' id='word_1_92' title='bbox 910 1150 1029 1191; x_wconf 90' lang='lat' dir='ltr'>hora</span> <span class='ocrx_word' id='word_1_93' title='bbox 1056 1155 1224 1202; x_wconf 88' lang='lat' dir='ltr'>quarta</span> <span class='ocrx_word' id='word_1_94' title='bbox 1255 1154 1299 1189; x_wconf 91' lang='lat' dir='ltr'>et</span> <span class='ocrx_word' id='word_1_95' title='bbox 1334 1148 1567 1200; x_wconf 85' lang='lat' dir='ltr'>vigesima</span> <span class='ocrx_word' id='word_1_96' title='bbox 1593 1146 1607 1165; x_wconf 69' lang='lat'>‘³</span> <span class='ocrx_word' id='word_1_97' title='bbox 1634 1147 1681 1187; x_wconf 90' lang='lat' dir='ltr'>in</span> <span class='ocrx_word' id='word_1_98' title='bbox 1721 1146 1944 1197; x_wconf 89' lang='lat' dir='ltr'>templum</span> 
     </span>
     <span class='ocr_line' id='line_1_14' title="bbox 301 1217 1945 1275; baseline -0.005 -11"><span class='ocrx_word' id='word_1_99' title='bbox 301 1230 534 1272; x_wconf 84' lang='lat' dir='ltr'>nostrum,</span> <span class='ocrx_word' id='word_1_100' title='bbox 567 1222 805 1275; x_wconf 84' lang='lat' dir='ltr'>precaturi</span> <span class='ocrx_word' id='word_1_101' title='bbox 834 1221 1008 1273; x_wconf 90' lang='lat' dir='ltr'>Deum,</span> <span class='ocrx_word' id='word_1_102' title='bbox 1031 1221 1227 1261; x_wconf 85' lang='lat' dir='ltr'>veniunt</span> <span class='ocrx_word' id='word_1_103' title='bbox 1261 1219 1471 1272; x_wconf 89' lang='lat' dir='ltr'>plurimi,</span> <span class='ocrx_word' id='word_1_104' title='bbox 1504 1224 1554 1258; x_wconf 93' lang='lat' dir='ltr'>ut</span> <span class='ocrx_word' id='word_1_105' title='bbox 1587 1229 1674 1258; x_wconf 87' lang='lat' dir='ltr'>nec</span> <span class='ocrx_word' id='word_1_106' title='bbox 1705 1217 1764 1257; x_wconf 90' lang='lat' dir='ltr'>sit</span> <span class='ocrx_word' id='word_1_107' title='bbox 1793 1229 1945 1269; x_wconf 82' lang='lat' dir='ltr'>capax</span> 
     </span>
     <span class='ocr_line' id='line_1_15' title="bbox 301 1296 447 1336; baseline -0.007 0"><span class='ocrx_word' id='word_1_108' title='bbox 301 1296 447 1336; x_wconf 90' lang='lat' dir='ltr'>locus.</span> 
     </span>
    </p>

    <p class='ocr_par' dir='ltr' id='par_1_4' title="bbox 302 1359 1948 1774">
     <span class='ocr_line' id='line_1_16' title="bbox 380 1359 1944 1420; baseline -0.004 -14"><span class='ocrx_word' id='word_1_109' title='bbox 380 1367 486 1420; x_wconf 90' lang='lat' dir='ltr'>Jam</span> <span class='ocrx_word' id='word_1_110' title='bbox 507 1370 775 1406; x_wconf 86' lang='lat' dir='ltr'>exstructus</span> <span class='ocrx_word' id='word_1_111' title='bbox 796 1363 1017 1405; x_wconf 84' lang='lat' dir='ltr'>Societati</span> <span class='ocrx_word' id='word_1_112' title='bbox 1044 1363 1191 1404; x_wconf 88' lang='lat' dir='ltr'>ferme</span> <span class='ocrx_word' id='word_1_113' title='bbox 1217 1368 1287 1403; x_wconf 89' lang='lat' dir='ltr'>est</span> <span class='ocrx_word' id='word_1_114' title='bbox 1317 1363 1470 1413; x_wconf 93' lang='lat' dir='ltr'>locus,</span> <span class='ocrx_word' id='word_1_115' title='bbox 1504 1372 1642 1414; x_wconf 91' lang='lat' dir='ltr'>quem</span> <span class='ocrx_word' id='word_1_116' title='bbox 1663 1359 1715 1400; x_wconf 88' lang='lat' dir='ltr'>T.</span> <span class='ocrx_word' id='word_1_117' title='bbox 1738 1359 1788 1400; x_wconf 90' lang='lat' dir='ltr'>P.</span> <span class='ocrx_word' id='word_1_118' title='bbox 1813 1370 1944 1410; x_wconf 92' lang='lat' dir='ltr'>supe-</span> 
     </span>
     <span class='ocr_line' id='line_1_17' title="bbox 303 1432 1945 1488; baseline -0.005 -10"><span class='ocrx_word' id='word_1_119' title='bbox 303 1438 527 1488; x_wconf 88' lang='lat' dir='ltr'>rioribus,</span> <span class='ocrx_word' id='word_1_120' title='bbox 557 1437 605 1476; x_wconf 91' lang='lat' dir='ltr'>ni</span> <span class='ocrx_word' id='word_1_121' title='bbox 634 1436 792 1487; x_wconf 86' lang='lat' dir='ltr'>fallor,</span> <span class='ocrx_word' id='word_1_122' title='bbox 821 1436 1090 1487; x_wconf 89' lang='lat' dir='ltr'>incoeptum</span> <span class='ocrx_word' id='word_1_123' title='bbox 1112 1439 1361 1486; x_wconf 90' lang='lat' dir='ltr'>acceperat</span> <span class='ocrx_word' id='word_1_124' title='bbox 1385 1444 1502 1473; x_wconf 90' lang='lat' dir='ltr'>esse.</span> <span class='ocrx_word' id='word_1_125' title='bbox 1527 1432 1763 1483; x_wconf 86' lang='lat' dir='ltr'>Quantum</span> <span class='ocrx_word' id='word_1_126' title='bbox 1790 1436 1945 1470; x_wconf 90' lang='lat' dir='ltr'>autem</span> 
     </span>
     <span class='ocr_line' id='line_1_18' title="bbox 303 1502 1946 1558; baseline -0.005 -9"><span class='ocrx_word' id='word_1_127' title='bbox 303 1509 472 1549; x_wconf 86' lang='lat' dir='ltr'>civitas</span> <span class='ocrx_word' id='word_1_128' title='bbox 493 1508 685 1558; x_wconf 86' lang='lat' dir='ltr'>faverit,</span> <span class='ocrx_word' id='word_1_129' title='bbox 711 1508 1061 1558; x_wconf 86' lang='lat' dir='ltr'>eleemosynae,</span> <span class='ocrx_word' id='word_1_130' title='bbox 1087 1517 1204 1557; x_wconf 91' lang='lat' dir='ltr'>quas</span> <span class='ocrx_word' id='word_1_131' title='bbox 1221 1505 1269 1545; x_wconf 91' lang='lat' dir='ltr'>in</span> <span class='ocrx_word' id='word_1_132' title='bbox 1289 1505 1414 1545; x_wconf 90' lang='lat' dir='ltr'>hunc</span> <span class='ocrx_word' id='word_1_133' title='bbox 1444 1515 1580 1544; x_wconf 91' lang='lat' dir='ltr'>usum</span> <span class='ocrx_word' id='word_1_134' title='bbox 1609 1502 1797 1554; x_wconf 90' lang='lat' dir='ltr'>plurimi</span> <span class='ocrx_word' id='word_1_135' title='bbox 1818 1502 1946 1541; x_wconf 85' lang='lat' dir='ltr'>cives</span> 
     </span>
     <span class='ocr_line' id='line_1_19' title="bbox 302 1573 1946 1631; baseline -0.005 -11"><span class='ocrx_word' id='word_1_136' title='bbox 302 1585 583 1631; x_wconf 89' lang='lat' dir='ltr'>erogarunt‚</span> <span class='ocrx_word' id='word_1_137' title='bbox 617 1584 725 1619; x_wconf 88' lang='lat' dir='ltr'>sunt</span> <span class='ocrx_word' id='word_1_138' title='bbox 755 1583 1049 1629; x_wconf 89' lang='lat' dir='ltr'>argumento.</span> <span class='ocrx_word' id='word_1_139' title='bbox 1080 1577 1163 1618; x_wconf 91' lang='lat' dir='ltr'>Est</span> <span class='ocrx_word' id='word_1_140' title='bbox 1191 1577 1239 1617; x_wconf 90' lang='lat' dir='ltr'>in</span> <span class='ocrx_word' id='word_1_141' title='bbox 1267 1576 1442 1628; x_wconf 91' lang='lat' dir='ltr'>optimo</span> <span class='ocrx_word' id='word_1_142' title='bbox 1472 1575 1600 1615; x_wconf 89' lang='lat' dir='ltr'>urbis</span> <span class='ocrx_word' id='word_1_143' title='bbox 1630 1574 1744 1624; x_wconf 90' lang='lat' dir='ltr'>situ,</span> <span class='ocrx_word' id='word_1_144' title='bbox 1775 1573 1946 1613; x_wconf 89' lang='lat' dir='ltr'>nullus-</span> 
     </span>
     <span class='ocr_line' id='line_1_20' title="bbox 304 1643 1948 1703; baseline -0.005 -11"><span class='ocrx_word' id='word_1_145' title='bbox 304 1663 392 1703; x_wconf 92' lang='lat' dir='ltr'>que</span> <span class='ocrx_word' id='word_1_146' title='bbox 432 1651 660 1703; x_wconf 90' lang='lat' dir='ltr'>potuisset</span> <span class='ocrx_word' id='word_1_147' title='bbox 698 1649 922 1691; x_wconf 86' lang='lat' dir='ltr'>Societati</span> <span class='ocrx_word' id='word_1_148' title='bbox 962 1661 1056 1689; x_wconf 89' lang='lat' dir='ltr'>non</span> <span class='ocrx_word' id='word_1_149' title='bbox 1095 1648 1197 1688; x_wconf 89' lang='lat' dir='ltr'>dari</span> <span class='ocrx_word' id='word_1_150' title='bbox 1237 1648 1320 1688; x_wconf 91' lang='lat' dir='ltr'>sed</span> <span class='ocrx_word' id='word_1_151' title='bbox 1358 1659 1416 1688; x_wconf 91' lang='lat' dir='ltr'>ne</span> <span class='ocrx_word' id='word_1_152' title='bbox 1461 1645 1723 1697; x_wconf 80' lang='lat' dir='ltr'>excogitari</span> <span class='ocrx_word' id='word_1_153' title='bbox 1763 1643 1948 1696; x_wconf 89' lang='lat' dir='ltr'>quidem</span> 
     </span>
     <span class='ocr_line' id='line_1_21' title="bbox 303 1716 1947 1774; baseline -0.005 -11"><span class='ocrx_word' id='word_1_154' title='bbox 303 1723 471 1774; x_wconf 90' lang='lat' dir='ltr'>aptior.</span> <span class='ocrx_word' id='word_1_155' title='bbox 509 1722 559 1762; x_wconf 91' lang='lat' dir='ltr'>Id</span> <span class='ocrx_word' id='word_1_156' title='bbox 595 1722 718 1762; x_wconf 92' lang='lat' dir='ltr'>enim</span> <span class='ocrx_word' id='word_1_157' title='bbox 752 1722 948 1771; x_wconf 88' lang='lat' dir='ltr'>scimus,</span> <span class='ocrx_word' id='word_1_158' title='bbox 985 1726 1320 1773; x_wconf 88' lang='lat' dir='ltr'>praeterquam</span> <span class='ocrx_word' id='word_1_159' title='bbox 1352 1718 1478 1771; x_wconf 90' lang='lat' dir='ltr'>quod</span> <span class='ocrx_word' id='word_1_160' title='bbox 1511 1717 1633 1758; x_wconf 78' lang='lat' dir='ltr'>R.dus</span> <span class='ocrx_word' id='word_1_161' title='bbox 1660 1716 1810 1757; x_wconf 89' lang='lat' dir='ltr'>Dnus.</span> <span class='ocrx_word' id='word_1_162' title='bbox 1840 1716 1947 1756; x_wconf 85' lang='lat' dir='ltr'>Pro-</span> 
     </span>
    </p>
   </div>
   <div class='ocr_carea' id='block_1_3' title="bbox 303 1789 2008 1845">
    <p class='ocr_par' dir='ltr' id='par_1_5' title="bbox 303 1789 2008 1845">
     <span class='ocr_line' id='line_1_22' title="bbox 303 1789 2008 1845; baseline -0.005 -11"><span class='ocrx_word' id='word_1_163' title='bbox 303 1794 571 1845; x_wconf 91' lang='lat' dir='ltr'>episcopus,</span> <span class='ocrx_word' id='word_1_164' title='bbox 610 1804 749 1844; x_wconf 91' lang='lat' dir='ltr'>quem</span> <span class='ocrx_word' id='word_1_165' title='bbox 783 1804 896 1832; x_wconf 90' lang='lat' dir='ltr'>sane</span> <span class='ocrx_word' id='word_1_166' title='bbox 925 1803 1084 1832; x_wconf 89' lang='lat' dir='ltr'>rerum</span> <span class='ocrx_word' id='word_1_167' title='bbox 1117 1796 1388 1832; x_wconf 85' lang='lat' dir='ltr'>nostrarum</span> <span class='ocrx_word' id='word_1_168' title='bbox 1420 1789 1714 1839; x_wconf 88' lang='lat' dir='ltr'>continuum,</span> <span class='ocrx_word' id='word_1_169' title='bbox 1750 1798 1947 1838; x_wconf 92' lang='lat' dir='ltr'>eumque</span> <span class='ocrx_word' id='word_1_170' title='bbox 1999 1827 2008 1836; x_wconf 74' lang='grc'>,</span> 
     </span>
    </p>
   </div>
   <div class='ocr_carea' id='block_1_4' title="bbox 302 1858 1949 2981">
    <p class='ocr_par' dir='ltr' id='par_1_6' title="bbox 302 1858 1949 2332">
     <span class='ocr_line' id='line_1_23' title="bbox 302 1858 1949 1916; baseline -0.005 -11"><span class='ocrx_word' id='word_1_171' title='bbox 302 1865 533 1916; x_wconf 79' lang='lat' dir='ltr'>insignem</span> <span class='ocrx_word' id='word_1_172' title='bbox 555 1863 742 1914; x_wconf 87' lang='lat' dir='ltr'>ducem,</span> <span class='ocrx_word' id='word_1_173' title='bbox 766 1869 872 1914; x_wconf 92' lang='lat' dir='ltr'>post</span> <span class='ocrx_word' id='word_1_174' title='bbox 901 1863 1055 1903; x_wconf 91' lang='lat' dir='ltr'>Deum</span> <span class='ocrx_word' id='word_1_175' title='bbox 1084 1863 1259 1915; x_wconf 89' lang='lat' dir='ltr'>ipsum,</span> <span class='ocrx_word' id='word_1_176' title='bbox 1294 1862 1371 1901; x_wconf 90' lang='lat' dir='ltr'>hic</span> <span class='ocrx_word' id='word_1_177' title='bbox 1397 1861 1644 1910; x_wconf 89' lang='lat' dir='ltr'>habemus,</span> <span class='ocrx_word' id='word_1_178' title='bbox 1678 1859 1768 1899; x_wconf 89' lang='lat' dir='ltr'>hoc</span> <span class='ocrx_word' id='word_1_179' title='bbox 1796 1858 1949 1910; x_wconf 89' lang='lat' dir='ltr'>ipsum</span> 
     </span>
     <span class='ocr_line' id='line_1_24' title="bbox 302 1931 1947 1986; baseline -0.005 -10"><span class='ocrx_word' id='word_1_180' title='bbox 302 1941 516 1976; x_wconf 90' lang='lat' dir='ltr'>testatur.</span> <span class='ocrx_word' id='word_1_181' title='bbox 540 1935 606 1975; x_wconf 89' lang='lat' dir='ltr'>Ibi</span> <span class='ocrx_word' id='word_1_182' title='bbox 624 1934 720 1986; x_wconf 85' lang='lat' dir='ltr'>jam</span> <span class='ocrx_word' id='word_1_183' title='bbox 744 1934 961 1986; x_wconf 90' lang='lat' dir='ltr'>discipuli</span> <span class='ocrx_word' id='word_1_184' title='bbox 987 1947 1014 1974; x_wconf 91' lang='lat' dir='ltr'>a</span> <span class='ocrx_word' id='word_1_185' title='bbox 1041 1933 1265 1974; x_wconf 86' lang='lat' dir='ltr'>fratribus</span> <span class='ocrx_word' id='word_1_186' title='bbox 1294 1933 1543 1982; x_wconf 88' lang='lat' dir='ltr'>docentur,</span> <span class='ocrx_word' id='word_1_187' title='bbox 1574 1931 1782 1982; x_wconf 88' lang='lat' dir='ltr'>fiuntque</span> <span class='ocrx_word' id='word_1_188' title='bbox 1810 1940 1947 1969; x_wconf 87' lang='lat' dir='ltr'>sacra</span> 
     </span>
     <span class='ocr_line' id='line_1_25' title="bbox 302 2002 1944 2058; baseline -0.005 -11"><span class='ocrx_word' id='word_1_189' title='bbox 302 2007 349 2047; x_wconf 91' lang='lat' dir='ltr'>in</span> <span class='ocrx_word' id='word_1_190' title='bbox 389 2007 560 2058; x_wconf 90' lang='lat' dir='ltr'>templo</span> <span class='ocrx_word' id='word_1_191' title='bbox 600 2006 772 2046; x_wconf 90' lang='lat' dir='ltr'>ibidem</span> <span class='ocrx_word' id='word_1_192' title='bbox 810 2006 1073 2057; x_wconf 89' lang='lat' dir='ltr'>plusculum</span> <span class='ocrx_word' id='word_1_193' title='bbox 1107 2011 1331 2055; x_wconf 90' lang='lat' dir='ltr'>angusto,</span> <span class='ocrx_word' id='word_1_194' title='bbox 1372 2003 1454 2043; x_wconf 91' lang='lat' dir='ltr'>sed</span> <span class='ocrx_word' id='word_1_195' title='bbox 1489 2002 1683 2043; x_wconf 86' lang='lat' dir='ltr'>maioris</span> <span class='ocrx_word' id='word_1_196' title='bbox 1718 2012 1825 2052; x_wconf 93' lang='lat' dir='ltr'>spes</span> <span class='ocrx_word' id='word_1_197' title='bbox 1860 2007 1944 2049; x_wconf 88' lang='lat' dir='ltr'>est,</span> 
     </span>
     <span class='ocr_line' id='line_1_26' title="bbox 303 2071 1946 2130; baseline -0.005 -12"><span class='ocrx_word' id='word_1_198' title='bbox 303 2078 567 2130; x_wconf 87' lang='lat' dir='ltr'>habentque</span> <span class='ocrx_word' id='word_1_199' title='bbox 588 2077 752 2117; x_wconf 86' lang='lat' dir='ltr'>Patres</span> <span class='ocrx_word' id='word_1_200' title='bbox 776 2076 950 2116; x_wconf 91' lang='lat' dir='ltr'>ibidem</span> <span class='ocrx_word' id='word_1_201' title='bbox 969 2076 1196 2116; x_wconf 91' lang='lat' dir='ltr'>lectiones</span> <span class='ocrx_word' id='word_1_202' title='bbox 1217 2081 1261 2115; x_wconf 92' lang='lat' dir='ltr'>et</span> <span class='ocrx_word' id='word_1_203' title='bbox 1284 2074 1550 2115; x_wconf 89' lang='lat' dir='ltr'>conciones.</span> <span class='ocrx_word' id='word_1_204' title='bbox 1582 2071 1679 2113; x_wconf 91' lang='lat' dir='ltr'>Nec</span> <span class='ocrx_word' id='word_1_205' title='bbox 1700 2072 1946 2123; x_wconf 88' lang='lat' dir='ltr'>ignoratur</span> 
     </span>
     <span class='ocr_line' id='line_1_27' title="bbox 305 2142 1945 2200; baseline -0.005 -10"><span class='ocrx_word' id='word_1_206' title='bbox 305 2155 507 2200; x_wconf 90' lang='lat' dir='ltr'>quantae</span> <span class='ocrx_word' id='word_1_207' title='bbox 528 2148 743 2189; x_wconf 85' lang='lat' dir='ltr'>utilitatis</span> <span class='ocrx_word' id='word_1_208' title='bbox 764 2148 853 2188; x_wconf 91' lang='lat' dir='ltr'>hoc</span> <span class='ocrx_word' id='word_1_209' title='bbox 884 2148 943 2188; x_wconf 92' lang='lat' dir='ltr'>sit</span> <span class='ocrx_word' id='word_1_210' title='bbox 971 2147 1152 2187; x_wconf 82' lang='lat' dir='ltr'>civitati</span> <span class='ocrx_word' id='word_1_211' title='bbox 1178 2146 1401 2187; x_wconf 85' lang='lat' dir='ltr'>futurum.</span> <span class='ocrx_word' id='word_1_212' title='bbox 1433 2145 1575 2185; x_wconf 90' lang='lat' dir='ltr'>Hisce</span> <span class='ocrx_word' id='word_1_213' title='bbox 1607 2143 1768 2183; x_wconf 90' lang='lat' dir='ltr'>dicbus</span> <span class='ocrx_word' id='word_1_214' title='bbox 1800 2142 1945 2183; x_wconf 89' lang='lat' dir='ltr'>adfuit</span> 
     </span>
     <span class='ocr_line' id='line_1_28' title="bbox 302 2214 1945 2272; baseline -0.005 -11"><span class='ocrx_word' id='word_1_215' title='bbox 302 2220 683 2272; x_wconf 84' lang='lat' dir='ltr'>frequentissima</span> <span class='ocrx_word' id='word_1_216' title='bbox 722 2219 872 2259; x_wconf 89' lang='lat' dir='ltr'>turba.</span> <span class='ocrx_word' id='word_1_217' title='bbox 914 2218 1061 2259; x_wconf 92' lang='lat' dir='ltr'>Nemo</span> <span class='ocrx_word' id='word_1_218' title='bbox 1100 2230 1194 2258; x_wconf 90' lang='lat' dir='ltr'>non</span> <span class='ocrx_word' id='word_1_219' title='bbox 1227 2217 1446 2269; x_wconf 85' lang='lat' dir='ltr'>probavit</span> <span class='ocrx_word' id='word_1_220' title='bbox 1472 2215 1734 2256; x_wconf 89' lang='lat' dir='ltr'>institutum</span> <span class='ocrx_word' id='word_1_221' title='bbox 1763 2214 1945 2265; x_wconf 92' lang='lat' dir='ltr'>locique</span> 
     </span>
     <span class='ocr_line' id='line_1_29' title="bbox 305 2298 606 2332; baseline -0.003 0"><span class='ocrx_word' id='word_1_222' title='bbox 305 2298 606 2332; x_wconf 86' lang='lat' dir='ltr'>structuram.</span> 
     </span>
    </p>

    <p class='ocr_par' dir='ltr' id='par_1_7' title="bbox 308 2356 1949 2981">
     <span class='ocr_line' id='line_1_30' title="bbox 385 2356 1943 2414; baseline -0.004 -11"><span class='ocrx_word' id='word_1_223' title='bbox 385 2363 530 2404; x_wconf 89' lang='lat' dir='ltr'>Multo</span> <span class='ocrx_word' id='word_1_224' title='bbox 559 2362 884 2414; x_wconf 88' lang='lat' dir='ltr'>occupatiores</span> <span class='ocrx_word' id='word_1_225' title='bbox 911 2360 1100 2401; x_wconf 85' lang='lat' dir='ltr'>fuerunt</span> <span class='ocrx_word' id='word_1_226' title='bbox 1129 2359 1294 2400; x_wconf 86' lang='lat' dir='ltr'>Patres</span> <span class='ocrx_word' id='word_1_227' title='bbox 1321 2359 1378 2399; x_wconf 92' lang='lat' dir='ltr'>ob</span> <span class='ocrx_word' id='word_1_228' title='bbox 1405 2358 1682 2410; x_wconf 87' lang='lat' dir='ltr'>jubilaeum,</span> <span class='ocrx_word' id='word_1_229' title='bbox 1718 2363 1767 2397; x_wconf 92' lang='lat' dir='ltr'>ut</span> <span class='ocrx_word' id='word_1_230' title='bbox 1798 2356 1943 2408; x_wconf 81' lang='lat' dir='ltr'>ajunt,</span> 
     </span>
     <span class='ocr_line' id='line_1_31' title="bbox 308 2428 1946 2484; baseline -0.004 -10"><span class='ocrx_word' id='word_1_231' title='bbox 308 2437 355 2475; x_wconf 91' lang='lat' dir='ltr'>in</span> <span class='ocrx_word' id='word_1_232' title='bbox 381 2434 604 2474; x_wconf 86' lang='lat' dir='ltr'>basilicae</span> <span class='ocrx_word' id='word_1_233' title='bbox 630 2432 860 2484; x_wconf 87' lang='lat' dir='ltr'>Principis</span> <span class='ocrx_word' id='word_1_234' title='bbox 890 2431 1228 2483; x_wconf 90' lang='lat' dir='ltr'>Apostolorum</span> <span class='ocrx_word' id='word_1_235' title='bbox 1253 2431 1423 2470; x_wconf 90' lang='lat' dir='ltr'>molem</span> <span class='ocrx_word' id='word_1_236' title='bbox 1454 2428 1817 2481; x_wconf 86' lang='lat' dir='ltr'>persolvendam</span> <span class='ocrx_word' id='word_1_237' title='bbox 1842 2439 1946 2467; x_wconf 90' lang='lat' dir='ltr'>con-</span> 
     </span>
     <span class='ocr_line' id='line_1_32' title="bbox 308 2501 1947 2553; baseline -0.005 -7"><span class='ocrx_word' id='word_1_238' title='bbox 308 2517 507 2546; x_wconf 89' lang='lat' dir='ltr'>cessum.</span> <span class='ocrx_word' id='word_1_239' title='bbox 530 2503 650 2544; x_wconf 91' lang='lat' dir='ltr'>Nam</span> <span class='ocrx_word' id='word_1_240' title='bbox 672 2515 779 2543; x_wconf 91' lang='lat' dir='ltr'>cum</span> <span class='ocrx_word' id='word_1_241' title='bbox 799 2502 921 2543; x_wconf 82' lang='lat' dir='ltr'>R.dus</span> <span class='ocrx_word' id='word_1_242' title='bbox 948 2502 1098 2542; x_wconf 92' lang='lat' dir='ltr'>Dnus.</span> <span class='ocrx_word' id='word_1_243' title='bbox 1130 2501 1495 2553; x_wconf 88' lang='lat' dir='ltr'>Proepiscopus,</span> <span class='ocrx_word' id='word_1_244' title='bbox 1529 2511 1673 2552; x_wconf 88' lang='lat' dir='ltr'>penes</span> <span class='ocrx_word' id='word_1_245' title='bbox 1705 2510 1842 2551; x_wconf 91' lang='lat' dir='ltr'>quem</span> <span class='ocrx_word' id='word_1_246' title='bbox 1871 2509 1947 2538; x_wconf 92' lang='lat' dir='ltr'>res</span> 
     </span>
     <span class='ocr_line' id='line_1_33' title="bbox 308 2570 1946 2626; baseline -0.004 -10"><span class='ocrx_word' id='word_1_247' title='bbox 308 2582 430 2626; x_wconf 90' lang='lat' dir='ltr'>erat,</span> <span class='ocrx_word' id='word_1_248' title='bbox 454 2576 679 2626; x_wconf 89' lang='lat' dir='ltr'>templum</span> <span class='ocrx_word' id='word_1_249' title='bbox 698 2579 913 2614; x_wconf 89' lang='lat' dir='ltr'>nostrum</span> <span class='ocrx_word' id='word_1_250' title='bbox 935 2573 994 2613; x_wconf 91' lang='lat' dir='ltr'>ad</span> <span class='ocrx_word' id='word_1_251' title='bbox 1022 2573 1112 2613; x_wconf 92' lang='lat' dir='ltr'>hoc</span> <span class='ocrx_word' id='word_1_252' title='bbox 1142 2572 1416 2623; x_wconf 88' lang='lat' dir='ltr'>delegisset,</span> <span class='ocrx_word' id='word_1_253' title='bbox 1452 2570 1758 2611; x_wconf 87' lang='lat' dir='ltr'>confessionis</span> <span class='ocrx_word' id='word_1_254' title='bbox 1790 2581 1946 2610; x_wconf 88' lang='lat' dir='ltr'>sacra-</span> 
     </span>
     <span class='ocr_line' id='line_1_34' title="bbox 308 2641 1948 2696; baseline -0.004 -9"><span class='ocrx_word' id='word_1_255' title='bbox 308 2653 517 2688; x_wconf 89' lang='lat' dir='ltr'>mentum</span> <span class='ocrx_word' id='word_1_256' title='bbox 537 2645 745 2696; x_wconf 89' lang='lat' dir='ltr'>assidue,</span> <span class='ocrx_word' id='word_1_257' title='bbox 771 2644 1085 2685; x_wconf 89' lang='lat' dir='ltr'>eucharistiae</span> <span class='ocrx_word' id='word_1_258' title='bbox 1105 2643 1375 2695; x_wconf 82' lang='lat' dir='ltr'>frequenter</span> <span class='ocrx_word' id='word_1_259' title='bbox 1402 2642 1756 2692; x_wconf 73' lang='lat' dir='ltr'>ministrabant,</span> <span class='ocrx_word' id='word_1_260' title='bbox 1790 2641 1948 2692; x_wconf 87' lang='lat' dir='ltr'>sicque</span> 
     </span>
     <span class='ocr_line' id='line_1_35' title="bbox 309 2714 1948 2766; baseline -0.005 -7"><span class='ocrx_word' id='word_1_261' title='bbox 309 2718 457 2759; x_wconf 91' lang='lat' dir='ltr'>Dnus.</span> <span class='ocrx_word' id='word_1_262' title='bbox 495 2717 623 2757; x_wconf 92' lang='lat' dir='ltr'>Deus</span> <span class='ocrx_word' id='word_1_263' title='bbox 651 2717 806 2757; x_wconf 88' lang='lat' dir='ltr'>omnia</span> <span class='ocrx_word' id='word_1_264' title='bbox 833 2716 880 2756; x_wconf 90' lang='lat' dir='ltr'>in</span> <span class='ocrx_word' id='word_1_265' title='bbox 907 2715 978 2755; x_wconf 90' lang='lat' dir='ltr'>sui</span> <span class='ocrx_word' id='word_1_266' title='bbox 1006 2715 1208 2755; x_wconf 91' lang='lat' dir='ltr'>nominis</span> <span class='ocrx_word' id='word_1_267' title='bbox 1229 2715 1429 2766; x_wconf 88' lang='lat' dir='ltr'>gloriam</span> <span class='ocrx_word' id='word_1_268' title='bbox 1452 2714 1613 2764; x_wconf 85' lang='lat' dir='ltr'>vertit,</span> <span class='ocrx_word' id='word_1_269' title='bbox 1651 2719 1700 2753; x_wconf 92' lang='lat' dir='ltr'>ut</span> <span class='ocrx_word' id='word_1_270' title='bbox 1735 2718 1948 2752; x_wconf 84' lang='lat' dir='ltr'>asserant</span> 
     </span>
     <span class='ocr_line' id='line_1_36' title="bbox 310 2785 1948 2840; baseline -0.004 -11"><span class='ocrx_word' id='word_1_271' title='bbox 310 2789 442 2829; x_wconf 88' lang='lat' dir='ltr'>multi</span> <span class='ocrx_word' id='word_1_272' title='bbox 463 2800 512 2828; x_wconf 91' lang='lat' dir='ltr'>se</span> <span class='ocrx_word' id='word_1_273' title='bbox 533 2799 789 2840; x_wconf 88' lang='lat' dir='ltr'>numquam</span> <span class='ocrx_word' id='word_1_274' title='bbox 816 2792 983 2827; x_wconf 86' lang='lat' dir='ltr'>nactos</span> <span class='ocrx_word' id='word_1_275' title='bbox 1012 2797 1135 2837; x_wconf 89' lang='lat' dir='ltr'>esse,</span> <span class='ocrx_word' id='word_1_276' title='bbox 1167 2786 1246 2837; x_wconf 92' lang='lat' dir='ltr'>qui</span> <span class='ocrx_word' id='word_1_277' title='bbox 1273 2786 1509 2826; x_wconf 91' lang='lat' dir='ltr'>hominem</span> <span class='ocrx_word' id='word_1_278' title='bbox 1538 2785 1604 2825; x_wconf 91' lang='lat' dir='ltr'>ita</span> <span class='ocrx_word' id='word_1_279' title='bbox 1632 2790 1784 2824; x_wconf 89' lang='lat' dir='ltr'>totum</span> <span class='ocrx_word' id='word_1_280' title='bbox 1813 2795 1948 2834; x_wconf 90' lang='lat' dir='ltr'>pene-</span> 
     </span>
     <span class='ocr_line' id='line_1_37' title="bbox 309 2856 1947 2910; baseline -0.004 -10"><span class='ocrx_word' id='word_1_281' title='bbox 309 2865 509 2900; x_wconf 87' lang='lat' dir='ltr'>trarent:</span> <span class='ocrx_word' id='word_1_282' title='bbox 534 2866 794 2910; x_wconf 88' lang='lat' dir='ltr'>rogentque</span> <span class='ocrx_word' id='word_1_283' title='bbox 815 2869 927 2898; x_wconf 88' lang='lat' dir='ltr'>num</span> <span class='ocrx_word' id='word_1_284' title='bbox 948 2856 1100 2897; x_wconf 86' lang='lat' dir='ltr'>aditus</span> <span class='ocrx_word' id='word_1_285' title='bbox 1122 2857 1288 2908; x_wconf 86' lang='lat' dir='ltr'>quovis</span> <span class='ocrx_word' id='word_1_286' title='bbox 1319 2862 1548 2908; x_wconf 89' lang='lat' dir='ltr'>tempore,</span> <span class='ocrx_word' id='word_1_287' title='bbox 1583 2866 1693 2895; x_wconf 86' lang='lat' dir='ltr'>nam</span> <span class='ocrx_word' id='word_1_288' title='bbox 1720 2856 1851 2894; x_wconf 90' lang='lat' dir='ltr'>locus</span> <span class='ocrx_word' id='word_1_289' title='bbox 1879 2860 1947 2893; x_wconf 90' lang='lat' dir='ltr'>est</span> 
     </span>
     <span class='ocr_line' id='line_1_38' title="bbox 310 2924 1949 2981; baseline -0.004 -11"><span class='ocrx_word' id='word_1_290' title='bbox 310 2931 498 2979; x_wconf 87' lang='lat' dir='ltr'>editior,</span> <span class='ocrx_word' id='word_1_291' title='bbox 523 2930 795 2970; x_wconf 85' lang='lat' dir='ltr'>mulieribus</span> <span class='ocrx_word' id='word_1_292' title='bbox 816 2934 990 2981; x_wconf 90' lang='lat' dir='ltr'>pateat.</span> <span class='ocrx_word' id='word_1_293' title='bbox 1013 2928 1072 2968; x_wconf 90' lang='lat' dir='ltr'>Et</span> <span class='ocrx_word' id='word_1_294' title='bbox 1092 2928 1279 2968; x_wconf 88' lang='lat' dir='ltr'>tametsi</span> <span class='ocrx_word' id='word_1_295' title='bbox 1299 2928 1368 2968; x_wconf 92' lang='lat' dir='ltr'>rei</span> <span class='ocrx_word' id='word_1_296' title='bbox 1396 2927 1582 2968; x_wconf 88' lang='lat' dir='ltr'>novitas</span> <span class='ocrx_word' id='word_1_297' title='bbox 1613 2924 1786 2977; x_wconf 89' lang='lat' dir='ltr'>aliquid</span> <span class='ocrx_word' id='word_1_298' title='bbox 1807 2924 1949 2965; x_wconf 89' lang='lat' dir='ltr'>admi-</span> 
     </span>
    </p>
   </div>
   <div class='ocr_carea' id='block_1_5' title="bbox 369 3088 754 3116">
    <p class='ocr_par' dir='ltr' id='par_1_8' title="bbox 369 3088 754 3116">
     <span class='ocr_line' id='line_1_39' title="bbox 369 3088 754 3116; baseline 0.003 -1"><span class='ocrx_word' id='word_1_299' title='bbox 369 3088 382 3107; x_wconf 72' lang='lat'>‘2</span> <span class='ocrx_word' id='word_1_300' title='bbox 420 3089 472 3115; x_wconf 87' lang='lat' dir='ltr'>Ad</span> <span class='ocrx_word' id='word_1_301' title='bbox 490 3090 569 3116; x_wconf 87' lang='lat' dir='ltr'>solis</span> <span class='ocrx_word' id='word_1_302' title='bbox 585 3096 754 3116; x_wconf 80' lang='lat' dir='ltr'>occasum.</span> 
     </span>
    </p>
   </div>
  </div>
 </body>
</html>
