2168 3437
913 238 992 274 AN.
1026 238 1117 274 1553
1759 236 1822 273 121

186 347 276 387 que
296 346 455 386 vayan
477 337 503 374 a
523 334 689 374 residir
711 335 788 374 alli
814 334 990 374 Padres
1019 334 1074 374 de
1102 335 1147 373 la
1178 333 1458 384 Compafiia3
1489 346 1520 384 y
1546 345 1634 373 con
1661 335 1705 373 10
1736 346 1826 385 que

188 412 315 446 otros
336 417 384 445 se
405 405 607 445 offrecen
628 408 655 445 a
677 405 761 445 dar
791 418 822 456 y
855 416 943 445 eon
970 410 1068 444 esto
1101 407 1218 444 avra
1250 405 1306 444 de
1335 410 1551 456 presente
1580 415 1695 456 para
1723 408 1827 444 mas

188 477 244 516 de
265 476 358 516 seis
378 475 650 515 hermanos:
674 487 735 515 no
758 486 806 515 se
828 487 854 514 a
875 475 1046 526 podido
1071 474 1326 525 respondes
1351 486 1437 526 por
1459 475 1502 514 la
1524 474 1637 514 salta
1656 487 1742 526 que
1764 487 1826 527 ay

189 547 244 586 de
274 547 343 586 los
365 545 612 597 subjectos.
636 545 863 585 Tambien
884 546 993 596 aqui
1022 557 1082 596 ay
1104 546 1299 586 muehos
1327 559 1357 597 y
1377 545 1554 586 buenos
1585 557 1672 597 que
1694 557 1826 597 quer-

189 619 291 657 rian
324 628 401 656 ser
431 616 681 657 admitidos
709 619 736 656 a
764 617 807 655 la
837 615 1119 667 Compafiia,
1156 629 1186 666 y
1221 627 1306 667 por
1336 617 1380 656 la
1406 616 1518 656 salta
1548 628 1636 668 que
1663 628 1725 667 ay
1752 616 1826 656 del

188 689 325 738 lugar
344 699 404 727 no
425 687 468 727 lo
489 698 590 728 son.
614 687 669 727 El
690 685 853 737 Sefior,
877 698 966 738 que
987 698 1036 726 es
1059 686 1283 726 Provisor
1304 688 1558 738 universal,
1583 688 1626 727 10
1648 699 1827 738 provea

187 759 297 798 todo
320 769 453 798 como
475 761 577 798 mas
599 757 826 798 conviene
847 768 963 808 para
985 768 1040 797 su
1061 743 1213 796 maior
1234 758 1399 807 gloria.
1424 758 1591 798 Amen.

267 829 337 869 De
359 828 639 869 Salamanca
661 831 689 868 a
709 827 734 867 6
755 828 811 868 de
833 828 1020 868 Henero
1045 827 1162 867 1553.

267 899 462 951 Indigno
484 897 579 950 hijo
601 899 656 939 de
677 899 736 939 V.
763 898 837 948 P.,

1358 1025 1385 1071 †
1410 1023 1557 1062 HRRZ.
1588 1025 1614 1070 †

270 1216 779 1304 Superscrzptz·0:1ffi5.
814 1253 871 1293 Al
892 1265 1004 1305 muy
1034 1254 1134 1294 R.d0
1156 1267 1212 1294 en
1240 1255 1322 1294 X.0
1353 1261 1419 1306 pfl
1442 1256 1483 1294 el
1510 1263 1576 1306 pfl
1598 1256 1658 1297 M.
1691 1256 1825 1307 Igna-

196 1324 275 1374 tio,
297 1324 533 1375 preposito
554 1326 747 1375 general
768 1324 823 1364 de
844 1324 887 1364 la
911 1327 1088 1376 comp.a
1108 1326 1163 1365 de
1185 1326 1274 1366 ihs.

271 1406 328 1434 en
347 1394 512 1435 Roma.

267 1465 331 1505 Et
351 1464 448 1506 alia
463 1477 623 1506 mame.
651 1465 765 1505 1553.
783 1465 1078 1515 Salamanca,
1103 1467 1176 1507 del
1196 1468 1268 1507 ΡΘ
1292 1469 1455 1519 Herrz,
1479 1469 1504 1508 6
1521 1469 1576 1509 de
1593 1469 1825 1509 Gennaio.

278 1536 541 1587 Vestigium
562 1536 724 1587 sigilli
738 1538 788 1576 in
810 1548 915 1577 cem
937 1538 1098 1577 rubra.

373 1909 655 1936 Praecedentium
670 1911 865 1937 litterarum
882 1911 1136 1938 Bartholomaei
1149 1911 1352 1939 Hernandez
1367 1912 1475 1939 latina
1490 1913 1603 1939 versio
1621 1913 1641 1939 ¹.

958 2090 1055 2166 11515

270 2315 435 2356 Gratia
457 2322 502 2357 et
522 2329 616 2369 pax
635 2317 710 2358 X.i
736 2319 797 2359 sit
816 2320 1074 2360 nobiscum.

270 2386 563 2439 Quamquam
582 2401 665 2440 per
686 2390 880 2441 litteras,
905 2403 1022 2442 quas
1052 2392 1111 2432 ad
1137 2398 1181 2432 te
1211 2393 1407 2443 singulis
1437 2392 1674 2432 mensibus
1700 2392 1823 2443 dedi,

191 2458 438 2498 certiorem
457 2458 648 2499 fecerim
677 2460 733 2500 de
755 2461 843 2512 his,
868 2473 987 2513 quae
1010 2462 1238 2503 hactenus
1271 2463 1396 2515 apud
1421 2475 1507 2503 nos
1534 2467 1668 2513 gesta
1699 2469 1823 2513 sunt,

190 2528 383 2569 reddam
403 2535 560 2570 tamen
580 2530 628 2570 in
648 2531 737 2571 hac
758 2532 840 2572 tibi
862 2532 1103 2583 sigillatim
1124 2534 1353 2574 rationem
1374 2539 1418 2573 et
1437 2533 1636 2573 fratrum
1664 2538 1708 2573 et
1733 2540 1825 2573 stu-

190 2599 371 2640 diorum
392 2600 531 2640 huius
551 2601 730 2642 domus.

245 2761 254 2780 ¹
293 2761 331 2788 In
346 2762 462 2788 eodem
477 2762 554 2795 vol.,
575 2762 699 2796 duplici
723 2762 812 2797 folio,
834 2770 865 2790 n.
887 2763 950 2790 441.
975 2764 1205 2799 Autographa
1222 2768 1296 2792 tota
1315 2768 1367 2792 est
1389 2772 1489 2792 manu
1511 2765 1625 2793 Patris
1647 2765 1828 2794 Bartholo-

189 2808 277 2835 maei
292 2808 512 2843 Hernandez;
529 2810 586 2836 sed
603 2816 678 2836 eam
692 2809 728 2836 Ρ.
744 2809 912 2838 Polancus
927 2811 1133 2846 emendavit,
1150 2820 1214 2846 quo
1226 2812 1274 2839 sie
1290 2812 1469 2840 emendata
1486 2813 1738 2841 exscriberetur
1753 2821 1773 2841 a
1788 2814 1828 2842 li-

191 2856 317 2883 brariis
333 2860 366 2883 et
382 2857 415 2884 in
431 2856 615 2884 Societatis
631 2857 746 2884 domos
761 2857 966 2886 mitteretur.
980 2858 1055 2891 Jam
1069 2867 1152 2886 vero
1175 2860 1254 2894 quia
1276 2860 1529 2888 emendationes
1547 2861 1738 2895 hujusmodi
1753 2868 1826 2888 sen-

190 2910 262 2930 sum
275 2903 418 2931 reddunt
430 2904 629 2938 quandoque
641 2904 793 2932 nonnihil
805 2905 978 2933 diversum
990 2907 1033 2933 ab
1045 2914 1083 2934 eo
1097 2914 1195 2940 quem
1207 2907 1351 2934 intendit
1363 2908 1545 2941 primarius
1557 2913 1688 2942 auctor,
1700 2916 1826 2943 operae

191 2951 338 2984 pretium
352 2951 464 2978 visum
479 2955 530 2978 est
547 2952 686 2986 duplex„
701 2956 737 2979 ut
754 2952 841 2980 alias
853 2953 925 2987 jam
939 2954 1097 2988 fecimus,
1114 2955 1237 2981 harum
1251 2954 1446 2982 litterarum
1461 2957 1652 2990 exemplum
1668 2957 1828 2984 transcri-

190 2999 280 3032 bere,
295 2998 404 3032 primo
421 2999 551 3026 scilicet
568 2999 654 3033 quod
669 2999 806 3033 scripsit
821 2999 1034 3035 Hernandez,
1051 3002 1170 3028 deinde
1186 3001 1275 3028 idem
1291 3002 1350 3029 sed
1368 3007 1468 3037 prout
1484 3011 1501 3030 e
1516 3004 1670 3031 manibus
1687 3003 1827 3031 Polanci

191 3045 396 3080 castigantis
411 3047 534 3074 evasit.
