2168 3437
920 291 1003 328 AN.
1035 290 1126 328 1553
1766 290 1838 328 425

204 388 525 429 confessiones
562 394 862 440 expetantur:
899 389 1028 428 hisce
1063 387 1226 427 diebus
1263 398 1347 438 per
1386 397 1547 426 eorum
1586 385 1834 438 quemdam

202 460 379 499 factum
426 471 528 499 esse
579 460 856 499 miraculum
900 459 1214 510 praedicatur.
1259 458 1399 498 Faxit
1444 457 1834 498 clementissimus

202 531 250 571 Ρ.
276 530 404 570 Deus
424 536 474 570 ut
496 531 613 570 haec
641 531 796 582 opinio
827 529 886 569 ad
912 530 1138 570 maiorem
1173 541 1228 569 ac
1259 529 1522 569 uberiorem
1553 534 1834 580 proventum

203 600 466 641 animarum
485 601 532 641 in
553 601 650 641 dies
671 601 867 641 accedat
891 600 916 651 ¹,
940 606 984 640 et
1007 600 1053 640 id
1082 599 1161 640 fiat
1196 600 1244 639 in
1274 600 1516 640 affectibus
1548 599 1827 649 animorum,

202 671 326 723 quod
360 683 601 724 speramus
630 671 719 711 Dei
745 682 846 722 gra.
883 671 1111 718 futurum,
1148 671 1227 721 qui
1256 677 1326 710 est
1357 671 1400 710 in
1432 672 1619 710 saecula
1650 681 1834 721 semper

201 742 447 793 gloriosus.
478 741 607 792 Quae
628 747 676 781 ut
697 753 782 792 pro
806 741 941 782 nobis
968 746 1068 781 oret
1096 740 1150 781 R.
1184 740 1232 781 P.
1267 740 1343 791 T.‚
1377 741 1451 781 cui
1479 741 1681 781 maxime
1712 752 1834 781 com-

200 812 445 852 mendatos
482 823 596 852 6556
624 812 860 862 volumus,
900 823 959 851 ex
997 811 1152 851 animo
1192 812 1525 863 supplicamus.
1569 811 1672 852 Non
1712 811 1834 851 enim

199 883 354 935 ignari
374 895 533 923 sumus
554 894 693 934 egere
714 894 800 922 nos
820 872 1070 934 plurimum
1097 882 1275 922 sanctis
1302 883 1392 922 tuis
1420 883 1637 934 precibus
1659 882 1830 922 sacrifi·

197 954 374 1006 ciisque
414 954 709 1006 omniumque
747 965 931 1003 eorum,
968 953 1046 1004 qui
1080 953 1217 993 isthic
1255 959 1381 1004 sunt,
1413 953 1606 993 Patrum
1648 965 1704 993 ac
1744 953 1834 993 fra—

199 1032 336 1066 trum.
363 1024 453 1065 Sed
474 1032 517 1065 et
536 1025 649 1076 ipse,
672 1036 766 1065 non
785 1024 962 1064 inscius
982 1029 1093 1075 quot
1109 1023 1195 1063 sim
1212 1023 1338 1063 vitiis
1355 1030 1399 1063 et
1416 1024 1737 1075 iniquitatibus
1759 1025 1835 1064 ob-

197 1096 387 1146 noxius,
410 1108 464 1136 eo
487 1095 725 1136 ardentius
746 1095 837 1135 tuis
859 1107 931 1135 me
950 1094 1300 1146 precationibus
1324 1095 1614 1145 commendo,
1640 1094 1687 1135 P.
1716 1095 1830 1147 opti-

198 1178 293 1218 me,
317 1178 407 1218 quo
436 1167 571 1218 plura
599 1167 690 1207 sint
717 1178 858 1218 quam
885 1172 934 1206 ut
961 1166 1212 1216 recenseri,
1244 1172 1288 1205 et
1321 1166 1549 1216 graviora
1580 1177 1720 1217 quam
1755 1166 1832 1205 hic

198 1238 424 1289 explicari
445 1243 632 1289 queant.
656 1237 848 1278 Utinam
867 1236 1014 1277 Dnus.
1038 1237 1102 1276 ita
1124 1237 1170 1276 in
1192 1236 1359 1276 animis
1386 1236 1560 1276 nostris
1591 1242 1827 1288 operetur,

197 1314 247 1348 ut
275 1319 409 1348 suam
443 1320 627 1360 semper
660 1308 949 1348 voluntatem
983 1307 1239 1348 sentiamus
1274 1319 1470 1359 eamque
1505 1307 1571 1347 sic
1609 1307 1655 1346 in
1691 1308 1832 1347 terris

201 1379 542 1429 compleamus,
566 1379 686 1419 sicut
707 1379 754 1418 in
770 1378 913 1419 coelis
934 1378 1105 1429 iugiter
1127 1379 1401 1430 completur.

278 1450 553 1500 Panhormi,
584 1461 708 1490 nono
730 1449 828 1490 Cal.
850 1449 1082 1500 Octobris,
1111 1456 1216 1501 post
1247 1449 1485 1490 Christum
1515 1456 1676 1489 natum
1710 1461 1833 1489 anno

207 1520 321 1561 1553.

275 1591 325 1632 P.
348 1591 400 1632 T.
424 1590 779 1642 indignissimus
799 1591 922 1632 filius
942 1597 987 1631 et
1010 1603 1176 1631 servus
1198 1591 1245 1631 in
1266 1591 1469 1642 Christo,

1071 1733 1294 1775 ANGELUS
1324 1734 1615 1774 PULLICINUS.

276 1949 349 1989 Ex
369 1947 698 1988 commissione
718 1947 769 1988 P.
791 1948 879 1988 nri.
904 1947 962 1988 D.
985 1947 1117 1988 Pauli
1138 1947 1351 1988 Achillis.

275 2020 373 2060 Iam
406 2031 524 2071 pene
559 2018 746 2070 fugerat
780 2018 840 2059 V.
877 2019 927 2059 P.
965 2019 1091 2071 quod
1124 2019 1329 2059 maxime
1360 2019 1481 2059 scire
1516 2025 1560 2058 te
1596 2018 1827 2068 volebam,

195 2102 361 2142 nempe
388 2101 634 2130 numerum
659 2089 709 2130 P.
737 2095 877 2142 atque
904 2090 1104 2130 fratrum
1138 2090 1214 2130 hic
1237 2090 1520 2141 degentium.
1559 2089 1675 2130 Cum
1707 2089 1830 2129 enim

196 2162 318 2202 bona
341 2173 502 2201 eorum
527 2172 660 2212 pars,
685 2161 764 2213 qui
789 2161 865 2201 hic
892 2160 1020 2201 hisce
1050 2160 1212 2201 diebus
1242 2161 1538 2210 morabatur,
1569 2160 1712 2200 missa
1738 2159 1833 2200 fue-

196 2232 256 2272 rit
275 2232 664 2283 Montemregium
692 2238 831 2284 atque
857 2231 1147 2282 Messanam,
1175 2243 1286 2284 pars
1314 2232 1456 2272 etiam
1491 2231 1555 2281 (ut
1586 2231 1702 2271 duos
1730 2231 1834 2271 illos

195 2303 271 2343 hic
292 2302 524 2352 omittam,
548 2303 627 2354 qui
647 2303 695 2343 in
716 2303 898 2343 coelum
919 2303 1166 2343 evolarunt
1182 2302 1211 2353 2)
1229 2308 1309 2343 tuo
1332 2303 1389 2343 sit
1409 2303 1538 2342 iussu
1558 2302 1710 2342 isthuc
1726 2313 1829 2353 pro-

195 2374 337 2423 fecta,
362 2373 578 2414 effectum
599 2379 668 2414 est
687 2380 738 2414 ut
758 2385 1111 2425 superessemus
1132 2374 1291 2426 pauci:
1316 2385 1478 2413 omnes
1515 2373 1637 2413 enim
1670 2384 1832 2413 sumus

194 2456 290 2485 non
310 2445 468 2496 plures
491 2456 630 2497 quam
649 2456 733 2485 sex
754 2450 798 2485 et
819 2445 1002 2496 viginti.
1025 2444 1227 2486 Proinde
1258 2445 1423 2485 messis
1454 2444 1707 2484 Dominum
1728 2455 1830 2495 pre·

195 2527 357 2556 camur
379 2516 456 2568 qui
477 2516 630 2556 mittat
652 2515 894 2567 operarios
915 2516 963 2556 in
982 2528 1184 2557 messem
1207 2527 1356 2556 suam.

274 2587 386 2627 Alia
407 2599 553 2627 manu
575 2586 624 2626 in
644 2587 732 2627 lzac
752 2590 926 2638 quarta
941 2587 1155 2639 pagina:
1176 2587 1230 2639 Q.
1254 2586 1492 2637 Palermo,
1516 2586 1582 2637 53,
1607 2586 1772 2627 Octob.

250 2722 260 2741 ¹
302 2722 488 2750 redundet.
504 2722 683 2750 Poiancus.

248 2770 262 2789 ”2
299 2770 447 2804 Joannes
461 2770 621 2805 Baptista
636 2770 675 2797 de
687 2769 811 2797 Sancto
826 2769 929 2797 Petro
945 2774 977 2797 et
993 2770 1139 2803 Joannes
1154 2769 1311 2797 Forcada
1326 2776 1384 2796 seu
1397 2768 1637 2796 Forcadamus.
1661 2767 1831 2800 POLANco,

198 2817 242 2843 (71
249 2819 402 2851 ronicon,
413 2822 438 2846 t.
453 2825 501 2852 111,
511 2825 590 2853 pag.
600 2817 662 2851 212,
675 2824 707 2844 n.
722 2817 785 2845 418.
