2168 3437
874 246 956 282 AN.
988 245 1079 282 1553
1734 241 1806 277 155

162 349 408 388 literarum
434 344 599 384 studiis
629 349 728 383 tum
758 343 814 383 de
844 341 1154 392 scholasticis,
1195 340 1273 391 qui
1293 345 1504 379 nostram
1538 341 1808 388 sequuntur

163 418 387 459 scholam.
412 415 619 456 Primum
640 414 785 465 igitur
802 414 907 453 dico
928 423 1173 452 numerum
1202 410 1592 451 scholasticorum
1620 409 1667 448 in
1694 420 1802 460 qua-

164 495 268 529 tuor
295 486 594 527 distributum
624 496 728 524 esse
763 485 954 533 classes,
988 489 1031 523 et
1066 483 1113 522 in
1148 482 1346 532 singulis
1382 492 1483 521 esse
1524 479 1804 520 constitutos

164 563 510 611 praeceptores,
534 556 611 607 qui
633 555 969 606 discipulorum
996 553 1160 604 captae·
1177 553 1399 592 lectiones
1429 550 1802 600 accommodant;

166 633 209 669 et
230 641 345 669 sane
366 632 467 667 tum
487 627 535 666 z'n
558 625 837 666 lectionibus
857 628 957 665 tum
978 624 1028 663 sn
1050 622 1471 663 exercitatz'ozsu'bns
1499 621 1813 672 componendi

165 711 219 740 (ιε
238 697 601 751 pronmzciandz·
616 696 857 736 orationes
877 706 932 735 ac
952 694 1080 742 aliis,
1101 694 1428 733 studiosorum
1446 691 1695 743 profectui
1709 691 1803 730 ido-

172 771 291 821 neis,
325 769 454 809 hand
488 767 739 808 mediocris
765 767 1019 818 profectus
1038 764 1320 817 percepitur.
1358 763 1473 804 Sunt
1495 776 1552 803 ex
1582 763 1673 802 11115
1694 746 1822 802 non-‘

170 843 283 882 nulli
303 840 550 893 praeclaro
577 839 767 890 ingenio
798 846 841 878 et
871 838 1027 877 animo
1050 836 1270 888 praediti,
1307 839 1351 875 et
1372 842 1468 875 tam
1500 835 1637 886 parvi
1667 845 1808 885 quam

173 912 451 965 grandiores
467 917 581 951 natu
602 922 703 950 sese
724 910 955 950 submisse
977 920 1032 948 ac
1058 908 1309 960 prudenter
1331 912 1514 958 gerunt,
1539 912 1810 956 tantamque

171 983 449 1024 modestiam
469 993 582 1033 prae
603 993 652 1021 se
673 980 843 1031 ferunt,
867 985 916 1019 ut
936 990 1131 1031 prorsus
1151 990 1200 1018 se
1218 979 1428 1028 integros
1446 982 1693 1026 castosque
1715 987 1807 1015 ser-

172 1066 286 1094 vare
307 1060 351 1094 et
370 1066 395 1094 a
411 1053 574 1094 mundi
594 1051 826 1092 illecebris
846 1051 1095 1091 videantur
1112 1049 1302 1089 omnino
1331 1059 1574 1088 sevocare.
1606 1047 1813 1098 Singulis

173 1125 410 1166 mensibus
439 1123 662 1172 universi,
686 1127 778 1173 pro
802 1133 931 1161 more
960 1120 1274 1171 collegiorum
1303 1119 1572 1169 Socz‘etatz's,
1600 1117 1806 1168 alz'c‘fre-

168 1195 405 1248 (mentius,
417 1200 613 1246 peccata
631 1193 923 1233 confitentur.
937 1192 1076 1232 Haud
1093 1192 1289 1231 obscure
1307 1197 1562 1230 cernuntur
1581 1190 1627 1229 in
1644 1189 1811 1240 spiritu

172 1278 400 1316 crescere,
420 1272 479 1316 et,
503 1264 719 1316 quamvis
740 1265 786 1304 in
809 1264 898 1303 hac
921 1264 1034 1304 urbe
1052 1262 1250 1314 juvenes
1271 1262 1361 1301 sint
1389 1261 1610 1312 flagitiosi
1641 1272 1696 1300 ac
1717 1271 1808 1299 ma-

174 1335 683 1388 ledictis,juramentis
711 1340 754 1375 et
776 1334 1153 1375 execrationibus
1181 1333 1449 1380 assuefacti,
1478 1332 1627 1372 nostri
1654 1338 1812 1371 tamen

173 1394 402 1459 discipuli,
426 1407 482 1446 ab
502 1406 577 1445 Itis
599 1406 922 1455 abhorrentes,
947 1405 993 1444 in
1012 1404 1304 1444 sermonibus
1325 1410 1369 1443 et
1386 1401 1813 1454 colloquutionibus

168 1480 427 1520 redduntur
448 1477 682 1530 simplices
704 1483 748 1517 et
769 1477 1016 1525 mansueti,
1036 1487 1122 1516 nec
1133 1479 1365 1527 pugnant
1383 1475 1503 1514 inter
1520 1485 1568 1513 se
1586 1484 1806 1524 unquam,

169 1551 250 1592 sed
272 1551 428 1604 quieti,
465 1549 704 1600 tranquilli
735 1561 790 1588 ac
817 1548 1001 1600 pacifici
1036 1546 1423 1599 praeceptoribus
1454 1557 1647 1597 operam
1681 1545 1809 1585 dant·

173 1623 349 1663 Diebus
372 1621 619 1662 dominicis
640 1626 684 1660 et
705 1620 885 1660 feriatis
902 1619 1046 1659 etiam
1068 1619 1135 1658 rei
1153 1618 1356 1658 Divinae
1379 1624 1423 1657 et
1440 1618 1655 1657 concioni
1676 1617 1812 1656 inter·

172 1700 301 1743 sunt,
325 1692 540 1744 quamvis
568 1691 614 1731 id
636 1691 694 1731 sit
716 1692 773 1730 ob
796 1689 988 1741 frigoris
1009 1689 1104 1729 vim
1125 1700 1376 1741 pergrave.
1408 1688 1650 1728 Edidimus
1679 1698 1814 1738 regu-

171 1766 254 1815 las,
275 1775 448 1815 easque
466 1763 514 1802 in
529 1762 687 1802 tabula
706 1761 1054 1812 descripsimus,
1070 1761 1236 1811 quibus
1253 1760 1565 1799 informantur
1579 1759 1812 1810 quomodo

171 1847 272 1875 sese
307 1835 505 1875 debeant
533 1845 714 1885 gerere,
752 1839 849 1873 tum
887 1833 934 1872 in
955 1832 1063 1872 ludo
1098 1831 1322 1881 literariO,
1359 1839 1457 1870 tum
1491 1831 1538 1870 in
1571 1831 1676 1880 viis,
1711 1836 1813 1869 tum

169 1906 308 1947 domi.
337 1906 412 1946 Ad
433 1906 550 1945 haec
573 1904 911 1956 adscripsimus
932 1903 1122 1943 modum
1143 1910 1188 1942 et
1211 1903 1423 1942 ordinem
1444 1913 1546 1942 sese
1569 1909 1675 1941 ante
1698 1907 1808 1941 tem-

170 1989 256 2029 pus
277 1977 446 2029 quietis
467 1976 768 2016 examinandi
790 1982 849 2025 et,
870 1975 1006 2014 simul
1024 1981 1162 2026 atque
1180 1980 1394 2024 surgunt,
1419 1972 1570 2013 Deum
1588 1972 1814 2024 precandi

169 2054 214 2088 et
234 2049 276 2088 ei
298 2059 399 2088 sese
420 2054 545 2087 totos
567 2046 784 2087 tradendi
801 2058 856 2086 ac
879 2046 1081 2086 dicandi.
1106 2045 1178 2085 Ac
1195 2045 1267 2085 his
1289 2045 1476 2096 quidem
1497 2045 1636 2084 rebus
1667 2044 1811 2083 maxi-

173 2131 245 2159 me
262 2118 322 2158 ad
339 2118 523 2158 honesti
545 2130 600 2158 ac
627 2118 816 2158 virtutis
839 2117 1042 2157 studium
1070 2117 1282 2157 homines
1309 2115 1672 2165 inflammantur,
1709 2126 1813 2154 cum

171 2191 438 2230 intueantur
466 2201 554 2229 nos
570 2196 752 2229 tantam
782 2200 945 2228 curam
975 2199 1029 2228 ac
1059 2199 1253 2239 operam
1283 2188 1329 2226 in
1356 2198 1611 2238 puerorum
1636 2186 1814 2225 institu-

171 2261 296 2301 tione
317 2272 373 2300 ac
395 2262 543 2300 salute
565 2272 754 2312 ponere.
793 2259 917 2299 Sunt
937 2259 1079 2299 etiam
1100 2271 1164 2299 ex*
1183 2258 1372 2310 pueris,
1400 2258 1478 2309 qui
1505 2264 1725 2309 parentes
1756 2256 1816 2295 ad

174 2334 290 2372 bene
319 2332 575 2372 vivendum
602 2332 848 2372 hortentur
882 2337 927 2371 et
958 2331 1005 2371 in
1031 2331 1194 2382 primis
1225 2330 1285 2370 ad
1311 2336 1613 2381 peccatorum
1640 2330 1815 2367 luctum

174 2411 220 2444 et
252 2402 612 2452 confessionem,
643 2403 768 2453 quod
801 2414 880 2442 eos
906 2402 1112 2442 obtinere
1133 2402 1183 2440 sn
1211 2404 1379 2440 nostra
1412 2399 1604 2439 ecclesia
1632 2399 1815 2450 experi-

175 2485 301 2524 mur,
324 2472 570 2524 plurimas
591 2473 763 2513 horum
789 2473 1114 2524 consessiones
1142 2471 1392 2512 audiendo.
1425 2471 1554 2511 Haec
1586 2471 1696 2510 urbs
1723 2476 1813 2510 stu-

174 2557 287 2596 pore
308 2544 505 2584 afficitur
522 2555 627 2584 cum
647 2544 764 2584 haec
785 2544 1006 2594 intuetur,
1030 2550 1075 2584 et
1096 2544 1142 2583 in
1163 2543 1325 2595 primis
1347 2554 1453 2582 cum
1481 2542 1629 2581 cernit
1659 2541 1813 2581 mode-

174 2615 312 2655 stiam
332 2615 739 2664 scholasticorum,
764 2626 899 2666 quae,
921 2626 1011 2665 qno
1035 2614 1198 2654 rarior
1218 2614 1267 2653 in
1288 2613 1363 2653 leis
1383 2612 1517 2661 locis,
1544 2623 1593 2651 eo
1617 2612 1815 2662 gratior

171 2690 255 2726 est.
280 2686 373 2725 Sed
393 2690 445 2725 ut
468 2685 678 2737 optimus
700 2685 897 2736 quisque
919 2691 1211 2737 magnopere
1231 2691 1419 2724 nostros
1440 2695 1593 2723 mores
1624 2690 1669 2723 et
1689 2683 1815 2723 insti-

172 2762 271 2796 tuta
306 2756 626 2807 commendat,
658 2756 727 2796 ita
757 2756 1091 2808 improbissimi
1124 2756 1295 2807 quique
1325 2755 1610 2805 vituperant,
1645 2765 1700 2794 ac
1729 2766 1816 2794 nos

175 2835 220 2867 et
239 2827 414 2878 pariter
436 2827 691 2878 discipulos
713 2827 1087 2867 dissimulatores
1109 2826 1342 2876 vocitant,
1367 2826 1449 2864 sed
1469 2829 1513 2865 et
1545 2825 1630 2865 leoc
1658 2825 1816 2876 ipsum

175 2898 302 2937 lucri
312 2897 588 2949 spiritualis
605 2898 737 2938 nobis
751 2909 898 2937 causa
915 2902 1003 2948 est,
1021 2901 1073 2937 ut
1089 2898 1187 2936 Deo
1206 2908 1301 2936 non
1321 2900 1509 2936 tantum
1530 2890 1717 2947 agendo
1734 2897 1817 2936 sed

176 2972 221 3008 et
235 2969 463 3020 patiendo
480 2969 622 3010 etiam
636 2969 930 3021 placeamus.
954 2970 1126 3010 Habita
1145 2977 1215 3008 est
1236 2969 1283 3008 in
1299 2974 1461 3008 nostro
1477 2969 1649 3020 templo
1666 2968 1817 3008 oratio

175 3040 341 3091 latina,
364 3051 457 3091 qua
477 3046 576 3080 tum
597 3041 921 3092 explicabatur
947 3052 1078 3080 mens
1099 3046 1143 3080 et
1171 3039 1354 3079 animus
1380 3046 1568 3091 patrum
1595 3039 1643 3079 in
1670 3038 1813 3079 Colle—
