2168 3437
874 270 957 307 AN.
989 270 1081 308 1553
1725 274 1798 311 309

162 372 268 417 post
288 365 441 406 Patris
462 366 741 417 discessum,
767 367 978 407 omnibus
1000 368 1315 420 audientibus,
1338 381 1449 409 suae
1470 369 1702 410 Dominae
1731 371 1793 410 di-

162 436 316 477 cebat:
341 437 442 488 quis
463 449 556 478 non
576 439 652 477 vel
674 438 733 478 ad
754 439 877 478 mille
898 439 1094 479 libenter
1114 440 1290 479 subiret
1317 440 1549 490 proficisci
1575 441 1791 481 milliaria

163 507 222 547 ad
243 508 506 548 huiusmodi
528 509 843 549 conscientiae
865 509 1132 550 habendum
1153 511 1411 551 medicum?

243 577 484 628 Quaedam
503 579 664 619 itidem
683 579 936 630 Dominae,
959 579 1171 620 videntes
1192 593 1277 620 nos
1298 582 1518 622 universa
1541 583 1696 623 oblata
1722 594 1790 623 re-

161 660 326 688 cusare
370 661 589 700 munera,
630 661 718 690 nec
755 662 839 701 pro
879 650 1251 691 confessionibus
1290 652 1485 704 aliisque
1523 653 1794 694 ministeriis

160 719 410 771 quicquam
439 721 559 760 velle
590 721 828 772 accipere,
861 721 1022 761 insciis
1049 722 1329 772 quandoque
1358 723 1512 769 nobis,
1543 724 1704 763 vinum
1734 724 1794 763 ad

158 790 280 829 illius
300 796 607 841 portaverunt
630 791 790 840 aedes,
816 803 935 843 quae
956 791 1090 831 nobis
1112 793 1266 832 omnia
1294 800 1536 844 comparat
1566 802 1793 846 paratque

156 861 424 901 necessaria
445 862 703 912 esculenta;
728 867 866 913 atque
887 862 970 912 ita,
995 863 1128 913 quasi
1149 869 1311 903 nostra
1342 871 1547 915 emptum
1574 866 1788 916 pecunia,

157 943 249 971 una
271 943 376 972 cum
396 933 587 984 reliquis
617 933 750 972 nobis
777 933 1192 973 administrabatur
1221 934 1351 974 cibis.
1381 933 1492 984 Sed,
1525 937 1682 975 statim
1712 936 1788 976 ubi

156 1003 395 1053 cognitum
415 1003 567 1044 fuerat
587 1004 708 1044 unde
738 1004 940 1054 veniret,
973 1003 1191 1044 dantibus
1212 1004 1352 1045 Pater
1378 1005 1555 1046 factum
1575 1007 1785 1057 inhibuit,

156 1080 201 1113 et
222 1074 415 1114 coctrici
436 1074 563 1124 (sic),
580 1086 637 1114 ne
654 1074 904 1125 quicquam
920 1075 967 1114 in
982 1080 1221 1126 posterum
1242 1075 1563 1116 huiuscemodi
1584 1078 1786 1128 suscipe-

155 1151 226 1185 ret
253 1145 376 1196 fuco,
409 1146 570 1185 stricte
590 1146 805 1185 iniunxit.
842 1144 1065 1186 Similiter
1095 1151 1138 1186 et
1167 1146 1264 1197 alii,
1289 1154 1554 1198 opportuno
1588 1148 1790 1199 quodam

156 1221 387 1267 tempore,
422 1227 512 1268 quo
533 1221 716 1267 patrem
738 1216 975 1256 dominon
1005 1228 1108 1257 esse
1136 1222 1394 1267 constaret,
1426 1218 1511 1258 sub
1542 1219 1630 1258 hoc
1660 1231 1790 1269 prae-

156 1292 286 1327 textu
308 1287 588 1327 saccharum
609 1287 668 1327 ad
683 1293 870 1327 nostras
891 1288 1119 1327 miserunt
1141 1288 1294 1337 aedes,
1315 1294 1364 1328 ut
1387 1290 1594 1340 portario
1617 1289 1791 1329 diceret

155 1357 234 1409 qui
254 1357 314 1397 ad
333 1358 422 1397 hoc
443 1358 726 1397 subornatus
746 1357 913 1398 fuerat:
937 1370 1046 1398 ecce
1067 1370 1150 1410 pro
1172 1365 1329 1399 vestro
1350 1359 1489 1399 Patre
1511 1361 1599 1400 hoc
1621 1372 1790 1411 appor-

155 1436 223 1479 to,
259 1429 338 1480 qui
368 1440 441 1468 me
474 1429 699 1480 sequitur.
733 1429 1020 1469 Existimans
1050 1430 1204 1481 itaque
1233 1430 1453 1471 ostiarius
1480 1430 1633 1471 Patris
1660 1432 1790 1472 iussu

153 1506 478 1551 comparatum
499 1499 656 1550 fuisse,
682 1500 885 1551 accepit,
910 1500 1137 1552 ipsisque,
1163 1501 1328 1552 quibus
1349 1507 1598 1552 exceptum
1618 1502 1785 1549 fuerat,

151 1571 311 1611 verbis
331 1582 523 1611 reverso
555 1571 746 1611 tradidit
775 1571 925 1621 Patri,
956 1572 1033 1622 qui
1061 1578 1208 1612 totum
1235 1573 1428 1612 remisit.
1462 1572 1552 1612 Pro
1583 1574 1789 1613 maxima

153 1642 275 1681 enim
296 1642 492 1682 habetur
515 1643 692 1693 gratia,
718 1642 757 1682 si
778 1642 887 1693 quid
909 1642 1118 1694 obsequii
1147 1643 1282 1683 nobis
1311 1649 1554 1694 praestare
1581 1645 1784 1684 valeant.

150 1712 283 1753 Unde
305 1713 396 1752 alia
417 1713 593 1753 familia
613 1713 746 1753 flexis
768 1713 954 1764 saepius
975 1720 1197 1764 rogantes
1219 1714 1489 1754 institerunt
1510 1715 1706 1765 genibus
1737 1721 1786 1755 ut

150 1783 299 1834 gratis
320 1784 474 1824 omnia
496 1790 657 1824 nostra
678 1791 868 1835 possent
888 1785 1050 1825 lavare
1072 1791 1116 1825 et
1138 1785 1329 1825 reficere
1349 1772 1471 1825 linea
1488 1786 1783 1837 vestimenta,

151 1855 275 1906 quod
295 1855 374 1894 ubi
395 1867 671 1895 concessum
692 1862 807 1905 erat,
833 1856 1084 1896 instantius
1105 1857 1322 1908 precibus
1343 1868 1512 1908 urgere
1533 1865 1787 1909 coeperant

148 1937 207 1965 ne
229 1926 438 1966 similiter
460 1927 703 1966 lanearum
725 1927 926 1967 vestium
946 1927 1354 1968 resarciendarum
1374 1928 1675 1979 privarentur
1706 1929 1784 1968 mi-

150 1996 357 2037 nisterio.

228 2067 469 2118 Quaedam
496 2068 748 2119 singularis
778 2070 915 2121 plane
942 2069 1068 2110 vitae
1104 2075 1348 2121 aetateque
1374 2076 1601 2121 provecta
1628 2071 1780 2122 virgo,

147 2139 194 2178 in
214 2150 472 2190 pauperum
502 2139 874 2180 sublevationem
901 2152 984 2180 sex
1012 2152 1038 2180 a
1067 2140 1317 2192 magnifica
1346 2141 1549 2192 quadam
1578 2141 1784 2182 Domina

147 2209 353 2260 acceptis
375 2209 579 2260 ducatis,
603 2222 743 2262 saepe
764 2211 934 2251 obnixe
950 2212 1214 2262 provolutis
1236 2211 1425 2251 Patrem
1445 2213 1633 2262 rogavit
1654 2214 1780 2264 geni-

146 2279 252 2330 bus,
276 2291 366 2331 quo
388 2279 611 2321 fratribus
631 2282 718 2321 hos
738 2281 914 2321 donare
935 2288 1093 2333 posset
1115 2282 1334 2333 ducatos;
1365 2283 1447 2322 sed
1473 2283 1543 2322 sui
1565 2283 1783 2324 desiderii

148 2351 314 2391 effectu
334 2351 483 2402 potita
504 2363 597 2392 non
619 2358 704 2392 est.

228 2421 299 2461 De
318 2421 542 2462 fratribus
564 2430 719 2463 autem
739 2424 828 2464 hoc
849 2436 993 2464 unum
1023 2425 1200 2477 scriptu
1227 2425 1420 2478 dignum
1449 2436 1627 2468 restare
1655 2428 1779 2467 vide-

146 2498 235 2543 tur,
258 2493 344 2532 hos
365 2498 478 2543 tres,
499 2500 611 2545 puto
633 2494 693 2534 M.
724 2494 1069 2536 Theodoricum
1098 2495 1125 2547 ¹,
1158 2497 1219 2537 M.
1251 2497 1504 2538 Martinum
1531 2498 1544 2517 ‘²
1572 2504 1616 2538 et
1642 2499 1778 2551 Joan-

144 2575 251 2603 nem
271 2562 326 2603 de
348 2564 467 2604 Tilia
490 2563 524 2615 ⁵,
561 2576 677 2616 quos
705 2565 790 2605 sub
817 2565 956 2606 finem
982 2566 1373 2619 quadragesimae
1401 2569 1460 2609 ad
1486 2569 1544 2610 V.
1575 2569 1624 2610 Ρ.
1656 2570 1776 2610 misi-

144 2645 268 2685 mus,
305 2634 597 2685 fragrantem
633 2635 748 2676 adeo
778 2636 921 2676 animi
947 2638 1018 2677 sui
1044 2638 1090 2677 in
1118 2637 1269 2678 Deum
1298 2639 1519 2689 fervoris,
1556 2641 1776 2692 quoniam

142 2710 239 2744 tam
260 2706 531 2756 parentibus
553 2718 691 2758 quam
715 2707 877 2747 amicis
897 2708 1130 2749 universis
1151 2709 1414 2750 insalutatis
1445 2710 1552 2751 hinc
1578 2712 1776 2763 profecti

142 2787 198 2815 ac
218 2775 455 2816 Christum
475 2778 658 2828 sequuti
679 2783 805 2829 sunt,
836 2778 882 2818 in
902 2785 1118 2830 posteros
1139 2781 1277 2831 longe
1298 2781 1479 2832 lateque
1501 2789 1775 2833 sparserunt

204 2981 214 3001 ¹
254 2982 486 3011 Theodericus
501 2983 687 3011 Geeraerts
701 2984 883 3018 (Gerardi).

196 3029 210 3047 2
247 3028 415 3057 Martinus
430 3029 600 3064 Gewarts,
617 3030 874 3058 stevordianus.

198 3075 212 3094 5
249 3075 396 3109 Joannes
411 3076 490 3104 Van
505 3078 565 3105 der
579 3077 719 3106 Linden.
