2168 3437
860 251 898 287 A
906 261 942 288 N.
974 250 1065 288 1553
1712 248 1784 285 345

155 357 205 391 ut
244 361 381 390 nemo
416 361 509 389 non
547 348 669 389 illius
708 348 811 388 vice
850 347 1111 387 afficeretur
1149 346 1372 387 dolenter.
1409 345 1546 386 Pater
1581 357 1779 397 quoque,

152 421 316 462 eadem
336 421 517 461 ratione
539 425 813 469 commotus,
837 417 1170 458 obscurissima
1191 418 1407 469 quamvis
1428 423 1583 467 nocte,
1609 416 1668 457 ad
1688 416 1782 456 Du-

155 503 256 532 cem
277 491 423 542 misit,
448 491 525 543 qui
546 490 746 531 efficeret
768 495 817 529 ut
838 488 950 529 illud
972 488 1148 528 crimen
1177 500 1256 528 reo
1287 488 1648 529 condonaretur.
1679 487 1782 527 Hoc

154 563 329 615 petenti
351 574 648 614 nequaquam
669 561 953 612 denegatum
973 559 1073 609 fuit,
1098 560 1208 610 quin
1227 560 1368 599 immo
1391 572 1445 599 eo
1467 559 1690 611 temporis
1711 570 1780 598 ar-

153 634 295 674 ticulo
317 644 543 685 suspensa
564 637 880 682 revocataque
902 630 1146 680 sententia,
1172 630 1463 681 adolescens,
1488 630 1626 670 morti
1646 629 1781 669 desti-

153 710 312 756 natus,
343 704 442 744 vita
477 703 694 743 donatur.
724 702 901 752 Quam,
931 703 983 739 ut
1009 705 1285 751 speramus,
1318 700 1366 740 ῖιι
1394 700 1487 740 Dei
1512 700 1783 751 obsequium

151 775 400 827 impendet.

233 845 349 887 Sunt
383 845 592 885 nonnulli
625 855 826 896 magnae
861 844 1114 885 nobilitatis
1150 849 1194 883 et
1229 843 1528 883 authoritatis
1559 843 1669 892 viri,
1705 842 1784 894 qui

153 918 201 958 P.
225 917 454 970 Jacobum
475 921 519 956 et
541 916 816 965 observant,
840 921 885 955 et
911 915 1047 956 valde
1070 915 1290 966 diligunt,
1325 926 1521 965 quorum
1546 914 1705 953 labore
1736 913 1784 952 in

153 989 274 1028 hanc
295 999 424 1039 spem
445 987 680 1037 venimus,
704 992 754 1026 ut
782 986 894 1026 Divi
918 986 1140 1040 Joannini
1170 985 1308 1025 aedes
1339 985 1473 1024 nobis
1504 985 1780 1034 ascribatur,

152 1060 283 1099 locus
305 1058 555 1098 admodum
582 1057 844 1109 appositus,
873 1062 971 1097 tam
998 1056 1057 1096 ad
1084 1056 1321 1096 docendas
1348 1056 1528 1095 litteras
1555 1066 1694 1106 quam
1725 1055 1786 1094 ad

152 1140 447 1170 communem
483 1128 744 1168 animarum
773 1128 970 1175 salutem
1003 1126 1371 1179 procurandam,
1404 1132 1470 1176 et,
1501 1137 1786 1177 quamquam

154 1201 404 1240 multorum
438 1199 756 1239 confessiones
790 1198 1056 1249 audiuntur,
1094 1198 1250 1250 plures
1280 1202 1439 1237 tamen
1468 1209 1523 1236 ea
1551 1196 1606 1236 de
1641 1208 1785 1236 causa

153 1271 457 1321 convenient,
487 1270 526 1310 si
552 1269 681 1310 Deus
711 1270 833 1309 hanc
868 1269 957 1309 loci
991 1268 1387 1321 opportunitatem
1422 1279 1515 1307 non
1551 1267 1785 1307 recusabit

153 1341 403 1394 aliquando
426 1341 559 1381 nobis
579 1340 863 1392 permittere.
882 1339 1073 1380 Plurimi
1094 1340 1141 1380 in
1158 1351 1348 1379 carcere
1370 1339 1543 1379 nostris
1561 1337 1785 1378 Sacerdo-

151 1413 272 1453 tibus
294 1412 630 1452 conscientiam
646 1411 969 1463 patefecerunt
989 1416 1033 1450 et
1054 1422 1216 1450 eorum
1232 1410 1525 1462 praesertim,
1545 1409 1622 1460 qui
1639 1410 1785 1448 multo

154 1489 261 1524 ante
296 1490 505 1534 tempore
539 1482 853 1534 poenitentiae
888 1488 1232 1522 sacramentum
1268 1493 1361 1521 non
1395 1481 1623 1521 adierant.
1659 1480 1784 1519 Inter

154 1560 368 1595 caeteros
403 1554 591 1606 quidam
626 1554 749 1593 intra
783 1553 953 1604 viginti
987 1564 1136 1592 annos
1165 1564 1259 1592 non
1294 1552 1560 1602 confessus,
1597 1551 1785 1591 tandem

155 1626 298 1666 animi
320 1625 390 1665 sui
410 1624 665 1677 perniciem
689 1622 716 1674 ¹,
745 1623 958 1664 rescissis
984 1623 1279 1674 vulneribus,
1312 1623 1579 1663 salutariter
1607 1621 1782 1661 effudit.

233 1696 412 1737 Nobilis
433 1695 664 1748 quaedam
686 1701 900 1735 matrona
922 1700 966 1734 et
987 1695 1111 1746 apud
1131 1694 1312 1734 Ducem
1331 1693 1556 1745 primaria
1577 1692 1590 1711 ‘²
1612 1693 1787 1732 nostris

154 1754 318 1808 studiis
343 1767 472 1807 favet
505 1767 778 1818 plurimum;
816 1766 949 1818 eique
977 1764 990 1783 ⁵
1017 1777 1103 1806 nos
1129 1771 1432 1816 nostramque
1460 1770 1787 1816 paupertatem

155 1845 285 1879 tanta
307 1849 421 1878 cura
443 1837 809 1887 commendavit,
833 1843 883 1877 ut
903 1837 1177 1888 lachrymae
1204 1847 1413 1876 amorem
1441 1846 1555 1886 erga
1584 1846 1670 1875 nos
1697 1835 1784 1874 sin-

152 1910 366 1960 gularem
386 1913 688 1948 testarentur.

233 1979 514 2020 Scholastici
552 1979 703 2019 nostri
740 1978 787 2019 in
827 1979 994 2019 litteris
1033 1985 1077 2019 et
1121 1978 1328 2019 moribus
1376 1977 1653 2029 proficiunt,
1700 1988 1787 2016 nos

153 2057 333 2102 amant,
356 2050 658 2091 libentissime
679 2050 868 2090 scholas
897 2055 1085 2090 nostras
1110 2049 1424 2101 frequentant.
1454 2048 1593 2088 Pater
1620 2048 1679 2087 ad
1706 2047 1785 2087 ho-

153 2134 256 2162 rum
272 2122 319 2162 in
335 2121 503 2173 spiritu
518 2120 704 2172 frugem
719 2121 765 2161 in
782 2126 1001 2173 suscepta
1014 2120 1298 2161 christianae
1310 2120 1551 2160 doctrinae
1562 2119 1784 2170 interpre-

153 2193 330 2233 tatione
364 2192 532 2244 pergit.
568 2192 740 2233 Paucis
774 2198 881 2232 ante
912 2192 1074 2232 diebus
1100 2191 1247 2232 Ducis
1280 2191 1413 2232 liberi
1441 2190 1642 2242 majores
1671 2196 1785 2229 natu

154 2265 244 2304 huc
271 2263 331 2304 ad
357 2275 441 2304 nos
467 2269 718 2313 venerunt,
748 2263 795 2303 in
829 2274 1027 2314 quorum
1059 2263 1263 2314 gratiam
1297 2261 1487 2314 quidam
1521 2273 1579 2301 ex
1613 2260 1788 2300 nostris

155 2334 450 2375 scholasticis
471 2335 732 2374 orationem
752 2334 929 2374 habuit.
952 2334 1133 2374 Deinde
1153 2334 1306 2385 pueri,
1335 2333 1490 2385 pusilli
1518 2331 1783 2381 admodum,

154 2406 202 2446 in
235 2405 449 2445 doctrina
483 2405 740 2445 christiana
775 2405 1170 2457 interrogationes
1196 2405 1299 2456 pias
1332 2405 1509 2456 pariter
1542 2409 1585 2443 et
1615 2413 1787 2442 suaves

155 2476 482 2526 exhibuerunt,
500 2474 703 2526 majores
722 2488 837 2516 vero
858 2476 904 2516 in
925 2476 1105 2516 litteras
1125 2486 1326 2527 graecas
1347 2482 1390 2515 et
1411 2475 1581 2514 latinas
1601 2474 1784 2524 elegan-

154 2554 226 2588 ter
254 2553 300 2587 et
331 2552 498 2598 argute
531 2546 841 2597 disputarunt.
877 2546 977 2586 Has
1012 2547 1336 2586 contentiones
1363 2546 1480 2585 alter
1511 2544 1788 2584 adolescens

155 2618 440 2659 carminibus
479 2617 763 2657 terminavit.
803 2617 861 2657 Et
899 2617 1016 2657 haec
1055 2617 1211 2657 omnia
1251 2617 1370 2656 inter
1407 2627 1578 2667 pueros
1611 2625 1785 2665 magna

156 2689 363 2729 omnium
385 2700 490 2729 cum
511 2689 751 2739 voluptate
771 2687 898 2728 facta
920 2693 1043 2728 sunt.

231 2759 363 2800 Haec
396 2759 644 2800 scribenda
678 2758 835 2798 habui.
868 2758 940 2798 De
970 2758 1149 2810 reliquo
1184 2770 1270 2798 nos
1297 2768 1458 2797 omnes
1485 2756 1788 2796 vehementer

154 2829 205 2870 T.
230 2829 284 2870 R.
307 2829 357 2870 Ρ.
383 2829 672 2870 orationibus
695 2829 1092 2869 commendamus.

209 2965 219 2984 ¹
258 2964 411 2991 saniem.
427 2964 606 2991 Polancus.

208 3012 222 3031 2
258 3010 367 3039 Maria
383 3012 421 3039 de
435 3011 564 3039 Gondi?
578 3011 664 3039 Vide
681 3011 850 3045 POLANCO,
874 3010 1077 3044 Chronicon,
1094 3015 1118 3039 t.
1134 3019 1170 3046 11,
1185 3019 1264 3046 pag.
1279 3011 1340 3044 515,
1355 3018 1386 3037 n.
1402 3010 1463 3037 246.

209 3057 223 3077 ⁵
260 3058 360 3086 Duci.
