2168 3437
355 303 427 340 284
872 300 1068 337 LITTERA
1077 309 1103 335 E
1131 308 1490 341 QUADRIMESTRES

357 399 589 450 quaedam
611 398 668 437 ab
690 409 743 437 eo
765 403 1091 448 expectamus,
1116 395 1286 447 quippe
1304 395 1383 447 qui
1400 400 1449 434 er!
1461 394 1758 445 simplicitate
1780 394 2002 434 columbi-

357 480 418 509 na
439 475 482 508 et
505 467 767 508 admirabili
786 467 993 507 bonitate
1015 466 1073 506 sit
1096 471 1303 506 ornatus.
1324 465 1525 516 Magnus
1541 465 1721 505 fructus
1743 465 2001 516 percipere-

358 545 434 580 tur
454 540 501 579 in
522 539 611 579 hac
632 539 766 589 urbe,
790 539 829 578 si
850 544 1092 578 manerent
1122 537 1197 577 hic
1220 536 1423 588 operarii
1454 536 1586 582 boni,
1618 535 1864 587 quoniam,
1896 537 2004 576 licet

358 611 570 651 homines
609 609 640 650 ii
675 610 767 649 sint
806 608 1053 661 depravati
1089 615 1133 648 et
1169 607 1439 659 opinionum
1478 607 1788 659 perversitate
1827 606 2001 657 infecti,

358 688 515 721 tamen
546 680 765 721 facillime
800 687 992 732 possent
1026 680 1084 719 ab
1120 679 1357 719 erroribus
1392 678 1609 718 revocari
1645 677 1703 717 ad
1738 678 2002 728 veritatem,

359 752 655 803 maximeque
672 751 762 791 hoc
780 757 1006 803 tempore,
1026 762 1134 790 nam
1157 750 1245 799 ille,
1267 749 1344 801 qui
1361 748 1611 789 seminavit
1632 748 1863 789 zizaniam
1880 761 2004 789 erro-

359 835 463 863 rum
485 823 859 873 lutheranorum,
883 828 927 862 et
949 822 1072 862 hanc
1094 822 1257 861 urbem
1288 820 1559 872 opinionum
1578 819 1813 871 pravitate
1835 819 2002 860 infece-

361 901 455 944 rat,
479 895 553 934 die
573 895 731 944 lunae,
756 894 844 934 hoc
867 900 936 933 est
958 892 1166 933 calendis
1188 892 1318 941 Maii,
1343 891 1524 943 publice
1546 891 1593 930 in
1614 902 1795 931 summo
1814 891 2001 942 templo,

361 966 437 1006 ubi
459 965 621 1005 solitus
642 964 794 1005 fuerat
816 965 1103 1013 concionari,
1127 975 1233 1003 cum
1255 964 1412 1003 multis
1433 962 1669 1002 mensibus
1697 946 1871 1013 egisset
1898 974 2004 1014 poe-

360 1037 627 1087 nitentiam,
652 1036 819 1076 refellit
840 1036 1177 1086 revocavitque
1198 1034 1526 1086 pravissimas,
1561 1045 1677 1085 quas
1707 1039 1921 1073 tenuerat
1950 1045 2005 1073 ac

360 1108 600 1158 emiserat,
625 1107 889 1159 opiniones,
913 1119 962 1147 se
985 1107 1186 1146 maxime
1204 1105 1472 1145 accusando
1493 1111 1538 1144 et
1570 1104 1756 1143 veniam
1777 1116 1805 1144 a
1832 1105 2005 1156 populo

361 1186 405 1219 et
439 1179 672 1231 Episcopo
706 1178 839 1218 flexis
873 1178 1070 1229 genibus
1105 1176 1364 1228 precando,
1395 1176 1532 1227 idque
1561 1175 1767 1215 maxima
1799 1175 2007 1216 omnium

362 1250 668 1290 instructione
690 1257 733 1290 et
755 1249 1003 1301 disciplina
1024 1249 1139 1300 egit,
1165 1254 1253 1288 etc.

444 1322 638 1370 Mutina,
661 1321 686 1360 3
707 1332 856 1360 nonas
877 1320 987 1360 Maii
1014 1319 1130 1359 1553.

1266 1461 1555 1501 FRANciscus
1585 1461 1791 1501 BORDON.

446 1679 557 1719 Alia
579 1690 737 1718 manu.
766 1678 881 1717 1553.
906 1676 1055 1728 Quad.
1081 1675 1296 1725 Modena,
1320 1676 1345 1714 3
1365 1687 1475 1715 non.
1500 1675 1625 1715 Maii.

446 1751 509 1791 Et
530 1750 625 1791 alia
642 1761 657 1789 .·
678 1749 899 1799 Modena,
922 1748 948 1788 5
969 1748 1013 1788 di
1035 1747 1248 1798 Maggio,
1277 1746 1398 1798 1553,
1423 1746 1476 1797 Q.
1502 1745 1545 1787 S.
