2168 3437
920 253 1003 290 AN.
1035 254 1127 291 1554
1294 264 1297 265 ⁷
1776 255 1847 292 699

378 649 660 678 Praecedentium
675 650 790 678 Patris
805 651 945 680 Antonii
962 653 1000 680 de
1018 653 1171 686 Quadi-os
1187 653 1382 681 litterarum
1396 654 1504 681 latina
1520 654 1633 681 versio
1651 653 1671 681 ¹.

951 885 1086 937 Jesus

281 1130 382 1171 ΚΜ
405 1131 452 1171 111
474 1131 662 1173 Christo
684 1132 836 1173 Pater.

279 1201 380 1242 Pax
401 1209 445 1242 et
466 1204 621 1253 gratia
643 1203 833 1244 Domini
867 1205 1016 1245 nostri
1042 1205 1153 1257 Jesu
1180 1204 1354 1245 Christi
1385 1207 1444 1246 sit
1475 1218 1659 1258 semper
1691 1208 1844 1248 nobis-

204 1284 324 1315 cum.
345 1273 513 1314 Amen.

281 1344 416 1396 Quod
446 1345 560 1385 mihi
587 1357 688 1386 sese
724 1347 1056 1398 quadrimestri
1089 1347 1179 1387 hoc
1209 1349 1422 1399 proxime
1458 1349 1617 1401 elapso
1653 1355 1839 1401 gestum

199 1415 499 1456 scribendum
528 1428 651 1457 nunc
681 1416 836 1468 offert,
867 1417 967 1457 Rde
992 1418 1038 1458 in
1069 1418 1255 1458 Christo
1285 1418 1358 1470 P„
1393 1420 1504 1460 illud
1534 1421 1736 1472 primum
1757 1428 1840 1472 est,

197 1485 387 1527 Patrem
408 1487 718 1528 Gondizalum
739 1489 900 1529 solitas
922 1489 1084 1529 diebus
1106 1490 1352 1530 dominicis
1371 1497 1415 1531 et
1431 1491 1615 1531 festivis
1638 1490 1843 1543 [habuis-

197 1555 262 1609 se]
295 1558 546 1598 conciones
573 1570 747 1610 magna
775 1571 881 1599 cum
906 1559 1189 1600 auditorium
1210 1561 1472 1612 frequentia
1495 1563 1840 1615 multorumque

196 1630 475 1679 praesertim
507 1630 732 1670 nobilium
764 1642 837 1670 vn
842 1642 998 1681 orum
1036 1632 1202 1683 quibus
1240 1632 1336 1683 ille,
1374 1633 1431 1673 ob
1461 1634 1665 1684 giatiam
1696 1635 1784 1712 sibi
1815 1647 1841 1674 a

196 1697 399 1740 Domino
421 1700 543 1741 hac
532 1713 579 1740 m
600 1713 650 1741 re
673 1713 970 1751 concessam,
995 1713 1282 1754 magnopeie
1305 1704 1543 1755 probatur.

277 1770 687 1823 Quadragesimali
707 1784 821 1812 vero
843 1778 1067 1824 tempore,
1092 1772 1254 1813 diebus
1275 1774 1416 1815 etiam
1436 1787 1582 1815 vener
1587 1776 1624 1815 is
1646 1788 1701 1816 ac
1725 1788 1841 1816 mer-

197 1842 315 1882 curii
332 1843 714 1884 concionabatur.
737 1843 880 1896 CuJus
897 1844 1148 1884 conciones
1165 1851 1389 1896 quantam
1406 1846 1563 1886 multis
1580 1847 1843 1887 animarum

197 1925 389 1953 suarum
422 1915 672 1955 utilitatem
707 1927 981 1967 morumque
1012 1916 1058 1955 in
1089 1917 1254 1956 melius
1288 1917 1594 1958 mutationem
1625 1917 1839 1969 afferant,

199 1983 338 2025 facile
360 1997 418 2025 ex
440 1985 816 2026 confessionibus
838 1987 996 2037 colligi
1016 1993 1185 2038 potest.

275 2055 415 2096 Pater
436 2056 723 2098 Gondizalus
743 2058 789 2098 V
793 2070 848 2098 az
871 2058 1033 2098 diebus
1055 2059 1165 2098 item
1186 2059 1433 2100 dominicis
1451 2072 1507 2100 ac
1527 2060 1709 2100 festivis
1739 2061 1846 2111 (nisi

201 2139 307 2168 curn
341 2128 524 2169 infirma
558 2129 772 2181 corporis
805 2129 1075 2169 valetudine
1120 2130 1486 2182 impediebatur)
1521 2143 1695 2183 magna
1737 2143 1843 2172 cum

199 2199 465 2240 auditorum
502 2200 794 2252 frequentia,
836 2201 1021 2240 etiamsi
1055 2201 1177 2241 idem
1211 2202 1603 2253 quadragesimae
1634 2209 1844 2254 tempore

198 2272 431 2322 praeclari
480 2272 559 2312 alii
603 2272 965 2312 concionatores
1005 2272 1243 2323 facerent,
1294 2274 1557 2315 doctrinam
1613 2274 1844 2325 praelegit

199 2341 519 2383 christianam.
544 2343 748 2383 Tantum
769 2344 893 2383 enirn
920 2343 961 2383 ei
986 2343 1218 2383 Dominus
1249 2344 1296 2384 in
1317 2344 1514 2385 dicendo
1545 2345 1712 2396 salem,
1747 2350 1843 2385 tan-

198 2419 295 2453 tam
316 2420 612 2455 venustatem
633 2414 860 2465 elargitus
891 2420 983 2466 est,
1014 2421 1064 2455 ut
1091 2427 1149 2454 ne
1176 2414 1267 2455 hoc
1300 2416 1506 2467 quidem,
1539 2416 1844 2467 egregiorum

199 2484 377 2525 scilicet
413 2485 800 2525 concionatorum
826 2486 1071 2525 doctrinae
1099 2485 1386 2526 christianae
1416 2487 1640 2537 lectione,
1671 2487 1845 2538 quomi-

197 2566 284 2595 nus
306 2555 364 2595 ad
386 2567 492 2596 eum
514 2556 647 2596 multi
668 2556 957 2596 confluerent
978 2556 1328 2608 impedirentur.
1354 2556 1560 2608 Singulis
1576 2569 1690 2597 vero
1713 2569 1845 2608 prae-

197 2631 326 2666 terea
352 2626 659 2666 hebdomadis
681 2627 728 2666 in
747 2626 897 2678 Regia
929 2628 1034 2667 aula
1066 2627 1320 2667 conciones
1350 2629 1601 2668 nonnullas
1632 2628 1844 2680 privatas

197 2697 350 2737 habet.
376 2697 586 2748 Quarum
605 2697 809 2737 fructum
830 2699 982 2748 multi,
1014 2698 1093 2750 qui
1121 2697 1219 2748 jam
1247 2704 1444 2749 peccata
1470 2699 1699 2749 fatentur,
1730 2699 1845 2739 satis

198 2767 420 2808 indicant.
451 2768 502 2808 In
529 2768 667 2808 domo
700 2769 842 2809 etiam
872 2769 1063 2809 infantis
1097 2769 1154 2809 D.
1194 2769 1422 2821 Elizabet,
1459 2769 1706 2821 ejusmodi,
1740 2771 1844 2822 pari

199 2839 462 2879 animarum
481 2839 659 2891 fructu,
684 2840 1203 2891 concionem‘habebat,
1238 2842 1312 2881 cui
1343 2848 1387 2881 et
1418 2841 1520 2892 ipsa
1543 2847 1587 2881 et
1608 2853 1693 2881 suo
1712 2840 1844 2892 jussu

198 2908 278 2949 filii
299 2922 459 2951 omnes
480 2911 697 2962 aderant,
723 2924 749 2952 a
778 2913 944 2964 quibus
975 2912 1053 2952 illa
1085 2912 1316 2952 rationem
1343 2924 1530 2964 eorum,
1565 2924 1684 2965 quae
1705 2912 1845 2953 Pater

258 3071 266 3090 ¹
308 3072 557 3107 Apographum
573 3072 605 3099 in
620 3072 700 3100 folio
718 3072 854 3107 duplici,
871 3080 901 3099 n.
917 3073 978 3100 436.
