2168 3437
850 300 934 337 AN.
965 299 1058 338 1554
1699 301 1771 338 547

126 396 225 437 Sex
250 397 484 447 mulieres,
517 408 636 448 quae
670 396 749 436 diu
776 396 990 448 corporis
1020 396 1339 448 voluptatibus
1370 402 1414 437 et
1444 397 1547 437 aliis
1577 397 1770 448 flagitiis

132 468 428 519 mancipatae
447 467 683 518 vixerant,
706 474 960 507 revocatae
982 467 1039 507 ab
1055 467 1330 508 inveteratis
1350 468 1541 519 flagitiis
1559 480 1702 520 opera
1726 475 1770 509 et

133 550 246 579 cura
273 538 441 590 Patris,
471 544 516 578 et
548 538 830 578 constitutae
858 545 964 578 sunt
992 539 1040 578 in
1075 539 1302 579 coenobio
1340 539 1608 590 mulierum,
1646 539 1769 591 quod

133 611 275 662 vulgo
294 616 493 650 vocatur
515 609 880 649 Conversarum.
899 609 1165 650 Adfuerunt
1177 616 1337 661 patres
1352 611 1588 651 nonnullis
1606 622 1769 662 aegro-

128 681 354 732 tantibus,
378 681 456 732 qui
476 693 500 720 e
522 691 719 732 corpore
746 681 1067 731 excesserunt,
1094 686 1139 720 et
1169 692 1227 720 ex
1261 681 1333 720 his
1361 681 1550 732 quidam
1581 681 1772 722 obiisset

131 753 272 793 rebus
302 753 491 792 minime
521 751 785 792 constitutis
819 758 862 791 et
893 751 1140 801 ordinatis,
1171 751 1261 791 nisi
1294 763 1438 803 opera
1466 759 1510 792 et
1539 764 1653 792 cura
1690 751 1773 792 Pa-

134 824 218 864 tris
239 830 429 864 cautum
454 823 617 863 fuisset
647 829 692 862 et
718 822 978 873 provisum.
1008 821 1331 862 Accersuntur
1362 822 1528 863 Patres
1559 836 1585 863 a
1616 824 1774 864 multis

131 895 365 935 nobilibus
385 894 502 934 viris
521 894 677 945 gratia
697 899 795 933 tum
823 892 1172 933 confessionum
1203 902 1301 932 tum
1330 895 1707 934 consolationum
1728 894 1774 934 in

136 966 274 1005 rebus
297 965 456 1005 arduis
476 971 521 1004 et
540 964 739 1004 afflictis.
763 964 895 1004 Adeo
912 964 1121 1004 nonnulli
1138 964 1292 1003 animo
1311 963 1465 1004 affecti
1481 971 1588 1005 sunt
1606 965 1653 1004 in
1669 976 1772 1015 nos,

135 1043 184 1077 ut
204 1036 295 1076 nisi
315 1037 362 1076 in
382 1043 543 1076 nostro
566 1036 736 1087 templo
758 1035 896 1074 rebus
919 1034 1090 1074 divinis
1112 1035 1342 1085 intersint,
1363 1036 1538 1075 nullam
1559 1037 1772 1087 volupta-

135 1115 230 1148 tem
251 1114 294 1148 et
316 1106 460 1147 animi
481 1107 872 1146 oblectamentum
903 1105 1012 1145 alibi
1033 1117 1082 1145 se
1109 1105 1352 1156 percipere
1379 1105 1631 1146 fateantur.
1667 1106 1777 1158 Qui-

137 1180 245 1220 dam
266 1180 358 1219 viri
378 1185 423 1219 et
443 1185 618 1219 matres
640 1178 765 1218 omni
787 1189 928 1229 opere
950 1177 1160 1217 nituntur
1183 1189 1383 1217 uxorem
1405 1184 1484 1218 aut
1505 1178 1623 1218 filias
1646 1190 1672 1218 a
1694 1178 1777 1219 Sa-

138 1257 487 1292 cramentorum
518 1257 562 1290 et
595 1261 751 1289 rerum
787 1249 1055 1289 divinarum
1084 1249 1320 1289 deterrere
1350 1248 1628 1300 frequentia,
1660 1250 1777 1290 adeo

138 1322 314 1374 passim
335 1322 493 1362 odium
520 1328 564 1361 et
593 1321 763 1360 bellum
787 1320 996 1372 justitiae
1024 1328 1068 1359 et
1098 1320 1290 1360 veritati
1317 1320 1553 1360 indicitur.
1586 1320 1648 1360 At
1671 1321 1777 1361 illae

136 1406 357 1446 pompam
377 1393 538 1433 mundi
558 1393 867 1443 negligentes,
891 1392 1081 1432 domum
1102 1392 1421 1443 orphanorum
1442 1392 1705 1443 ingressae,
1731 1399 1775 1432 et

138 1465 352 1506 concioni
372 1465 603 1504 intersunt
626 1470 670 1503 et
691 1463 876 1503 Coenae
899 1462 1136 1502 Dominici
1158 1462 1397 1514 Corporis.
1641 1463 1651 1482 ¹
1672 1475 1777 1515 pro-

136 1537 259 1578 fecto
281 1535 539 1586 Religionis
561 1534 884 1586 perstudiosae
905 1534 1135 1574 foeminae
1156 1534 1377 1574 facillime
1407 1535 1649 1575 hominum
1677 1536 1774 1586 glo-

138 1609 257 1649 riam
278 1608 335 1648 ab
358 1619 412 1647 eo
436 1612 754 1656 contemnunt,
778 1617 868 1657 quo
890 1617 939 1645 se
962 1605 1148 1646 Christo
1180 1604 1355 1645 dedunt
1382 1606 1428 1646 in
1458 1605 1775 1657 disciplinam.

138 1680 369 1721 Visuntur
403 1679 482 1731 qui
510 1685 759 1718 servantur
789 1678 836 1717 in
858 1677 1071 1717 custodia
1092 1677 1293 1728 publica,
1327 1683 1370 1717 et
1399 1677 1459 1717 ad
1486 1678 1708 1717 virtutem
1735 1685 1779 1718 et

139 1752 266 1792 vitae
288 1751 629 1791 correctionem
650 1750 905 1789 incitantur
927 1761 983 1788 ac
1005 1748 1330 1789 admonentur.

220 1823 362 1863 Iidem
384 1822 549 1862 Patres
574 1832 806 1872 pauperes
828 1820 876 1860 in
903 1820 1196 1860 xenodochio
1225 1820 1283 1860 ad
1312 1820 1586 1872 patientiam
1618 1830 1662 1860 et
1691 1820 1780 1860 Dei

141 1895 326 1935 laudem
347 1894 672 1942 exhortantur,
696 1899 794 1932 tum
816 1891 1037 1943 privatim
1059 1891 1549 1943 commonefaciendo,
1579 1898 1677 1932 tum
1702 1903 1780 1943 ge-

140 1966 340 2006 neratim
370 1964 718 2013 concionando,
748 1962 992 2002 medentur
1020 1963 1229 2014 ipsorum
1257 1963 1424 2003 animis
1452 1963 1779 2014 praesentibus

140 2036 448 2077 confessionis
465 2035 834 2084 medicamentis,
854 2033 1074 2074 adhibent
1091 2040 1336 2086 praeterea
1350 2035 1611 2074 cauterium
1628 2047 1777 2075 emen-

141 2108 358 2158 dationis,
382 2106 659 2147 deterrendo
682 2118 707 2145 a
728 2105 938 2157 pristinis
959 2105 1107 2155 vitiis,
1138 2105 1356 2146 vocando
1386 2106 1445 2146 ad
1473 2114 1777 2157 peccatorum

135 2191 333 2220 suorum
354 2185 398 2218 et
419 2177 592 2218 Christi
614 2176 804 2216 Domini
824 2176 1158 2216 beneficentiae
1191 2182 1235 2216 et
1263 2177 1589 2228 providentiae
1620 2179 1775 2228 cogni<

142 2250 338 2299 tionem,
367 2249 444 2300 qui
471 2260 549 2288 eos
578 2247 753 2287 morbis
782 2248 945 2299 puniat
973 2254 1016 2287 et
1046 2248 1261 2298 castiget,
1291 2260 1383 2300 quo
1406 2249 1597 2289 tandem
1620 2252 1779 2302 resipi-

144 2328 293 2361 scant.

223 2392 330 2433 Viri
351 2391 570 2431 honorati
585 2396 629 2431 et
650 2391 874 2441 primates
894 2390 1011 2430 bene
1032 2389 1087 2430 de
1110 2391 1259 2439 nobis,
1285 2391 1461 2431 Christi
1481 2393 1591 2445 Jesu
1609 2394 1780 2443 gratia,

99 2450 102 2452 q
144 2464 348 2504 sentiunt
370 2469 414 2502 et
435 2462 569 2502 nobis
590 2461 636 2501 in
657 2461 936 2501 turbulentis
957 2468 1001 2501 et
1022 2462 1069 2501 in
1089 2462 1266 2502 sedatis
1286 2462 1463 2507 favent.
1488 2463 1608 2503 Nam
1636 2476 1785 2516 nuper

144 2546 308 2575 eorum
343 2533 499 2584 gratia
528 2539 571 2572 et
606 2544 749 2584 opera
777 2533 979 2584 quinque
1013 2533 1212 2585 improbi
1242 2534 1435 2574 iuvenes
1469 2535 1516 2574 in
1544 2547 1785 2576 carcerem

146 2606 333 2646 fuerunt
355 2604 545 2651 detrusi,
571 2603 649 2655 qui
669 2611 884 2644 nostrum
904 2604 1064 2644 ludum
1084 2604 1309 2656 ingressi,
1344 2613 1599 2657 coeperunt
1627 2607 1784 2647 omnia

145 2677 410 2717 disturbare
445 2686 500 2715 ac
528 2674 744 2714 Patribus
769 2675 999 2725 minitari;
1031 2675 1228 2727 denique
1255 2688 1432 2727 poenas
1459 2676 1571 2716 facti
1599 2676 1784 2728 dignas,

147 2759 228 2799 per
249 2759 393 2787 unum
412 2746 509 2786 fere
540 2757 748 2786 mensem
775 2746 822 2785 in
853 2757 1043 2786 carcere
1075 2747 1296 2797 coniecti,
1321 2748 1527 2798 ipsorum
1549 2748 1691 2789 etiam
1708 2761 1785 2801 pa-

144 2825 332 2859 rentum
354 2829 586 2858 consensu
608 2824 652 2857 et
673 2818 929 2867 voluntate,
950 2818 1150 2858 luerunt.

230 2888 351 2940 Quid
372 2889 471 2940 ipse
493 2887 602 2928 Dux
625 2888 680 2928 de
700 2888 833 2928 nobis
856 2889 1040 2939 sentiat,
1060 2889 1183 2929 idem
1200 2889 1477 2930 declaravit:
1498 2902 1608 2931 nam
1625 2891 1785 2941 filium,

148 2960 445 3011 designatum
465 2960 512 2999 in
532 2958 819 3011 Episcopum
839 2959 1104 3009 Ferrariae,
1126 2960 1462 3001 instituendum
1481 2961 1707 3004 iri-officiis
1723 2965 1789 3004 di-

204 3120 214 3140 ¹
256 3119 480 3148 amendatum
495 3121 548 3148 hic
564 3125 616 3148 est
631 3121 785 3154 verbum,
802 3120 888 3155 quod
906 3121 1019 3155 legere
1036 3128 1100 3148 non
1116 3122 1285 3150 valemus.
