2168 3437
905 282 990 320 AN.
1021 282 1112 320 1553
1754 288 1826 326 363

190 377 334 416 armis
371 376 594 427 depositis
628 377 716 417 sibi
751 379 1010 419 consulant.
1047 380 1327 421 Audivimus
1355 394 1522 434 unum,
1553 384 1632 435 qui
1659 384 1821 424 diebus

186 447 360 498 elapsis
394 449 549 498 palam
584 447 642 487 ab
686 447 889 498 inimico,
935 450 1109 501 poplite
1143 450 1284 502 flexo,
1325 453 1512 493 veniam
1546 454 1730 505 petierit
1775 462 1820 495 et

188 517 463 558 arundinem
485 518 525 558 ei
548 518 739 567 dederit,
764 531 856 570 qua
878 520 1011 560 caedi
1041 521 1351 572 ignominiose
1382 524 1600 575 cupiebat
1633 523 1659 565 ¹.
1688 525 1821 566 Alter

186 596 358 639 tamen,
382 589 488 628 odio
511 596 555 629 et
578 601 687 629 ense
710 590 949 641 depositiS‚
971 602 1066 631 non
1086 593 1237 642 potuit
1258 605 1307 633 se
1329 595 1568 635 continere
1591 596 1700 647 quin
1716 608 1819 637 eum

187 660 545 711 amplecteretur
567 666 611 699 et
633 660 849 700 dextram
879 660 1072 701 dextrae
1097 660 1326 714 jungeret.
1361 664 1495 705 Nunc
1523 666 1684 707 videre
1713 667 1820 707 licet

185 729 285 781 ejus
305 730 565 770 mirabilem
592 730 871 781 profectum,
903 743 1045 782 quum
1074 733 1274 773 vestium
1304 735 1587 785 elegantiam
1615 743 1815 778 contem-

185 801 343 851 pserit,
367 807 412 840 et
433 801 492 840 ad
513 801 752 841 docendos
771 812 943 852 pueros
965 801 1139 843 Christi
1159 803 1421 845 doctrinam
1453 807 1658 847 animum
1685 820 1820 849 suum

131 893 138 898 -
185 871 476 922 applicuerit,
501 871 745 922 egregium
766 872 822 911 de
843 883 892 912 se
914 872 1013 923 ipso
1036 873 1265 924 praebens
1287 877 1564 927 exemplum.
1592 878 1705 929 Quis
1726 891 1817 920 non

182 942 376 982 miretur
397 947 494 982 tam
514 942 647 982 brevi
667 948 848 982 tantam
868 943 916 983 in
937 943 1120 984 homine
1141 946 1476 988 mutationem?
1506 947 1609 988 Non
1629 949 1817 990 fabulae

181 1014 380 1064 placent,
400 1024 494 1052 non
510 1014 814 1063 graculorum
829 1014 1104 1066 loquacitas,
1128 1027 1246 1066 quae
1263 1028 1403 1067 saepe
1420 1017 1657 1060 fastidium
1677 1021 1816 1071 parit,

181 1083 263 1123 sed
283 1085 434 1123 solum
458 1083 585 1123 Deus
607 1084 653 1123 in
675 1084 797 1124 illius
817 1085 951 1125 labiis
972 1092 1205 1126 Versatur.
1230 1086 1343 1137 Quis
1364 1100 1457 1128 non
1478 1101 1638 1130 secum
1669 1092 1817 1132 consi-

179 1154 310 1194 deret
332 1165 381 1194 se
402 1166 571 1206 parum
591 1154 862 1206 profecisse,
885 1155 925 1195 si
946 1167 1053 1196 cum
1072 1155 1339 1207 hujusmodi
1360 1170 1409 1198 se
1431 1162 1697 1210 comparet?

258 1224 310 1265 In
330 1225 511 1276 publice
534 1226 889 1266 meretricantes
910 1232 979 1267 est
1000 1226 1047 1266 in
1068 1239 1121 1267 eo
1143 1228 1313 1279 oppido
1344 1230 1747 1283 animadversum,
1772 1239 1816 1273 et

179 1307 301 1336 voce
323 1296 570 1346 praeconis
592 1295 793 1336 edictum
813 1308 871 1336 ne
892 1297 947 1337 de
970 1303 1157 1338 caetero
1174 1299 1427 1340 luderetur.

260 1366 459 1407 Accedit
481 1367 571 1406 huc
593 1367 718 1418 quod
739 1379 900 1407 omnes
918 1368 1006 1408 viri
1024 1369 1201 1409 nobiles
1217 1371 1501 1421 gandienses
1517 1372 1704 1414 Patrem
1721 1386 1817 1414 sus-

178 1437 380 1488 cipiunt,
419 1444 601 1477 secreta
640 1438 682 1477 ei
726 1439 882 1478 omnia
922 1440 1155 1491 aperiunt,
1197 1448 1241 1481 et
1290 1443 1539 1493 collegium
1581 1445 1818 1485 multoties

182 1506 374 1558 adeunt,
404 1508 584 1548 nobiles
612 1514 655 1548 et
686 1508 853 1560 plebeji
881 1510 1093 1550 homines
1121 1523 1212 1551 uno
1249 1524 1480 1553 consensu
1513 1513 1666 1555 Patris
1701 1515 1816 1556 inse-

178 1578 338 1629 quenti
359 1590 481 1618 anno
505 1580 756 1620 conciones
778 1587 1014 1632 exoptant.
1040 1581 1174 1622 Multi
1195 1583 1250 1622 de
1280 1584 1489 1634 peccatis
1520 1585 1813 1637 confitentur,

177 1649 308 1689 multi
342 1650 692 1690 sanctissimum
722 1651 896 1692 Christi
927 1664 1098 1704 corpus
1125 1660 1333 1703 sumunt,
1366 1655 1497 1695 multi
1528 1656 1726 1708 denique
1757 1659 1816 1698 ad

176 1720 353 1761 Christi
374 1720 640 1761 doctrinam
662 1722 943 1762 audiendam
963 1724 1263 1764 conveniunt.

254 1791 432 1843 Accipe
454 1798 705 1843 praeterea
728 1793 783 1833 de
806 1793 908 1833 aliis
928 1793 1167 1846 Patribus3
1191 1795 1355 1836 studiis
1384 1803 1579 1848 vacant,
1611 1798 1812 1839 xenodo-

178 1863 336 1903 chium
357 1863 565 1913 visitant,
592 1864 708 1904 alios
729 1875 899 1915 aegros
922 1867 1239 1917 consolantur,
1263 1867 1568 1909 morientibus
1591 1870 1815 1910 assistunt

174 1940 220 1974 et
241 1934 426 1975 illorum
449 1935 676 1986 ancipites
696 1935 913 1976 fortassis
944 1938 1126 1977 animos
1157 1938 1216 1978 ad
1247 1937 1420 1979 Christi
1447 1940 1717 1991 passionem
1747 1953 1812 1981 re-

176 2017 349 2045 vocare
371 2012 617 2046 conantur.
642 2006 797 2047 Taceo
819 2008 1006 2059 quantis
1027 2009 1265 2049 laboribus
1297 2021 1381 2061 per
1411 2010 1677 2062 quindecim
1699 2011 1811 2063 jubi—

176 2076 265 2116 laei
287 2076 386 2116 dies
409 2077 561 2117 obruti
582 2077 771 2118 fuerint.

257 2145 349 2187 Sed
370 2153 666 2188 revertamur
686 2148 745 2188 ad
766 2149 968 2201 Patrem,
994 2151 1071 2202 qui
1089 2151 1282 2191 subinde
1304 2163 1468 2192 sacras
1489 2153 1549 2193 ad
1569 2152 1628 2193 D.
1647 2153 1813 2194 Clarae

175 2217 392 2258 mulieres
429 2219 567 2259 habet
603 2220 869 2261 conciones.
906 2221 1176 2262 Valentiam
1210 2223 1460 2274 aliquando
1492 2223 1625 2275 jussu
1659 2223 1813 2265 Patris

175 2287 355 2329 Natalis
376 2287 390 2307 ‘²
411 2301 460 2329 se
488 2290 688 2341 confert,
727 2296 771 2331 et
803 2291 1027 2332 fratribus
1062 2293 1150 2333 illis
1184 2293 1424 2345 subvenit,
1457 2301 1502 2334 et
1530 2295 1812 2335 concionum

174 2358 348 2411 impetu
376 2360 641 2401 valentinos
668 2373 763 2401 non
790 2374 958 2414 parum
985 2370 1159 2404 movet.
1186 2363 1236 2405 Ρ.
1267 2363 1415 2405 Parra
1436 2363 1450 2384 ³
1473 2378 1527 2406 ac
1548 2365 1597 2406 Ρ.
1632 2365 1809 2406 Navar-

175 2442 255 2470 rus
277 2428 306 2481 ⁴,
330 2442 475 2471 suasu
496 2430 648 2471 Patris
669 2433 833 2483 nostri,
856 2434 1141 2475 solemnibus
1163 2434 1462 2476 Pentecostes
1494 2435 1810 2477 Ontinientem

174 2500 317 2552 ivere,
342 2501 419 2541 ubi
441 2501 499 2541 ad
521 2502 803 2553 quingentas
825 2504 1144 2546 consessiones
1166 2506 1404 2546 audivere.
1430 2506 1694 2547 Credebant
1715 2519 1806 2548 ma-

171 2571 399 2622 gistratus
434 2573 555 2612 illius
589 2573 748 2625 oppidi
768 2585 953 2615 omnem
986 2576 1208 2627 populum
1230 2577 1571 2628 confessurum,
1603 2577 1642 2617 si
1670 2577 1809 2618 Pater

227 2755 235 2775 ¹
276 2755 537 2790 Ignominiosum
552 2752 719 2785 nobilibus
733 2761 809 2785 erat
824 2760 988 2786 arundine
1008 2760 1185 2794 vapulare.
1203 2760 1304 2787 “Bien
1320 2761 1387 2795 dijo
1402 2769 1446 2788 un
1460 2761 1663 2795 predicador
1678 2770 1740 2796 que
1756 2770 1809 2790 co-

171 2803 368 2831 nocimos...:
387 2803 529 2836 Quereis
543 2811 606 2831 ver
621 2806 641 2831 a
655 2805 686 2831 lo
702 2812 764 2839 que
779 2806 871 2839 llega
887 2808 917 2833 el
938 2807 1092 2834 desatino
1107 2807 1160 2834 del
1175 2808 1319 2834 mundo?
1334 2808 1383 2834 No
1398 2815 1521 2842 parece
1537 2809 1644 2842 puede
1659 2810 1771 2844 llegar
1786 2813 1806 2837 a

170 2858 255 2883 mas,
279 2858 341 2885 que
366 2853 386 2878 a
408 2855 505 2878 tener
525 2859 587 2885 por
607 2859 680 2878 mas
703 2852 872 2880 deshonra
894 2861 949 2880 ser
971 2855 1138 2888 apaleado
1154 2862 1216 2882 con
1236 2863 1301 2881 una
1318 2857 1406 2882 cafia
1421 2863 1483 2889 que
1501 2863 1563 2882 con
1578 2863 1621 2882 un
1637 2862 1778 2891 garrote
1792 2879 1807 2891 „

170 2898 207 2925 P.
223 2898 464 2933 NIEREMBERG,
485 2898 630 2933 Obrasy
646 2900 737 2931 dias,
748 2907 822 2935 cap.
837 2908 931 2928 xxw.

224 2946 238 2964 2
275 2945 380 2973 Pater
395 2946 621 2982 Hieronymus
637 2947 772 2975 Natalis
793 2948 888 2975 Patri
909 2948 1036 2976 Barma
1057 2950 1251 2984 injunxerat
1266 2954 1303 2977 ut
1318 2950 1526 2978 Valentinae
1543 2951 1643 2979 simul
1662 2956 1696 2980 et
1713 2952 1806 2980 Gan·

169 2993 277 3020 diensi
293 2993 405 3020 domui
421 2998 611 3027 praeesset.

223 3040 237 3059 ⁵
275 3040 311 3067 P.
326 3040 449 3067 Petrus
462 3040 583 3068 Parra.

223 3087 238 3107 4
273 3085 325 3114 lta
336 3086 390 3113 hic
407 3094 538 3121 semper
552 3095 613 3121 per
627 3089 761 3122 patriae
777 3097 962 3124 cognomen
984 3090 1194 3126 designatur.
