2168 3437
922 253 1004 290 AN.
1036 253 1127 290 1503
1763 253 1835 290 409

945 702 1086 756 CCL

273 936 319 973 P.
340 935 596 973 Edmundus
616 935 861 983 Augerius‚

318 999 386 1037 Ex
405 1000 726 1037 commissione
744 1000 889 1038 Patris
909 1000 1125 1038 Everardi
1146 1000 1433 1046 Mercuriani‚

364 1065 486 1103 Patri
505 1066 674 1112 Ignatio
695 1065 748 1103 de
767 1065 952 1113 Loyola.

413 1131 608 1175 Perusio,
632 1131 676 1168 15
693 1130 966 1179 Septembris
988 1131 1078 1168 1553
1097 1132 1121 1166 ¹.

945 1338 1094 1392 JHUs

278 1550 378 1591 Pax
399 1550 596 1602 Christi,
620 1557 707 1592 etc.

276 1621 514 1662 Laborum
550 1623 777 1673 omnium,
820 1623 899 1675 qui
938 1623 1137 1664 caeteris
1172 1623 1301 1674 alibi,
1342 1623 1475 1664 nobis
1510 1623 1750 1674 Perusiae,
1787 1623 1833 1663 in

197 1692 356 1733 divino
395 1693 616 1745 obsequio
652 1705 923 1735 communes
957 1694 1110 1745 fuere,
1149 1706 1331 1735 summa
1366 1700 1411 1734 et
1444 1700 1699 1746 proventus
1733 1694 1832 1741 tibi,

197 1764 245 1804 P.
270 1764 316 1804 in
339 1763 525 1805 Christo
547 1765 854 1816 observande,
876 1766 1210 1817 perscribetur‚
1235 1766 1274 1805 si
1294 1765 1423 1817 prius
1445 1765 1702 1806 domestica
1724 1777 1831 1816 quo-

198 1847 286 1887 que
306 1835 496 1887 negotia
519 1836 737 1887 attigero,

274 1906 466 1946 Fratres
495 1918 589 1947 non
623 1908 773 1947 solum
806 1908 948 1959 longa
975 1914 1018 1948 et
1048 1910 1186 1960 gravi
1216 1920 1373 1949 rerum
1403 1915 1481 1948 aut
1513 1908 1602 1948 loci
1636 1908 1832 1958 penuria

197 1989 290 2017 non
310 1983 417 2018 sunt
437 1978 668 2027 exterriti,
694 1979 787 2019 imo
815 1986 860 2019 et
886 1979 1096 2031 pristinis
1124 1981 1293 2020 animis
1319 1980 1479 2020 nescio
1510 1980 1619 2031 quid
1648 1979 1833 2019 roboris

196 2048 243 2088 in
273 2048 371 2088 dies
400 2049 586 2089 videtur
616 2049 857 2090 accedere.
894 2049 1056 2091 Studia
1090 2057 1246 2091 autem
1280 2051 1521 2091 remissius
1551 2056 1828 2100 tractantur,

195 2125 290 2159 tum
326 2119 528 2160 adversa
563 2120 792 2161 hactenus
827 2122 1078 2162 multorum
1111 2122 1402 2172 valetudine,
1439 2128 1538 2161 tum
1571 2133 1685 2161 sane
1718 2122 1830 2160 mul-

196 2190 392 2230 titudine
437 2191 747 2242 negotiorum.
789 2192 997 2233 Tametsi
1037 2194 1202 2245 quibus
1241 2193 1372 2243 licet,
1415 2193 1558 2233 horas
1598 2192 1831 2232 interdum

197 2260 415 2301 suffurari
453 2261 513 2302 sit
552 2274 811 2303 commune.
853 2263 1103 2304 Potissima
1144 2276 1255 2315 pars
1293 2264 1453 2314 docet,
1504 2263 1606 2303 aliis
1644 2263 1831 2303 interim

197 2343 282 2371 sua
303 2332 444 2372 etiam
465 2332 616 2373 officia
636 2334 966 2383 tractantibus3
992 2336 1186 2387 quisque
1207 2347 1292 2375 sua
1314 2341 1438 2375 sorte
1458 2335 1638 2375 beatus.
1662 2333 1828 2385 Quam-

197 2413 338 2454 quam
381 2403 626 2443 extruendi
672 2404 748 2444 hic
789 2405 985 2457 Collegii
1030 2417 1161 2458 spem
1205 2406 1406 2458 plurima
1446 2405 1743 2446 incommoda
1786 2411 1831 2444 et

198 2473 373 2514 diversi
410 2485 568 2515 rerum
607 2475 760 2516 exitus
801 2476 1090 2528 aliquantum
1134 2477 1512 2527 interturbarint‚
1556 2476 1831 2516 ademerunt

197 2550 354 2584 tamen
384 2556 640 2597 nunquam.
671 2546 740 2587 Ea
766 2547 889 2587 enim
916 2553 986 2588 est
1020 2548 1207 2588 divinae
1235 2548 1507 2589 clementiae
1538 2547 1826 2598 magnitudo,

198 2620 246 2654 ut
280 2613 528 2656 Societatis
556 2628 699 2668 opera
728 2618 890 2658 urbem
923 2618 1046 2659 hanc
1077 2631 1260 2671 quoque
1284 2618 1542 2669 juvandam
1568 2618 1828 2658 destinarit.

198 2685 332 2736 Quod
368 2697 595 2739 prospero
629 2693 800 2728 eventu
827 2695 872 2729 et
900 2689 1153 2741 spiritualis
1179 2696 1435 2741 proventus
1462 2689 1607 2729 veluti
1631 2689 1831 2740 pignore

198 2756 418 2807 colligere
438 2757 560 2798 licet.
583 2757 681 2798 Nec
711 2764 893 2799 tantum
922 2760 970 2799 in
997 2759 1241 2800 movendis
1266 2760 1506 2800 hominum
1533 2760 1701 2800 animis
1726 2759 1830 2800 dae-

199 2838 307 2867 mon
327 2828 468 2879 valet,
493 2834 719 2880 quantum
740 2829 869 2870 Deus
890 2830 989 2881 ipse
1005 2830 1246 2871 firmandis
1266 2830 1585 2881 fovendisque.
1610 2830 1653 2870 Is
1676 2836 1832 2870 autem

196 2898 491 2948 potissimum
535 2900 657 2940 inter
703 2906 889 2941 caetera
936 2902 1162 2942 suadebat
1207 2913 1300 2941 non
1349 2902 1684 2942 admittendam
1728 2913 1831 2942 esse

253 3056 263 3076 ¹
303 3057 564 3093 Autographae,
579 3059 612 3086 in
628 3059 708 3086 folio
722 3060 832 3095 unico,
847 3067 877 3087 n.
892 3059 1039 3088 56.—Est
1054 3064 1087 3087 et
1103 3060 1339 3095 apographum
1354 3060 1386 3087 in
1402 3061 1480 3088 folio
1491 3061 1578 3088 ambis
