2168 3437
326 274 396 312 606
840 270 1066 306 LITTERAE
1093 279 1452 312 QUADRIMESTRES

408 402 760 454 Superscm'ptz'o
778 403 826 442 z'n
844 405 1017 453 quarta
1027 400 1235 452 pagina:
1256 376 1368 440 IHS.
1392 399 1453 439 Al
1468 399 1612 439 Molto
1632 398 1734 439 R.d0
1757 399 1804 439 in
1820 399 1959 440 Chro.

329 475 480 514 Pad1·e
500 474 531 514 il
550 473 600 513 P.
624 473 708 514 M.0
736 474 843 513 Don
872 473 1055 524 Ignatio
1081 471 1282 523 Loyola,
1313 470 1557 522 Preposito
1588 472 1809 521 generale
1841 471 1962 511 della

331 545 622 597 Compagnia
643 545 689 585 di
711 545 868 585 Giesu.

411 615 455 656 A
475 615 640 656 Roma.

412 687 523 727 Alsa
544 698 708 727 manu:
733 686 846 726 1554.
871 686 1087 726 Modena.
1112 685 1201 725 Del
1223 678 1414 736 maggi'o
1446 683 1688 734 (deletmn)
1710 683 1760 723 27
1782 682 1964 734 Aprile.

331 758 526 799 Emend.

336 1255 587 1282 Praecedentes
608 1254 767 1281 Andreae
784 1254 999 1288 Boninsegna
1014 1254 1152 1281 litterae
1167 1261 1187 1281 a
1203 1253 1242 1280 P.
1258 1253 1418 1286 Polanco,
1439 1252 1637 1287 priusquam
1658 1252 1972 1279 transcriberentur

572 1312 605 1335 et
622 1308 851 1342 transcriptae
868 1307 901 1334 in
917 1307 1099 1334 Societatis
1116 1307 1230 1333 domos
1245 1306 1475 1339 mitterentur,
1491 1306 1693 1332 emendatae
1712 1307 1731 1332 ¹.

1120 1503 1204 1556 Jhs

421 1718 587 1758 Gratia
610 1724 653 1758 et
674 1730 769 1769 pax
790 1717 978 1758 Christi.

420 1789 618 1840 Accipe,
642 1789 696 1829 R.
720 1789 769 1829 P.
793 1789 840 1828 in
864 1788 976 1837 C.t0,
1001 1788 1155 1840 capita
1177 1799 1338 1828 eorum
1359 1787 1623 1837 dumtaxat,
1649 1797 1766 1837 quae
1789 1796 1870 1836 per
1890 1796 1978 1824 nos

340 1860 489 1910 Deus,
513 1872 680 1900 servos
708 1866 812 1900 tuos
842 1860 1080 1910 minimos,
1115 1865 1315 1911 quatuor
1345 1859 1476 1899 hisce
1505 1857 1741 1898 mensibus
1769 1855 1981 1908 proxime

341 1932 594 1971 transactis
616 1931 802 1983 operari
824 1938 893 1971 est
916 1931 1151 1982 dignatus.

423 2002 541 2043 Cum
560 2003 793 2042 innumeri
815 2002 874 2042 ad
894 2013 980 2042 nos
1000 2002 1216 2041 venerint
1238 2001 1513 2041 confitentes
1535 1999 1758 2049 verbique
1787 1997 1876 2037 Dei
1906 2008 1982 2036 au-

343 2074 661 2125 ditoreS‚‚non
695 2079 853 2113 tamen
888 2079 1159 2124 superatum
1186 2072 1329 2112 fuisse
1360 2083 1524 2111 sexum
1551 2070 1844 2120 muliebrem,
1878 2079 1986 2108 cum

340 2145 664 2196 magnitudine
699 2145 951 2195 scelerum,
991 2150 1088 2184 tum
1118 2143 1407 2195 poenitentia
1439 2141 1711 2182 eorumdem
1737 2140 1985 2191 fructuque

343 2217 608 2257 animarum
642 2227 849 2256 suarum.
887 2215 1054 2256 Mulier
1088 2215 1340 2267 quaedam,
1374 2214 1544 2254 marito
1579 2213 1765 2262 relicto,
1800 2211 1987 2251 cuidam

344 2288 545 2328 amatori
566 2288 763 2339 turpiter
780 2287 1008 2337 adhaesit,
1027 2292 1078 2326 ut
1095 2287 1171 2326 vel
1188 2286 1382 2337 triginta
1399 2291 1523 2325 totos
1540 2295 1690 2324 annos
1705 2295 1799 2323 non
1816 2281 1987 2334 pudue-

342 2360 404 2399 rit
424 2359 472 2399 in
493 2359 721 2399 adulterio
744 2358 942 2409 versari,
966 2358 1061 2408 sed,
1082 2369 1137 2397 eo
1159 2357 1349 2397 tandem
1370 2357 1469 2396 vita
1491 2355 1728 2406 defuncto,
1747 2353 1983 2405 poeniten-

344 2431 409 2470 tia
430 2430 768 2482 propemodum
789 2429 1050 2469 incredibili
1070 2428 1287 2480 perculsa
1304 2427 1470 2467 Patres
1487 2431 1676 2467 nostros
1697 2425 1861 2475 adivit,
1881 2435 1986 2464 cum

346 2501 494 2552 iisque
523 2500 761 2551 confessa,
792 2501 919 2540 vitae
948 2500 1038 2539 hoc
1063 2511 1214 2550 genus
1241 2498 1630 2538 nefandissimum
1660 2508 1765 2536 cum
1793 2495 1987 2535 sanctis-

347 2573 466 2612 simo
507 2571 838 2620 commutavit,
877 2583 931 2611 ac
966 2570 1127 2622 pietati
1163 2569 1471 2620 religionique
1507 2568 1792 2608 christianae
1831 2566 1898 2606 sic
1939 2577 1987 2605 se

347 2643 660 2695 mancipavit,
690 2649 739 2682 ut
774 2642 1052 2683 confiteatur
1087 2641 1276 2693 saepius
1303 2647 1348 2681 et
1376 2639 1575 2680 Sacrum
1603 2638 1778 2680 Christi
1807 2637 1989 2688 Corpus

349 2726 588 2755 assumere
605 2713 704 2765 jam
726 2713 1001 2753 assueverit.
1026 2712 1134 2752 Alia
1164 2723 1370 2764 quoque,
1404 2711 1451 2751 in
1480 2710 1642 2751 eodem
1673 2710 1850 2749 scelere
1877 2719 1988 2748 non-

347 2787 499 2826 nullos
522 2797 671 2825 annos
691 2790 904 2833 versata,
930 2795 1036 2824 cum
1052 2783 1149 2834 jam
1170 2783 1237 2823 rei
1267 2768 1601 2833 turpitudinem
1632 2780 1864 2831 coepisset
1893 2779 1987 2818 ani-

349 2856 668 2907 madvertere,
702 2861 832 2895 tanto
862 2855 1050 2906 pietatis
1085 2854 1238 2894 studio
1273 2853 1358 2894 fuit
1393 2852 1583 2903 affecta,
1618 2857 1690 2902 ut,
1726 2856 1990 2891 erratorum

351 2939 542 2968 suorum
563 2927 704 2967 venia
725 2938 807 2978 per
838 2925 1180 2966 confessionem
1210 2925 1482 2976 impetrata,
1515 2922 1810 2963 sanctissime
1839 2921 1886 2961 in
1913 2932 1989 2972 po-

407 3086 417 3106 ¹
458 3086 706 3120 Apographum
720 3086 753 3112 in
769 3086 847 3113 solio
863 3085 997 3119 duplici,
1009 3092 1063 3112 nn.
1080 3085 1131 3111 125
1145 3089 1178 3112 ct
1195 3084 1255 3111 126.
