2168 3437
334 259 405 295 416
837 256 1063 292 LITTERAE
1090 265 1447 298 QUADRIMESTRES

1051 704 1267 759 GOLII

407 942 608 989 Angelus
624 940 879 985 PullicinuS,

455 1005 523 1043 Ex
543 1005 863 1043 commissione
884 1004 1029 1042 Patris
1046 1003 1172 1041 Pauli
1194 1003 1231 1040 d'
1248 1003 1448 1049 Achillis,

504 1072 625 1108 Patri
643 1070 815 1118 Ignatio
834 1069 1020 1117 Loyola,

552 1137 790 1182 Panormo,
813 1135 861 1172 23
875 1134 1148 1182 Septembris
1173 1133 1266 1171 1553
1283 1134 1307 1173 ¹.

419 1559 532 1600 Gra.
557 1565 600 1598 et
622 1570 730 1610 pax.

420 1629 811 1681 Quandoquidem
831 1630 896 1669 ita
918 1634 1082 1669 sancta
1104 1627 1230 1667 iubet
1251 1626 1533 1677 obedientia,
1554 1624 1607 1665 R.
1627 1625 1676 1665 P.
1700 1625 1747 1665 in
1768 1624 1925 1675 Chro.,
1950 1636 1976 1664 a

337 1713 430 1753 qua
451 1706 775 1740 transversum
797 1700 862 1751 (ut
878 1699 1023 1750 aiunt)
1041 1698 1238 1750 digitum
1255 1697 1495 1738 discedere
1511 1696 1644 1737 nefas
1660 1696 1795 1751 duco2
1814 1696 1978 1747 paucis

341 1783 396 1812 ea
416 1771 470 1811 Re
494 1771 543 1811 P.
567 1771 618 1811 T.
644 1772 950 1822 complectar,
975 1782 1094 1822 quae
1124 1769 1339 1822 proximo
1368 1768 1694 1818 quadrimesti,
1724 1778 1819 1807 non
1848 1766 1974 1807 indu-

341 1843 457 1883 stria
479 1842 665 1894 quidem
686 1848 765 1882 aut
787 1842 1017 1893 dignitate
1046 1853 1175 1891 nra.,
1200 1840 1282 1881 sed
1312 1851 1494 1880 summa
1525 1838 1873 1880 clementissimi
1893 1837 1975 1878 Pa—

339 1914 425 1954 tris
446 1913 535 1953 Dei
556 1924 670 1964 erga
690 1925 776 1953 nos
797 1913 1004 1953 bonitate
1021 1944 1029 1964 ,
1053 1912 1130 1952 hic
1147 1912 1461 1962 contigerunt.

421 1984 480 2025 Et
500 1985 701 2036 primum
723 1984 911 2036 quidem
932 1995 959 2023 a
981 1983 1277 2024 scholasticis
1307 1983 1420 2023 nris.
1450 1982 1750 2033 auspicabor,
1781 1993 1976 2033 quorum

339 2067 563 2096 numerus
583 2067 666 2107 per
687 2055 897 2106 singulos
918 2055 1017 2095 dies
1039 2054 1241 2103 auctior,
1266 2060 1311 2094 et
1331 2053 1532 2103 fructus,
1565 2065 1671 2093 curn
1691 2053 1739 2092 in
1758 2053 1855 2092 lris.
1879 2058 1978 2092 tum

341 2127 389 2167 in
427 2137 551 2177 spu.‚
594 2126 683 2166 Dei
721 2126 1011 2178 benignitate
1040 2125 1246 2165 cernitur
1275 2125 1477 2165 uberior.
1509 2125 1693 2164 Etenim
1723 2123 1788 2174 (ut
1817 2123 1979 2175 paucis

342 2209 503 2238 eorum
542 2198 588 2237 in
627 2197 792 2237 studiis
832 2197 1197 2237 exercitationes
1242 2195 1487 2247 attingam)
1528 2196 1716 2236 scholas
1755 2194 1975 2247 quotidie,

341 2268 482 2310 modo
504 2269 659 2321 aliqua
680 2280 761 2309 eos
781 2281 876 2309 non
903 2274 1071 2319 urgeat
1092 2268 1361 2320 occupatio,
1391 2267 1689 2318 frequentant
1716 2266 1977 2318 diligenter;

343 2346 388 2381 et
408 2341 455 2380 in
475 2340 566 2380 illis
586 2346 692 2392 post
712 2340 842 2380 fusas
862 2339 910 2379 in
931 2339 1149 2390 ingressu
1171 2338 1311 2391 (quod
1338 2337 1387 2378 fit
1419 2338 1560 2379 etiam
1580 2338 1628 2378 in
1648 2337 1857 2388 egressu)
1879 2348 1977 2388 pre-

341 2423 441 2462 ces,
467 2411 719 2462 audiendo‚
743 2411 901 2451 audita
924 2410 1196 2462 repetendo,
1221 2409 1495 2461 scribendo,
1519 2415 1563 2449 et
1590 2409 1776 2450 demum
1802 2409 1906 2449 aliis
1932 2409 1978 2448 id

341 2494 491 2533 genus
526 2482 942 2522 exercitationibus
969 2481 1209 2532 vacando,
1240 2486 1423 2521 tantum
1459 2492 1512 2521 eo
1540 2480 1657 2521 duce
1683 2485 1975 2532 promovent,

344 2565 434 2606 quo
456 2554 659 2606 primum
681 2553 878 2594 authore
909 2564 1130 2605 coepere,
1160 2558 1210 2592 ut
1238 2553 1356 2593 bene
1383 2563 1625 2603 speremus
1651 2551 1751 2592 fore
1782 2550 1905 2603 quod
1932 2551 1979 2591 in

342 2625 421 2675 iis,
447 2636 565 2676 quae
588 2625 646 2665 ad
669 2624 823 2665 studia
840 2624 1095 2676 pertinent,
1114 2624 1428 2675 expectationi
1449 2629 1639 2664 nostrae
1654 2623 1832 2663 faciant
1847 2623 1976 2663 satis.

423 2695 543 2735 Nam
563 2695 674 2747 quid
694 2696 750 2736 de
772 2695 1091 2747 spiritualibus
1113 2695 1267 2735 dicam
1284 2695 1545 2735 exercitiis?
1567 2695 1615 2735 in
1635 2694 1802 2746 quibus
1822 2700 1980 2734 tantos

344 2766 572 2806 hactenus
592 2766 746 2807 fecere
766 2777 1072 2818 progressus,
1091 2772 1140 2806 ut
1156 2766 1319 2806 mirari
1335 2778 1448 2806 sane
1465 2766 1768 2818 divinumque
1784 2765 1980 2817 digitum

343 2836 391 2876 in
424 2837 489 2876 eis
523 2838 762 2889 suspicere
797 2848 1038 2888 cogamur.
1076 2837 1217 2878 Brevi
1249 2837 1510 2889 expediam.
1550 2836 1642 2877 Oes
1676 2836 1773 2877 fere
1806 2847 1981 2888 magna

401 2972 411 2991 ¹
451 2972 719 3008 Autographae,
735 2976 829 3001 totae
844 2981 946 3001 manu
962 2973 1085 3007 Angeli
1101 2972 1270 3003 Pullicini.
1288 2973 1321 3000 in
1343 2973 1422 3001 folio
1438 2972 1581 3008 duplici,
1597 2980 1650 3000 nn.
1668 2972 1720 3000 190
1733 2976 1767 3000 et
1784 2972 1918 3000 19l.-——In
1933 2973 1980 3000 eis

344 3018 513 3053 quaedam
528 3020 690 3053 mutavit,
707 3021 874 3055 quaedam
892 3020 1020 3048 delevit
1035 3020 1219 3054 PoIancus,
1236 3028 1321 3055 quae
1338 3021 1496 3055 quoniam
1511 3028 1621 3055 pauca
1637 3023 1670 3048 et
1686 3020 1811 3054 exigua
1825 3024 1921 3053 sunt,
1938 3021 1980 3047 ad

345 3066 491 3100 paginae
507 3068 637 3094 calcem
653 3067 819 3095 adnotare
835 3068 987 3095 contenti
1003 3068 1138 3094 erimus.
