2168 3437
892 259 975 296 AN.
1007 259 1099 298 1553
1744 260 1814 298 495

178 367 285 396 cum
307 355 483 407 aliquot
504 368 563 396 ex
584 355 873 407 adjutoribus
895 355 953 396 ad
975 357 1150 397 Divum
1172 356 1385 398 Rochum
1412 358 1686 409 transirent,
1711 369 1811 399 cae-

177 426 265 466 teri
286 438 399 467 vero
420 427 468 467 in
489 426 697 478 Collegio
720 433 1063 479 permanerent.

257 497 358 537 Hoc
380 498 480 549 ipso
501 504 711 550 tempore
732 498 781 539 P.
805 499 1076 539 Gonzalvus
1099 499 1215 549 VaZ,
1239 500 1297 540 D.
1322 500 1560 541 Gonzalus
1581 507 1625 541 et
1646 500 1814 542 Petrus

177 568 234 608 de
256 567 431 609 Sancta
452 569 601 610 Cruce
624 571 670 610 in
691 570 891 610 diversis
912 571 1095 622 templis
1117 577 1182 621 et,
1206 577 1255 611 ut
1279 571 1498 611 credibile
1526 577 1617 622 est,
1640 583 1814 623 magno

178 651 285 679 cum
307 639 462 680 fructu
484 641 813 692 audiebantur,
833 648 1060 693 quantum
1076 653 1136 681 ex
1152 641 1501 682 confessionum
1520 643 1814 683 multitudine

177 710 335 761 colligi
356 717 523 762 potest.
547 711 622 751 Ad
643 711 904 752 doctrinam
932 718 1082 763 certe,
1115 724 1256 764 quam
1277 712 1326 753 P.
1352 712 1590 754 Gonzalus
1614 714 1714 754 Vaz
1735 714 1812 754 ha-

179 780 332 832 bebat,
372 787 531 821 tantus
561 782 701 822 fiebat
737 794 1009 833 concursus,
1041 788 1090 822 ut
1124 795 1238 834 prae
1270 785 1564 824 multitudine
1593 786 1815 837 templum

180 857 303 892 esset
330 852 468 892 valde
499 853 736 903 exiguum.
762 853 935 893 Multae
963 853 1104 893 etiam
1134 853 1363 894 honestae
1393 855 1440 894 in
1469 856 1632 906 primis
1658 856 1813 896 foemi-

181 934 269 962 nae
299 929 348 963 ut
381 924 536 963 locum
565 924 814 975 haberent,
839 936 896 964 ne
930 923 989 963 ad
1015 925 1268 976 prandium
1297 926 1484 976 quidem
1510 927 1816 967 discedebant

181 994 386 1034 domum.

259 1064 428 1105 Postea
458 1065 671 1105 discessit
703 1065 752 1105 P.
785 1066 1069 1106 Franciscus
1099 1065 1389 1117 Cordubam,
1421 1068 1499 1119 qui
1526 1079 1752 1119 magnum
1773 1075 1817 1109 et

179 1136 315 1176 aulae
337 1142 381 1176 et
402 1137 536 1176 nobis
558 1137 629 1177 sui
646 1137 831 1189 reliquit
852 1137 1148 1178 desiderium.

260 1206 398 1247 Pater
419 1208 560 1248 etiam
580 1208 898 1260 Hieronymus
913 1208 1093 1249 Natalis
1111 1209 1430 1249 Conimbriam
1447 1221 1554 1250 cum
1571 1210 1619 1251 P.
1638 1211 1817 1252 Mirone

180 1278 417 1329 profectus
439 1286 522 1329 est,
548 1278 606 1319 ad
630 1278 828 1330 Collegii
848 1292 922 1320 res
945 1280 1316 1320 constituendas.

261 1349 415 1400 Atque
436 1362 494 1390 ex
515 1362 569 1390 eo
591 1356 801 1402 tempore
822 1357 980 1402 patres
1001 1351 1134 1391 nobis
1166 1352 1433 1392 charissimi
1462 1352 1509 1392 in
1538 1364 1622 1392 suo
1644 1354 1817 1405 templo

179 1426 225 1460 et
263 1421 490 1460 habendis
530 1421 832 1462 concionibus
871 1428 915 1462 et
955 1422 1197 1462 audiendis
1238 1422 1611 1463 confessionibus
1645 1436 1819 1464 vacare

181 1498 458 1542 coeperunt,
482 1498 531 1532 ut
553 1504 611 1532 ex
632 1493 840 1544 ipsorum
861 1493 1008 1533 literis
1030 1499 1111 1533 tua
1132 1492 1181 1533 P.
1206 1505 1497 1544 cognoscere
1519 1495 1708 1546 poterit.

258 1561 354 1602 Nos
375 1564 432 1603 ab
464 1564 552 1614 eis,
582 1575 689 1604 cum
715 1564 882 1615 quibus
910 1576 1069 1604 sumus
1100 1565 1256 1604 animo
1291 1570 1336 1605 et
1367 1565 1597 1605 charitate
1631 1565 1819 1617 conjun-

178 1633 394 1685 ctissimi,
426 1635 530 1674 loco
558 1635 790 1685 distracti,
820 1634 1040 1686 Spartam
1072 1634 1098 1686 ¹,
1125 1647 1267 1687 quam
1293 1636 1429 1676 nobis
1456 1636 1584 1676 Deus
1615 1637 1819 1688 optimus

177 1705 410 1745 maximus
446 1706 693 1746 colendam
727 1706 874 1757 dedit,
913 1719 1083 1747 ornare
1121 1707 1377 1758 coepimus.
1414 1707 1532 1748 Nam
1571 1709 1822 1759 gymnasia

177 1787 370 1816 numero
388 1783 496 1817 sunt
517 1784 676 1828 aucta,
699 1789 792 1817 non
814 1778 951 1818 modo
980 1784 1169 1829 sumptu
1201 1791 1227 1818 a
1254 1778 1440 1830 publico
1463 1779 1670 1819 civitatis
1693 1791 1821 1819 aera-

178 1846 247 1886 rio
269 1848 585 1899 suppeditato,
610 1848 692 1889 sed
713 1849 980 1889 hominibus
1009 1849 1173 1901 etiam,
1209 1850 1289 1901 qui
1319 1856 1540 1890 curarent
1561 1851 1740 1902 omnia,
1766 1851 1822 1891 ab

177 1917 290 1969 ipsis
312 1919 667 1970 magistratibus
695 1919 931 1960 adhibitis.
956 1920 1015 1960 D.
1046 1920 1332 1961 Franciscus
1363 1921 1559 1971 Correa,
1595 1922 1673 1973 qui
1700 1934 1822 1962 sum-

178 2000 304 2029 mum
331 1989 378 2029 in
404 1990 518 2030 urbe
545 1991 874 2041 magistratum
903 1991 1048 2042 gerit,
1080 1992 1266 2043 magnis
1299 1991 1461 2033 officiis
1493 1993 1583 2033 hoc
1614 1999 1824 2044 tempore

177 2066 389 2100 nostram
409 2061 598 2101 domum
620 2067 897 2112 prosecutus
920 2068 1007 2113 est,
1042 2063 1238 2103 veniens
1261 2063 1385 2103 enim
1413 2063 1608 2104 subinde
1639 2064 1699 2104 ad
1720 2076 1820 2113 nos,

177 2131 330 2181 ipsam
350 2132 548 2182 urgebat
565 2133 958 2184 aedificationem,
979 2145 1036 2173 ne
1049 2132 1279 2185 juvenum
1297 2134 1451 2175 studia
1469 2135 1821 2186 impedi1·entur;

179 2213 298 2254 quae
320 2209 428 2243 ante
449 2202 622 2244 festum
647 2203 706 2244 D.
730 2204 887 2244 Lucae
914 2204 1004 2244 hoc
1033 2217 1156 2245 anno
1184 2205 1401 2246 inchoari
1431 2218 1524 2246 non
1553 2212 1821 2257 potuerunt.

179 2272 340 2313 Voluit
361 2274 484 2314 enim
506 2275 554 2315 P.
579 2274 759 2315 Natalis
780 2281 830 2315 ut
851 2274 1124 2316 scholastici
1142 2277 1214 2316 sui
1230 2276 1471 2327 profectus
1489 2277 1726 2328 specimen
1745 2277 1822 2317 ali-

180 2344 304 2394 quod
332 2343 521 2395 darent,
554 2357 644 2397 qua
673 2345 729 2386 de
757 2357 900 2386 causa
929 2348 1102 2387 multas
1133 2347 1371 2387 orationes
1403 2353 1447 2387 et
1482 2347 1692 2387 carmina
1714 2348 1823 2387 scri-

180 2421 394 2465 pserunt,
426 2416 593 2466 quibus
614 2417 839 2468 parietes,
875 2418 953 2469 qui
983 2424 1091 2458 sunt
1120 2419 1167 2458 in
1196 2417 1426 2469 quadrato
1461 2418 1597 2469 hujus
1627 2418 1825 2470 Collegii

182 2486 324 2534 atrio,
350 2487 614 2526 convestiti:
640 2488 790 2527 oratio
812 2499 949 2528 mane
970 2488 1132 2529 habita
1155 2495 1225 2528 est
1247 2488 1302 2528 de
1326 2489 1555 2540 dignitate
1578 2489 1720 2529 trium
1739 2489 1823 2529 lin-

181 2567 382 2607 guarum
415 2557 764 2610 christianaque
791 2558 963 2609 pietate
991 2571 1098 2599 cum
1123 2560 1287 2611 primis
1323 2560 1464 2600 etiam
1500 2560 1667 2600 studiis
1694 2560 1823 2600 imbi-

181 2627 352 2679 benda,
377 2629 454 2668 ubi
477 2627 726 2669 Societatis
748 2630 996 2670 consilium
1024 2631 1072 2670 in
1095 2630 1341 2682 juventute
1370 2631 1658 2671 instituenda
1686 2631 1827 2683 expli-

182 2705 340 2739 catum
361 2706 444 2740 est.
474 2699 786 2741 Interfuerunt
816 2701 1122 2752 magistratus
1152 2702 1376 2754 multique
1405 2702 1495 2742 viri
1522 2702 1717 2753 literati,
1749 2703 1828 2754 qui

180 2776 344 2821 postea
378 2771 678 2822 inspiciendis
713 2772 1108 2813 scholasticorum
1139 2773 1427 2813 carminibus
1457 2779 1501 2813 et
1532 2774 1827 2814 orationibus

231 2918 241 2938 ¹
282 2919 439 2966 Σπάρτην
464 2917 607 2968 ἓλαχες,
636 2921 760 2954 τάυταν
780 2920 920 2966 κόσμει,
942 2925 1104 2961 Spartam
1130 2927 1273 2954 sortitus
1298 2934 1351 2961 es,
1376 2927 1464 2955 hanc
1485 2935 1587 2961 orna;
1607 2928 1829 2963 proverbium

185 2979 347 3006 graecum
362 2976 395 3000 et
409 2981 533 3007 graece
550 2978 751 3007 usurpatum
766 2981 785 3000 a
803 2973 985 3006 Cicerone,
1000 2974 1022 3001 l.
1038 2975 1069 3001 4.
1086 2974 1129 3001 ad
1145 2974 1247 3002 Attio.
1270 2982 1321 3009 ep.
1337 2975 1364 3009 6,
1388 2983 1452 3009 quo
1473 2975 1687 3010 significatur
1700 2977 1734 3004 in
1754 2984 1828 3004 eam

183 3027 255 3047 rem
269 3025 404 3048 strenue
421 3027 494 3047 esse
513 3021 789 3054 incumbendum,
806 3029 892 3055 quae
907 3022 1004 3049 nobis
1019 3022 1142 3056 obtigit
1158 3025 1192 3048 et
1208 3022 1314 3049 officio
1335 3029 1395 3049 suo
1416 3022 1599 3057 diligenter
1614 3024 1733 3058 cuique
1750 3032 1827 3052 esse

183 3068 390 3102 fungendum
405 3069 638 3103 (FACCIoLAn,
655 3069 884 3101 FORCELLINI).
