2168 3437
866 273 948 309 ΑΝ.
980 273 1069 310 1554
1713 272 1782 309 517

149 368 312 408 stituto
334 366 583 408 Societatis
606 368 899 409 obseruando
923 370 1195 419 obstrictus,
1227 381 1310 409 suo
1339 369 1568 408 arbitratu
1596 374 1779 419 sponta-

148 450 252 489 neo,
289 449 395 478 cum
429 437 574 477 fratre
609 444 770 478 nostro
804 439 980 492 Jacobo
1014 439 1229 489 Morelio,
1266 440 1351 479 sub
1387 438 1524 478 finem
1558 438 1776 490 Augusti,

148 508 240 548 Κῶ
272 508 425 548 Patris
449 508 600 548 nostri
628 507 637 526 ¹
666 509 857 549 arbitrio
887 509 1167 561 definitoque
1196 510 1391 560 iudicio,
1424 510 1594 550 missus
1620 510 1705 550 fuit
1733 510 1780 550 in

148 579 439 619 Auuerniam
461 579 520 618 ad
540 577 684 618 RfliSS‘
701 579 983 632 Episcopum
1005 581 1339 621 Clarmontanu
1357 613 1364 631 ,
1384 587 1431 621 ut
1456 594 1513 621 ex
1534 583 1631 621 eius
1648 592 1779 632 prae-

148 650 326 701 scripto
347 649 610 689 vocationis
638 655 825 691 nostrae
852 663 1043 691 munere
1074 651 1349 702 fungeretur
1382 658 1597 703 uterque,
1631 652 1779 692 donec

147 727 277 773 peste
313 720 547 770 mitigata,
578 721 637 760 ad
663 720 989 773 Philosophiae
1015 722 1257 773 periodum
1285 728 1468 763 maturo
1496 723 1648 763 reditu
1677 734 1779 763 sese

149 792 285 831 ambo
306 791 582 843 reciperent.
608 791 681 832 Ab
702 793 935 844 Episcopo
962 793 1296 833 humanissime
1324 794 1530 846 excepti,
1563 794 1623 834 ad
1643 806 1776 835 exco-

146 862 330 902 lendam
352 862 541 902 Domini
562 862 750 902 vineam
771 863 967 914 abrupta
990 875 1121 903 mora
1143 864 1428 904 emittuntur.

226 932 346 972 RQS
376 932 515 972 Pater
543 940 701 973 noster
728 945 928 985 egoque,
962 935 1354 985 peregrinationis
1384 936 1695 984 eius.comes‚
1729 936 1776 975 in

146 1004 329 1055 Agrum
351 1003 706 1053 Crucifontanu,
730 1004 920 1044 Domini
941 1003 1114 1055 Angeli
1134 1004 1364 1056 Cognetii,
1389 1006 1625 1046 Advocati
1647 1006 1775 1046 Pala-

144 1075 242 1126 tini,
266 1080 492 1126 paternae
513 1075 818 1115 haereditatis
839 1075 1200 1126 possessionem,
1230 1075 1514 1127 Septembris
1537 1077 1745 1128 auspicio
1762 1076 1776 1094 ‘²

144 1146 456 1194 euolauimus,
491 1151 679 1196 ereptae
708 1146 842 1185 nobis
876 1146 1040 1185 messis
1062 1146 1285 1196 spiritalis
1306 1147 1523 1196 Parisiis,
1556 1148 1773 1198 colligen-

144 1216 231 1257 dae
251 1216 444 1264 fiducia,
468 1217 696 1268 simulque
732 1217 874 1268 pestis
901 1217 1148 1268 tyrannide
1175 1229 1259 1257 nos
1292 1224 1501 1269 urgente.
1532 1218 1670 1258 Pater
1699 1230 1776 1258 no-

145 1294 240 1328 ster
262 1288 459 1339 singulis
480 1287 641 1328 diebus
663 1299 801 1328 sacra
823 1288 1065 1328 celebrans
1085 1289 1324 1339 mysteria,
1348 1291 1643 1329 nonullorum
1672 1301 1776 1329 con-

144 1359 372 1399 fessiones
407 1359 599 1399 audiuit.
636 1359 974 1410 Eleemosynae
1010 1365 1106 1399 tum
1141 1360 1363 1411 spiritalis
1392 1367 1490 1400 tum
1519 1361 1777 1411 corporalis

146 1430 405 1470 ministerio
426 1429 659 1470 interdum
680 1430 885 1470 studium
907 1442 1190 1482 operamque
1211 1431 1498 1482 impendens.

222 1501 333 1541 Mox
353 1501 482 1550 mihi,
507 1500 775 1541 domesticis
796 1501 1100 1541 concionibus
1121 1501 1419 1542 mediocriter
1447 1503 1720 1550 exercitato,
1746 1514 1773 1542 a

140 1571 278 1612 Patre
298 1571 606 1623 persuadetur
625 1578 674 1611 ut
691 1583 856 1612 sacrae
874 1571 1179 1622 obedientiae,
1200 1572 1386 1612 diuinae
1403 1573 1585 1623 gratiae
1605 1573 1773 1613 auctri-

139 1644 220 1693 cis,
241 1643 413 1683 auxilio
430 1642 593 1694 fretus,
613 1643 810 1694 singulis
825 1642 987 1683 diebus
1004 1643 1169 1693 sacris,
1194 1643 1252 1684 ad
1269 1644 1491 1695 populum
1508 1644 1772 1684 cocionatu-

137 1726 217 1754 rus
239 1714 285 1754 in
307 1720 582 1765 suggestum
604 1714 934 1754 conscendam:
958 1726 1049 1765 quo
1071 1726 1276 1765 munere,
1300 1715 1524 1755 trimestri
1553 1715 1648 1755 fere
1671 1726 1775 1766 spa-

137 1786 217 1835 tio,
242 1785 289 1824 in
309 1785 507 1825 diuersis
527 1785 665 1836 pagis
686 1785 983 1825 circuuicinis
1007 1796 1113 1825 cum
1143 1785 1412 1826 auditorum
1439 1786 1699 1838 frequentia
1731 1792 1774 1826 et

142 1857 398 1896 attentione
418 1855 606 1896 functus
626 1867 743 1907 sum,
767 1856 1002 1896 interdum
1023 1868 1114 1896 uno
1137 1857 1392 1909 eodemque
1416 1857 1488 1897 die
1510 1857 1556 1897 in
1578 1857 1776 1897 diuersis

141 1927 256 1967 locis
280 1928 447 1967 iterata
470 1927 709 1967 concione.
733 1927 835 1968 Hoc
856 1928 931 1967 vel
953 1928 1155 1967 maxime
1183 1928 1341 1979 populi
1371 1928 1508 1968 fidem
1537 1928 1770 1975 vincebat,

139 1998 262 2050 quod
282 1999 459 2038 nullum
481 1998 684 2038 studium
706 1999 869 2038 salutis
891 2010 1073 2049 eorum,
1099 2006 1257 2050 spreta
1289 2005 1357 2039 ois
1385 1999 1603 2050 stipendii
1631 2005 1674 2039 et
1703 2005 1776 2038 co-

139 2070 373 2110 uiuiorum
394 2070 549 2110 oblata
571 2081 667 2121 spe,
692 2070 843 2110 omitti
872 2078 1133 2121 cernerent,
1163 2077 1206 2111 et
1235 2082 1307 2110 me
1337 2076 1633 2110 sacramenta
1661 2070 1778 2111 Con-

141 2140 357 2180 fessionis
379 2146 518 2192 atque
540 2141 881 2181 communionis
902 2141 1276 2193 frequentantem
1299 2142 1636 2193 conspicerent.
1657 2141 1776 2192 Deo,

140 2217 334 2263 grarum
356 2212 554 2252 actionis
576 2212 695 2261 vice,
720 2213 923 2252 attribuo
947 2213 1167 2264 quicquid
1185 2213 1394 2262 tandem,
1421 2225 1503 2264 per
1528 2212 1695 2264 fragile
1713 2213 1776 2252 in-

142 2282 343 2334 utileque
360 2283 543 2333 gratiae
560 2294 673 2323 suae
689 2284 951 2332 vasculum,
971 2284 1216 2323 animabus
1234 2284 1495 2324 sitientibus
1512 2283 1778 2323 ministrare

144 2353 367 2404 dignatus
388 2360 472 2393 est.

221 2423 413 2464 Praeter
444 2424 588 2464 diuini
615 2425 746 2465 Verbi
781 2425 1040 2465 iniunctum
1076 2426 1187 2465 mihi
1222 2426 1500 2476 ministeriu,
1537 2426 1779 2466 erudiendi

141 2495 425 2535 filiifamilias
447 2507 560 2535 cura
581 2495 693 2536 mihi
715 2507 897 2548 quoque
924 2496 1252 2545 demandatur,
1287 2497 1361 2536 cui
1390 2497 1523 2537 binas
1555 2497 1779 2538 lectiones

142 2566 348 2617 quotidie
370 2566 592 2617 praelegi,
617 2567 815 2607 alteram
836 2567 1023 2619 quidem
1052 2567 1099 2606 in
1130 2566 1394 2607 Rhetoricis
1420 2568 1684 2619 praeceptis
1713 2568 1776 2608 lo-

143 2637 300 2688 cisque
329 2636 610 2687 dialecticis,
642 2638 837 2677 alteram
863 2649 978 2678 vero
1008 2638 1053 2677 in
1080 2638 1266 2689 graecis
1293 2638 1474 2678 litteris,
1503 2638 1673 2678 Mirum
1704 2646 1776 2678 est

143 2718 282 2759 quam
303 2713 432 2747 arcte
452 2714 673 2758 parentes
703 2719 752 2747 se
778 2708 913 2748 nobis
940 2708 1181 2748 deuinctos
1214 2714 1488 2759 agnoscant,
1527 2715 1776 2749 renuentes

143 2778 521 2818 constantissime
551 2779 812 2830 pecuniam,
842 2779 1088 2830 impendiis
1114 2780 1230 2819 meis
1256 2779 1567 2819 trimestribus
1595 2781 1773 2820 soluen-

144 2849 214 2889 dis
235 2860 262 2888 a
283 2849 422 2889 Patre
445 2849 559 2900 ipsis
581 2849 798 2899 oblatam,
823 2856 1009 2901 praeter
1038 2850 1411 2901 expectationem
1439 2850 1625 2902 quidem
1645 2856 1773 2901 eoru,

198 3031 207 3051 ¹
247 3031 554 3059 PaschasiiBroet.

197 3077 211 3097 2
250 3078 364 3107 initio.
382 3079 559 3106 Polancus.
