2168 3437
364 277 434 314 420
874 274 1103 310 LlTTERAE
1130 284 1486 316 QUADRIMESTRES

364 385 467 414 rum
489 372 613 411 dictu
635 375 860 421 quantum
880 368 940 408 ad
956 368 1301 420 suscipiendam
1321 368 1395 408 Χ.ἰ
1422 368 1558 409 fidem
1584 369 1872 409 incitaretur.
1906 370 1997 412 Sed

364 444 511 483 hostis
543 442 760 492 antiquus
793 452 886 480 non
919 439 1073 480 ferens
1107 450 1240 480 suam
1274 439 1332 479 ab
1368 440 1523 479 anima
1559 440 1636 480 illa
1672 440 1994 491 deiectionem,

365 527 458 555 non
479 514 572 553 iam
594 519 643 552 ut
668 512 798 563 prius
820 512 949 551 illum
971 517 1166 561 tentare,
1191 511 1273 551 sed
1293 511 1431 561 longe
1451 511 1674 562 validius,
1700 511 1916 564 omnique
1939 518 2003 563 (ut

365 585 554 633 dicitur)
589 584 789 622 telorum
825 593 999 633 genere
1026 582 1178 633 coepit
1212 592 1500 633 oppugnare.
1538 582 1596 622 Et
1631 583 1781 633 primo
1814 583 1999 633 quidem

364 661 549 695 tentans
571 654 609 693 si
628 665 718 704 quo
740 653 878 693 modo
899 658 1057 704 posset
1077 653 1135 692 ab
1157 652 1249 701 illo,
1275 651 1397 704 quod
1418 658 1720 704 conceperat,
1750 652 1996 704 desyderio

364 727 461 765 eius
496 731 698 765 mentem
734 735 961 764 avocare:
993 723 1271 763 immittebat
1301 723 1343 763 ei
1371 724 1647 763 memoriam
1677 724 1996 775 pecuniarum,

362 797 549 848 generis
579 796 891 846 nobilitatem,
923 806 1080 835 rerum
1108 806 1336 845 amorem,
1369 794 1546 834 fluxam
1574 795 1750 834 saeculi
1780 795 1998 845 gloriam.

363 869 492 919 Quae
522 879 627 907 cum
656 878 822 918 parum
848 866 1071 917 prodesse
1099 865 1415 917 conspiceret,
1445 865 1640 916 gravius
1669 877 1775 905 eum
1805 866 2003 917 aggredi

362 951 456 979 non
485 944 554 978 est
581 944 843 978 cunctatus.
874 937 1013 977 Modo
1049 937 1172 977 enim
1199 943 1243 976 et
1272 937 1414 976 animi
1442 943 1486 976 et
1514 937 1746 988 corporis,
1783 948 1873 988 qua
1905 939 2000 988 pol-

363 1010 506 1060 lebat,
532 1010 578 1049 in
599 1009 820 1060 periculis
840 1007 1184 1059 fortitudinem;
1221 1008 1345 1059 apud
1365 1020 1476 1048 suos
1496 1008 1684 1048 foedam
1715 1008 2001 1058 ignominiae

363 1086 525 1121 notam
561 1086 606 1120 et
631 1080 840 1120 vicinum
868 1079 982 1119 satis
1010 1079 1339 1130 adipiscendae
1366 1079 1596 1119 libertatis
1624 1085 1806 1130 tempus
1835 1090 2000 1130 sugge-

363 1152 508 1192 rebat.
533 1151 710 1202 Quibus
732 1151 871 1191 rebus
893 1161 1115 1201 magnam
1136 1149 1332 1190 callidus
1353 1151 1427 1190 ille
1449 1162 1643 1202 serpens
1661 1151 2002 1202 cogitationum

362 1223 532 1263 nubem
565 1223 606 1263 ei
639 1222 911 1262 suscitabat.
950 1221 1080 1272 Quae
1115 1221 1270 1262 omnia
1305 1221 1584 1262 daemonum
1618 1228 1908 1262 tentamenta
1947 1233 2000 1261 eo

361 1300 708 1346 processerunt,
733 1300 781 1333 ut
803 1293 964 1333 audire
985 1293 1127 1344 ipsos,
1153 1305 1207 1332 ac
1230 1292 1268 1332 si
1290 1293 1466 1344 aliquot
1487 1304 1648 1333 secum
1664 1299 1821 1333 essent
1843 1293 1999 1340 amici,

362 1366 636 1417 pollicentes
666 1365 753 1405 sibi
781 1364 1041 1414 videretur-3
1072 1375 1126 1403 ac
1156 1364 1220 1403 ita
1255 1364 1529 1415 pollicentes
1558 1369 1608 1403 ut
1643 1363 1845 1415 quodvis
1877 1363 2001 1403 aliud

362 1437 517 1488 potius
538 1435 700 1476 deesse
722 1447 862 1487 quam
883 1434 996 1474 illud
1017 1434 1141 1486 quod
1165 1434 1503 1485 pollicebantur
1523 1441 1696 1486 posset.
1724 1434 1859 1475 Adde
1881 1434 2004 1486 quod

362 1506 590 1547 silendum
624 1507 757 1547 nobis
791 1518 884 1546 non
911 1511 993 1545 est.
1033 1505 1248 1556 Quadam
1282 1505 1497 1545 videlicet
1532 1512 1668 1546 nocte
1703 1506 1750 1546 in
1785 1506 1998 1546 oratione

362 1578 530 1630 posito,
555 1589 713 1629 quam,
746 1589 831 1628 pro
852 1577 1052 1617 veritate
1081 1576 1167 1616 sibi
1197 1575 1564 1627 manifestanda,
1595 1588 1758 1617 coram
1789 1576 2001 1617 crucifixi

362 1649 567 1700 imagine
596 1661 623 1689 a
650 1648 807 1688 multis
840 1648 933 1688 iam
963 1647 1178 1687 noctibus
1213 1646 1408 1688 fundere
1443 1654 1775 1706 consueverat,
1813 1659 1997 1699 reprae-

361 1726 573 1770 sentasse
596 1720 849 1760 daemones
870 1719 1111 1771 propriam
1132 1718 1308 1758 orantis
1331 1718 1600 1769 imaginem,
1626 1730 1857 1769 quumque
1880 1730 1999 1770 eam,

362 1792 506 1832 veluti
533 1792 579 1831 in
609 1799 735 1831 terra
765 1791 836 1841 (ut
862 1790 950 1830 sibi
979 1789 1254 1840 Videbatur)
1282 1790 1508 1841 positam,
1540 1797 1662 1830 esset
1689 1790 1903 1841 intuitus,
1938 1790 2003 1831 ita

362 1875 466 1903 eam
495 1874 687 1902 cernere
714 1862 801 1902 sibi
828 1862 958 1902 visus
986 1867 1056 1901 est
1087 1861 1364 1911 deformem,
1393 1867 1442 1901 ut
1471 1873 1555 1912 pro
1584 1861 1783 1913 ingenti,
1810 1873 1901 1913 quo
1934 1868 2002 1901 est

360 1935 603 1986 perculsus
637 1934 823 1983 timore,
859 1933 966 1973 licet
1001 1938 1170 1972 natura
1198 1939 1321 1972 esset
1355 1932 1635 1984 intrepidus,
1673 1933 1812 1983 gravi
1848 1945 1998 1973 corre·

360 2012 467 2058 ptus
488 2006 630 2056 febre,
655 2005 935 2045 decumbere
957 2009 1231 2056 cogeretur;
1256 2004 1412 2056 itaque
1434 2004 1625 2044 territus
1653 2005 1867 2056 maleque
1893 2004 2003 2044 affe-

363 2084 465 2118 ctus
489 2077 660 2117 mansit
682 2077 759 2116 illa
783 2077 870 2116 die.
898 2075 1124 2116 Omittam
1145 2076 1244 2127 hic,
1268 2088 1326 2116 ne
1348 2075 1436 2115 sim
1457 2076 1560 2127 plus
1582 2087 1732 2127 aequo
1754 2076 1999 2127 prolixior,

363 2146 756 2199 quemadmodum
777 2146 974 2196 singulis
995 2146 1225 2193 noctibus,
1249 2151 1298 2186 ut
1324 2145 1527 2196 primum
1549 2158 1598 2186 se
1621 2146 1822 2186 orationi
1846 2146 2002 2194 dabat,

363 2219 520 2259 valido
548 2224 779 2269 gravatus
806 2229 970 2257 somno
1002 2217 1060 2257 ad
1087 2223 1263 2257 terram
1291 2216 1493 2257 caderet.
1530 2217 1647 2257 Cum
1677 2217 1822 2269 igitur
1853 2223 1922 2258 tot
1950 2229 2005 2257 ac

363 2289 505 2329 tantis
539 2289 834 2329 inimicorum
866 2287 1049 2328 insidiis
1077 2294 1216 2339 atque
1245 2287 1489 2328 fraudibus
1515 2289 1718 2340 undique
1749 2300 1798 2328 se
1827 2288 2007 2328 videret

364 2361 760 2408 circumventum,
798 2359 878 2399 uni
912 2371 971 2399 ex
999 2359 1216 2399 Patribus
1246 2371 1326 2410 ea,
1357 2371 1475 2410 quae
1505 2360 1821 2410 contigerant,
1859 2359 2006 2400 ferme

364 2432 522 2471 omnia
543 2431 781 2483 patefecit.
806 2430 1014 2481 Cumque
1046 2431 1104 2470 ab
1132 2442 1186 2470 eo
1216 2430 1380 2470 fuisset
1407 2430 1600 2470 edoctus
1630 2430 1825 2470 Dnicae.
1856 2431 2008 2471 crucis

366 2503 615 2553 vexillum,
653 2507 699 2542 et
731 2502 869 2542 fidem
903 2501 962 2541 ad
995 2501 1168 2541 Dnum.
1206 2501 1620 2553 inexpugnabilem
1655 2502 1789 2542 nobis
1823 2513 2008 2542 murum

366 2585 491 2624 esse,
516 2574 593 2613 illo
624 2573 844 2624 deinceps
875 2572 1103 2612 adversus
1133 2572 1411 2612 insultantes
1434 2572 1594 2613 hostes
1620 2573 1858 2613 muniebat
1888 2584 2004 2613 sese.

367 2644 662 2696 Tantumque
697 2644 804 2684 inde
840 2643 1001 2684 habuit
1038 2643 1221 2691 auxilii,
1259 2650 1309 2683 ut
1344 2643 1399 2683 de
1435 2643 1540 2683 fidei
1577 2649 1768 2684 nostrae
1807 2644 2006 2684 veritate

367 2716 568 2765 amplius
604 2727 702 2755 non
738 2715 1011 2766 ambigeret.
1048 2714 1192 2754 Immo
1231 2715 1305 2754 vel
1342 2715 1432 2754 hoc
1470 2727 1562 2754 uno
1601 2721 1832 2755 assereret
1856 2706 2006 2765 ‘argu—

368 2794 526 2826 mento
549 2786 725 2826 Christi
751 2786 889 2826 fidem
909 2797 1010 2826 esse
1031 2797 1193 2825 veram
1215 2785 1352 2825 facile
1373 2797 1511 2837 posse
1533 2786 1851 2837 comprobari,
1885 2787 2009 2838 quod

370 2863 551 2896 tantum
575 2857 632 2897 sit
656 2858 703 2897 in
723 2857 812 2897 hoc
838 2857 974 2908 signo
995 2856 1206 2907 virtutis,
1237 2862 1287 2896 ut
1314 2856 1591 2896 daemonum
1621 2857 1746 2897 acies
1778 2857 1834 2896 ab
1863 2869 1916 2896 ea
1945 2857 2007 2896 vi-

369 2932 445 2967 cta
473 2928 731 2979 profugiat,
767 2940 822 2968 ac
857 2928 1001 2968 veluti
1033 2927 1188 2967 fumus
1216 2927 1379 2967 territa
1408 2934 1675 2968 evanescat.
1713 2928 1884 2968 Mirum
1917 2934 2008 2968 stu-

370 2998 665 3050 pendumque
689 3000 745 3039 ad
769 2999 1061 3050 propositum
1082 2999 1171 3038 hoc
1193 2998 1391 3038 subdam
1411 2997 1700 3050 prodigium,
1725 3004 1769 3039 et
1796 2999 1920 3050 quod
1950 2999 2008 3039 ad

371 3068 544 3108 Christi
561 3070 761 3120 gloriam
780 3070 921 3110 faciat
939 3069 1157 3119 maxime,
1178 3069 1302 3121 quod
1323 3069 1530 3109 Thomae
1552 3081 1709 3121 opera,
1734 3069 2005 3121 priusquam
