<?xml version="1.0" encoding="UTF-8"?>
<!DOCTYPE html PUBLIC "-//W3C//DTD XHTML 1.0 Transitional//EN"
    "http://www.w3.org/TR/xhtml1/DTD/xhtml1-transitional.dtd">
<html xmlns="http://www.w3.org/1999/xhtml" xml:lang="en" lang="en">
 <head>
  <title>
</title>
<meta http-equiv="Content-Type" content="text/html;charset=utf-8" />
  <meta name='ocr-system' content='tesseract 3.04.00' />
  <meta name='ocr-capabilities' content='ocr_page ocr_carea ocr_par ocr_line ocrx_word'/>
</head>
<body>
  <div class='ocr_page' id='page_1' title='image "./litteraequadrime1402lain_0366.png"; bbox 0 0 2168 3437; ppageno 0'>
   <div class='ocr_carea' id='block_1_1' title="bbox 307 299 1429 341">
    <p class='ocr_par' dir='ltr' id='par_1_1' title="bbox 307 299 1429 341">
     <span class='ocr_line' id='line_1_1' title="bbox 307 299 1429 341; baseline -0.003 -3"><span class='ocrx_word' id='word_1_1' title='bbox 307 301 379 338; x_wconf 75' lang='grc'><strong>362</strong></span> <span class='ocrx_word' id='word_1_2' title='bbox 816 299 1044 336; x_wconf 79' lang='lat' dir='ltr'><strong>LITTERAE</strong></span> <span class='ocrx_word' id='word_1_3' title='bbox 1070 309 1429 341; x_wconf 82' lang='lat' dir='ltr'><strong>QUADRIMESTRES</strong></span> 
     </span>
    </p>
   </div>
   <div class='ocr_carea' id='block_1_2' title="bbox 301 394 1940 659">
    <p class='ocr_par' dir='ltr' id='par_1_2' title="bbox 301 394 1940 659">
     <span class='ocr_line' id='line_1_2' title="bbox 301 394 1940 448; baseline -0.001 -11"><span class='ocrx_word' id='word_1_4' title='bbox 301 403 374 437; x_wconf 90' lang='lat' dir='ltr'><strong>sto</strong></span> <span class='ocrx_word' id='word_1_5' title='bbox 396 397 561 448; x_wconf 85' lang='lat' dir='ltr'><strong>padre,</strong></span> <span class='ocrx_word' id='word_1_6' title='bbox 586 396 627 436; x_wconf 93' lang='lat' dir='ltr'><strong>el</strong></span> <span class='ocrx_word' id='word_1_7' title='bbox 647 395 791 447; x_wconf 85' lang='lat' dir='ltr'><strong>padre</strong></span> <span class='ocrx_word' id='word_1_8' title='bbox 812 395 994 446; x_wconf 87' lang='lat' dir='ltr'><strong>Ignatio</strong></span> <span class='ocrx_word' id='word_1_9' title='bbox 1015 395 1072 435; x_wconf 87' lang='lat' dir='ltr'><strong>de</strong></span> <span class='ocrx_word' id='word_1_10' title='bbox 1092 395 1287 446; x_wconf 88' lang='lat' dir='ltr'><strong>Loyola,</strong></span> <span class='ocrx_word' id='word_1_11' title='bbox 1311 394 1359 435; x_wconf 87' lang='lat' dir='ltr'><strong>P.</strong></span> <span class='ocrx_word' id='word_1_12' title='bbox 1384 396 1578 447; x_wconf 86' lang='lat' dir='ltr'><strong>general</strong></span> <span class='ocrx_word' id='word_1_13' title='bbox 1599 395 1655 435; x_wconf 88' lang='lat' dir='ltr'><strong>de</strong></span> <span class='ocrx_word' id='word_1_14' title='bbox 1676 396 1721 435; x_wconf 86' lang='lat' dir='ltr'><strong>la</strong></span> <span class='ocrx_word' id='word_1_15' title='bbox 1743 395 1940 446; x_wconf 88' lang='lat' dir='ltr'><strong>Compa-</strong></span> 
     </span>
     <span class='ocr_line' id='line_1_3' title="bbox 304 466 596 508; baseline -0.014 0"><span class='ocrx_word' id='word_1_16' title='bbox 304 469 382 508; x_wconf 74' lang='lat' dir='ltr'><strong>siia</strong></span> <span class='ocrx_word' id='word_1_17' title='bbox 405 466 460 506; x_wconf 87' lang='lat' dir='ltr'><strong>de</strong></span> <span class='ocrx_word' id='word_1_18' title='bbox 482 467 596 506; x_wconf 89' lang='lat' dir='ltr'><strong>iesu.</strong></span> 
     </span>
     <span class='ocr_line' id='line_1_4' title="bbox 838 536 1080 577; baseline 0 -1"><span class='ocrx_word' id='word_1_19' title='bbox 838 548 896 577; x_wconf 91' lang='lat' dir='ltr'><strong>en</strong></span> <span class='ocrx_word' id='word_1_20' title='bbox 916 536 1080 577; x_wconf 85' lang='lat' dir='ltr'><strong>Roma.</strong></span> 
     </span>
     <span class='ocr_line' id='line_1_5' title="bbox 380 606 1758 659; baseline 0 -13"><span class='ocrx_word' id='word_1_21' title='bbox 380 606 490 647; x_wconf 60' lang='lat' dir='ltr'><strong>Alia</strong></span> <span class='ocrx_word' id='word_1_22' title='bbox 511 618 680 647; x_wconf 65' lang='lat' dir='ltr'><strong>malm:</strong></span> <span class='ocrx_word' id='word_1_23' title='bbox 705 606 820 658; x_wconf 82' lang='lat'><strong>1553,</strong></span> <span class='ocrx_word' id='word_1_24' title='bbox 845 607 993 659; x_wconf 87' lang='lat' dir='ltr'><strong>Quad.</strong></span> <span class='ocrx_word' id='word_1_25' title='bbox 1019 607 1252 648; x_wconf 88' lang='lat' dir='ltr'><strong>Valentia.</strong></span> <span class='ocrx_word' id='word_1_26' title='bbox 1277 606 1496 658; x_wconf 81' lang='lat' dir='ltr'>Augusti.</span> <span class='ocrx_word' id='word_1_27' title='bbox 1521 607 1758 647; x_wconf 88' lang='lat' dir='ltr'><strong>Valentia.</strong></span> 
     </span>
    </p>
   </div>
   <div class='ocr_carea' id='block_1_3' title="bbox 914 1106 1331 1163">
    <p class='ocr_par' dir='ltr' id='par_1_3' title="bbox 914 1106 1331 1163">
     <span class='ocr_line' id='line_1_6' title="bbox 914 1106 1331 1163; baseline -0.007 0"><span class='ocrx_word' id='word_1_28' title='bbox 914 1106 1331 1163; x_wconf 85' lang='lat' dir='ltr'>COXXXVIII</span> 
     </span>
    </p>
   </div>
   <div class='ocr_carea' id='block_1_4' title="bbox 374 1336 1088 1515">
    <p class='ocr_par' dir='ltr' id='par_1_4' title="bbox 374 1336 1088 1515">
     <span class='ocr_line' id='line_1_7' title="bbox 374 1336 879 1381; baseline -0.002 -7"><span class='ocrx_word' id='word_1_29' title='bbox 374 1337 420 1374; x_wconf 84' lang='lat' dir='ltr'><strong>P.</strong></span> <span class='ocrx_word' id='word_1_30' title='bbox 443 1337 632 1375; x_wconf 68' lang='lat' dir='ltr'><strong>Michael</strong></span> <span class='ocrx_word' id='word_1_31' title='bbox 651 1336 879 1381; x_wconf 85' lang='lat' dir='ltr'><strong>Govierno</strong></span> 
     </span>
     <span class='ocr_line' id='line_1_8' title="bbox 424 1401 1012 1450; baseline -0.002 -10"><span class='ocrx_word' id='word_1_32' title='bbox 424 1402 544 1440; x_wconf 83' lang='lat' dir='ltr'><strong>Patri</strong></span> <span class='ocrx_word' id='word_1_33' title='bbox 563 1402 732 1450; x_wconf 83' lang='lat' dir='ltr'><strong>Ignatio</strong></span> <span class='ocrx_word' id='word_1_34' title='bbox 752 1401 803 1439; x_wconf 87' lang='lat' dir='ltr'><strong>de</strong></span> <span class='ocrx_word' id='word_1_35' title='bbox 826 1403 1012 1450; x_wconf 78' lang='lat' dir='ltr'><strong>Loyola.</strong></span> 
     </span>
     <span class='ocr_line' id='line_1_9' title="bbox 466 1467 1088 1515; baseline 0 -9"><span class='ocrx_word' id='word_1_36' title='bbox 466 1467 648 1512; x_wconf 79' lang='lat' dir='ltr'><strong>Gaudia,</strong></span> <span class='ocrx_word' id='word_1_37' title='bbox 670 1467 717 1505; x_wconf 77' lang='lat'><strong>28</strong></span> <span class='ocrx_word' id='word_1_38' title='bbox 736 1467 929 1515; x_wconf 81' lang='lat' dir='ltr'>Augusti</span> <span class='ocrx_word' id='word_1_39' title='bbox 951 1468 1044 1506; x_wconf 85' lang='grc'>1553</span> <span class='ocrx_word' id='word_1_40' title='bbox 1062 1469 1088 1506; x_wconf 89' lang='lat'><strong>¹.</strong></span> 
     </span>
    </p>
   </div>
   <div class='ocr_carea' id='block_1_5' title="bbox 1071 1694 1170 1772">
    <p class='ocr_par' dir='ltr' id='par_1_5' title="bbox 1071 1694 1170 1772">
     <span class='ocr_line' id='line_1_10' title="bbox 1071 1694 1170 1772; baseline -0.01 0"><span class='ocrx_word' id='word_1_41' title='bbox 1071 1694 1170 1772; x_wconf 63' lang='grc' dir='ltr'><strong>Πῗιε</strong></span> 
     </span>
    </p>
   </div>
   <div class='ocr_carea' id='block_1_6' title="bbox 294 1962 1940 2867">
    <p class='ocr_par' dir='ltr' id='par_1_6' title="bbox 379 1962 850 2014">
     <span class='ocr_line' id='line_1_11' title="bbox 379 1962 850 2014; baseline -0.006 -11"><span class='ocrx_word' id='word_1_42' title='bbox 379 1962 543 2003; x_wconf 86' lang='lat' dir='ltr'><strong>Gratia</strong></span> <span class='ocrx_word' id='word_1_43' title='bbox 565 1967 609 2002; x_wconf 91' lang='lat' dir='ltr'><strong>et</strong></span> <span class='ocrx_word' id='word_1_44' title='bbox 628 1974 737 2014; x_wconf 85' lang='lat' dir='ltr'><strong>pax,</strong></span> <span class='ocrx_word' id='word_1_45' title='bbox 762 1968 850 2003; x_wconf 86' lang='lat' dir='ltr'><strong>etc.</strong></span> 
     </span>
    </p>

    <p class='ocr_par' dir='ltr' id='par_1_7' title="bbox 295 2031 1936 2440">
     <span class='ocr_line' id='line_1_12' title="bbox 378 2031 1933 2084; baseline -0.001 -11"><span class='ocrx_word' id='word_1_46' title='bbox 378 2032 526 2084; x_wconf 86' lang='lat' dir='ltr'><strong>Quem</strong></span> <span class='ocrx_word' id='word_1_47' title='bbox 559 2033 784 2084; x_wconf 87' lang='lat' dir='ltr'><strong>fructum,</strong></span> <span class='ocrx_word' id='word_1_48' title='bbox 816 2044 956 2084; x_wconf 90' lang='lat' dir='ltr'><strong>quam</strong></span> <span class='ocrx_word' id='word_1_49' title='bbox 983 2033 1176 2073; x_wconf 89' lang='lat' dir='ltr'><strong>uberem</strong></span> <span class='ocrx_word' id='word_1_50' title='bbox 1203 2044 1259 2073; x_wconf 91' lang='lat' dir='ltr'><strong>ac</strong></span> <span class='ocrx_word' id='word_1_51' title='bbox 1282 2031 1540 2084; x_wconf 87' lang='lat' dir='ltr'><strong>jucundum</strong></span> <span class='ocrx_word' id='word_1_52' title='bbox 1569 2031 1717 2072; x_wconf 88' lang='lat' dir='ltr'><strong>nostri</strong></span> <span class='ocrx_word' id='word_1_53' title='bbox 1754 2031 1933 2083; x_wconf 85' lang='lat' dir='ltr'><strong>Patres,</strong></span> 
     </span>
     <span class='ocr_line' id='line_1_13' title="bbox 295 2102 1934 2156; baseline -0.001 -12"><span class='ocrx_word' id='word_1_54' title='bbox 295 2104 343 2144; x_wconf 91' lang='lat' dir='ltr'><strong>in</strong></span> <span class='ocrx_word' id='word_1_55' title='bbox 364 2104 456 2144; x_wconf 91' lang='lat' dir='ltr'><strong>hoc</strong></span> <span class='ocrx_word' id='word_1_56' title='bbox 477 2104 724 2155; x_wconf 87' lang='lat' dir='ltr'><strong>gandiensi</strong></span> <span class='ocrx_word' id='word_1_57' title='bbox 755 2104 927 2156; x_wconf 88' lang='lat' dir='ltr'><strong>oppido</strong></span> <span class='ocrx_word' id='word_1_58' title='bbox 952 2103 1291 2156; x_wconf 77' lang='lat' dir='ltr'><strong>decerpserint,</strong></span> <span class='ocrx_word' id='word_1_59' title='bbox 1317 2103 1488 2155; x_wconf 84' lang='lat' dir='ltr'><strong>quidve</strong></span> <span class='ocrx_word' id='word_1_60' title='bbox 1505 2103 1647 2143; x_wconf 88' lang='lat' dir='ltr'><strong>etiam</strong></span> <span class='ocrx_word' id='word_1_61' title='bbox 1670 2102 1825 2142; x_wconf 85' lang='lat' dir='ltr'><strong>Patris</strong></span> <span class='ocrx_word' id='word_1_62' title='bbox 1852 2103 1934 2143; x_wconf 84' lang='lat' dir='ltr'><strong>Ba—</strong></span> 
     </span>
     <span class='ocr_line' id='line_1_14' title="bbox 295 2173 1932 2226; baseline -0.001 -11"><span class='ocrx_word' id='word_1_63' title='bbox 295 2175 466 2226; x_wconf 88' lang='lat' dir='ltr'><strong>ptistae</strong></span> <span class='ocrx_word' id='word_1_64' title='bbox 488 2174 501 2193; x_wconf 76' lang='lat'><strong>‘²</strong></span> <span class='ocrx_word' id='word_1_65' title='bbox 522 2175 822 2226; x_wconf 78' lang='lat' dir='ltr'><strong>gratissimae</strong></span> <span class='ocrx_word' id='word_1_66' title='bbox 853 2175 1126 2226; x_wconf 82' lang='lat' dir='ltr'><strong>conciones,</strong></span> <span class='ocrx_word' id='word_1_67' title='bbox 1160 2175 1236 2214; x_wconf 92' lang='lat' dir='ltr'><strong>hic</strong></span> <span class='ocrx_word' id='word_1_68' title='bbox 1259 2180 1304 2214; x_wconf 87' lang='lat' dir='ltr'><strong>et</strong></span> <span class='ocrx_word' id='word_1_69' title='bbox 1327 2173 1606 2225; x_wconf 88' lang='lat' dir='ltr'><strong>Ontinienti,</strong></span> <span class='ocrx_word' id='word_1_70' title='bbox 1631 2179 1840 2225; x_wconf 86' lang='lat' dir='ltr'><strong>tempore</strong></span> <span class='ocrx_word' id='word_1_71' title='bbox 1860 2185 1932 2214; x_wconf 92' lang='lat' dir='ltr'><strong>su-</strong></span> 
     </span>
     <span class='ocr_line' id='line_1_15' title="bbox 295 2243 1936 2298; baseline -0.001 -12"><span class='ocrx_word' id='word_1_72' title='bbox 295 2246 496 2298; x_wconf 87' lang='lat' dir='ltr'><strong>perioris</strong></span> <span class='ocrx_word' id='word_1_73' title='bbox 516 2246 909 2297; x_wconf 77' lang='lat' dir='ltr'><strong>quadragesimae</strong></span> <span class='ocrx_word' id='word_1_74' title='bbox 931 2245 1187 2297; x_wconf 84' lang='lat' dir='ltr'><strong>effecerint,</strong></span> <span class='ocrx_word' id='word_1_75' title='bbox 1212 2257 1371 2285; x_wconf 87' lang='lat' dir='ltr'><strong>mense</strong></span> <span class='ocrx_word' id='word_1_76' title='bbox 1402 2245 1553 2297; x_wconf 85' lang='lat' dir='ltr'><strong>Aprili</strong></span> <span class='ocrx_word' id='word_1_77' title='bbox 1584 2245 1768 2296; x_wconf 88' lang='lat' dir='ltr'><strong>scripsi.</strong></span> <span class='ocrx_word' id='word_1_78' title='bbox 1801 2243 1936 2285; x_wconf 91' lang='lat' dir='ltr'><strong>Nunc</strong></span> 
     </span>
     <span class='ocr_line' id='line_1_16' title="bbox 295 2316 1935 2369; baseline -0.002 -11"><span class='ocrx_word' id='word_1_79' title='bbox 295 2330 410 2358; x_wconf 84' lang='lat' dir='ltr'><strong>vero</strong></span> <span class='ocrx_word' id='word_1_80' title='bbox 432 2317 546 2357; x_wconf 86' lang='lat' dir='ltr'><strong>satis</strong></span> <span class='ocrx_word' id='word_1_81' title='bbox 569 2318 811 2369; x_wconf 91' lang='lat' dir='ltr'><strong>copiosum</strong></span> <span class='ocrx_word' id='word_1_82' title='bbox 833 2322 1163 2368; x_wconf 84' lang='lat' dir='ltr'><strong>argumentum</strong></span> <span class='ocrx_word' id='word_1_83' title='bbox 1184 2316 1296 2357; x_wconf 89' lang='lat' dir='ltr'><strong>mihi</strong></span> <span class='ocrx_word' id='word_1_84' title='bbox 1316 2322 1386 2357; x_wconf 91' lang='lat' dir='ltr'><strong>est</strong></span> <span class='ocrx_word' id='word_1_85' title='bbox 1409 2316 1617 2356; x_wconf 90' lang='lat' dir='ltr'><strong>oblatum</strong></span> <span class='ocrx_word' id='word_1_86' title='bbox 1634 2316 1803 2356; x_wconf 87' lang='lat' dir='ltr'><strong>iterum</strong></span> <span class='ocrx_word' id='word_1_87' title='bbox 1819 2316 1935 2356; x_wconf 90' lang='lat' dir='ltr'><strong>meis</strong></span> 
     </span>
     <span class='ocr_line' id='line_1_17' title="bbox 295 2387 938 2440; baseline -0.002 -11"><span class='ocrx_word' id='word_1_88' title='bbox 295 2389 462 2429; x_wconf 88' lang='lat' dir='ltr'><strong>litteris</strong></span> <span class='ocrx_word' id='word_1_89' title='bbox 483 2389 566 2429; x_wconf 89' lang='lat' dir='ltr'><strong>tibi</strong></span> <span class='ocrx_word' id='word_1_90' title='bbox 588 2388 888 2440; x_wconf 85' lang='lat' dir='ltr'><strong>obstrependi</strong></span> <span class='ocrx_word' id='word_1_91' title='bbox 909 2387 938 2428; x_wconf 82' lang='lat'><strong>⁵.</strong></span> 
     </span>
    </p>

    <p class='ocr_par' dir='ltr' id='par_1_8' title="bbox 294 2458 1940 2867">
     <span class='ocr_line' id='line_1_18' title="bbox 374 2458 1935 2510; baseline -0.002 -10"><span class='ocrx_word' id='word_1_92' title='bbox 374 2460 576 2501; x_wconf 85' lang='lat' dir='ltr'><strong>Tantam</strong></span> <span class='ocrx_word' id='word_1_93' title='bbox 596 2460 752 2500; x_wconf 91' lang='lat' dir='ltr'><strong>animo</strong></span> <span class='ocrx_word' id='word_1_94' title='bbox 775 2460 1056 2500; x_wconf 84' lang='lat' dir='ltr'><strong>ontinientes</strong></span> <span class='ocrx_word' id='word_1_95' title='bbox 1077 2471 1135 2499; x_wconf 86' lang='lat' dir='ltr'><strong>ex</strong></span> <span class='ocrx_word' id='word_1_96' title='bbox 1156 2459 1310 2500; x_wconf 88' lang='lat' dir='ltr'><strong>Patris</strong></span> <span class='ocrx_word' id='word_1_97' title='bbox 1331 2458 1635 2500; x_wconf 88' lang='lat' dir='ltr'><strong>concionibus</strong></span> <span class='ocrx_word' id='word_1_98' title='bbox 1660 2469 1935 2510; x_wconf 88' lang='lat' dir='ltr'><strong>persensere</strong></span> 
     </span>
     <span class='ocr_line' id='line_1_19' title="bbox 294 2530 1939 2584; baseline -0.002 -12"><span class='ocrx_word' id='word_1_99' title='bbox 294 2532 609 2584; x_wconf 85' lang='lat' dir='ltr'><strong>voluptatem,</strong></span> <span class='ocrx_word' id='word_1_100' title='bbox 639 2538 689 2572; x_wconf 94' lang='lat' dir='ltr'><strong>ut</strong></span> <span class='ocrx_word' id='word_1_101' title='bbox 709 2531 875 2571; x_wconf 90' lang='lat' dir='ltr'><strong>litteris</strong></span> <span class='ocrx_word' id='word_1_102' title='bbox 903 2543 959 2571; x_wconf 89' lang='lat' dir='ltr'><strong>ac</strong></span> <span class='ocrx_word' id='word_1_103' title='bbox 986 2531 1144 2582; x_wconf 89' lang='lat' dir='ltr'><strong>populi</strong></span> <span class='ocrx_word' id='word_1_104' title='bbox 1169 2531 1386 2582; x_wconf 86' lang='lat' dir='ltr'><strong>precibus</strong></span> <span class='ocrx_word' id='word_1_105' title='bbox 1417 2530 1669 2582; x_wconf 88' lang='lat' dir='ltr'><strong>importuni</strong></span> <span class='ocrx_word' id='word_1_106' title='bbox 1698 2540 1939 2581; x_wconf 87' lang='lat' dir='ltr'><strong>nunquam</strong></span> 
     </span>
     <span class='ocr_line' id='line_1_20' title="bbox 295 2600 1937 2654; baseline -0.001 -12"><span class='ocrx_word' id='word_1_107' title='bbox 295 2602 547 2654; x_wconf 86' lang='lat' dir='ltr'><strong>cessarint,</strong></span> <span class='ocrx_word' id='word_1_108' title='bbox 581 2603 728 2643; x_wconf 88' lang='lat' dir='ltr'><strong>donec</strong></span> <span class='ocrx_word' id='word_1_109' title='bbox 758 2614 864 2644; x_wconf 90' lang='lat' dir='ltr'><strong>cum</strong></span> <span class='ocrx_word' id='word_1_110' title='bbox 894 2602 1025 2642; x_wconf 88' lang='lat' dir='ltr'><strong>Duce</strong></span> <span class='ocrx_word' id='word_1_111' title='bbox 1047 2600 1062 2620; x_wconf 72' lang='lat'>⁴</span> <span class='ocrx_word' id='word_1_112' title='bbox 1084 2601 1322 2642; x_wconf 87' lang='lat' dir='ltr'><strong>effecerint</strong></span> <span class='ocrx_word' id='word_1_113' title='bbox 1352 2608 1401 2642; x_wconf 93' lang='lat' dir='ltr'><strong>ut</strong></span> <span class='ocrx_word' id='word_1_114' title='bbox 1428 2601 1645 2653; x_wconf 82' lang='lat' dir='ltr'><strong>proxima</strong></span> <span class='ocrx_word' id='word_1_115' title='bbox 1676 2600 1937 2652; x_wconf 89' lang='lat' dir='ltr'><strong>quadrage-</strong></span> 
     </span>
     <span class='ocr_line' id='line_1_21' title="bbox 296 2671 1936 2726; baseline -0.002 -12"><span class='ocrx_word' id='word_1_116' title='bbox 296 2674 414 2714; x_wconf 83' lang='lat' dir='ltr'><strong>sima</strong></span> <span class='ocrx_word' id='word_1_117' title='bbox 436 2674 576 2714; x_wconf 89' lang='lat' dir='ltr'><strong>Pater</strong></span> <span class='ocrx_word' id='word_1_118' title='bbox 597 2673 721 2726; x_wconf 89' lang='lat' dir='ltr'><strong>apud</strong></span> <span class='ocrx_word' id='word_1_119' title='bbox 743 2685 823 2714; x_wconf 88' lang='lat' dir='ltr'><strong>eos</strong></span> <span class='ocrx_word' id='word_1_120' title='bbox 845 2673 1224 2724; x_wconf 83' lang='lat' dir='ltr'><strong>concionaretur3</strong></span> <span class='ocrx_word' id='word_1_121' title='bbox 1248 2673 1312 2712; x_wconf 89' lang='lat' dir='ltr'><strong>ita</strong></span> <span class='ocrx_word' id='word_1_122' title='bbox 1341 2673 1464 2712; x_wconf 88' lang='lat' dir='ltr'><strong>enim</strong></span> <span class='ocrx_word' id='word_1_123' title='bbox 1494 2671 1722 2724; x_wconf 86' lang='lat' dir='ltr'><strong>quosdam</strong></span> <span class='ocrx_word' id='word_1_124' title='bbox 1751 2671 1936 2711; x_wconf 90' lang='lat' dir='ltr'><strong>illorum</strong></span> 
     </span>
     <span class='ocr_line' id='line_1_22' title="bbox 295 2741 1933 2795; baseline -0.002 -10"><span class='ocrx_word' id='word_1_125' title='bbox 295 2751 456 2785; x_wconf 81' lang='lat' dir='ltr'><strong>servat</strong></span> <span class='ocrx_word' id='word_1_126' title='bbox 486 2744 615 2785; x_wconf 91' lang='lat' dir='ltr'><strong>Deus</strong></span> <span class='ocrx_word' id='word_1_127' title='bbox 643 2745 702 2784; x_wconf 89' lang='lat' dir='ltr'><strong>ad</strong></span> <span class='ocrx_word' id='word_1_128' title='bbox 732 2744 928 2784; x_wconf 88' lang='lat' dir='ltr'><strong>meliora</strong></span> <span class='ocrx_word' id='word_1_129' title='bbox 956 2743 1253 2795; x_wconf 87' lang='lat' dir='ltr'><strong>proficientes</strong></span> <span class='ocrx_word' id='word_1_130' title='bbox 1282 2749 1420 2795; x_wconf 87' lang='lat' dir='ltr'><strong>atque</strong></span> <span class='ocrx_word' id='word_1_131' title='bbox 1449 2743 1509 2783; x_wconf 86' lang='lat' dir='ltr'><strong>ad</strong></span> <span class='ocrx_word' id='word_1_132' title='bbox 1544 2741 1766 2783; x_wconf 81' lang='lat' dir='ltr'><strong>coelestia</strong></span> <span class='ocrx_word' id='word_1_133' title='bbox 1797 2741 1933 2781; x_wconf 85' lang='lat' dir='ltr'><strong>anhe-</strong></span> 
     </span>
     <span class='ocr_line' id='line_1_23' title="bbox 295 2812 1940 2867; baseline -0.002 -12"><span class='ocrx_word' id='word_1_134' title='bbox 295 2816 444 2855; x_wconf 87' lang='lat' dir='ltr'><strong>lantes</strong></span> <span class='ocrx_word' id='word_1_135' title='bbox 467 2821 536 2867; x_wconf 94' lang='lat' dir='ltr'><strong>ut,</strong></span> <span class='ocrx_word' id='word_1_136' title='bbox 559 2815 827 2867; x_wconf 87' lang='lat' dir='ltr'><strong>posthabito</strong></span> <span class='ocrx_word' id='word_1_137' title='bbox 849 2815 1042 2866; x_wconf 88' lang='lat' dir='ltr'><strong>honore,</strong></span> <span class='ocrx_word' id='word_1_138' title='bbox 1077 2826 1183 2854; x_wconf 92' lang='lat' dir='ltr'><strong>cum</strong></span> <span class='ocrx_word' id='word_1_139' title='bbox 1213 2814 1415 2854; x_wconf 90' lang='lat' dir='ltr'><strong>inimicis</strong></span> <span class='ocrx_word' id='word_1_140' title='bbox 1444 2825 1611 2865; x_wconf 87' lang='lat' dir='ltr'><strong>pacem</strong></span> <span class='ocrx_word' id='word_1_141' title='bbox 1637 2812 1859 2865; x_wconf 89' lang='lat' dir='ltr'><strong>jungant,</strong></span> <span class='ocrx_word' id='word_1_142' title='bbox 1895 2818 1940 2851; x_wconf 85' lang='lat' dir='ltr'><strong>et</strong></span> 
     </span>
    </p>
   </div>
   <div class='ocr_carea' id='block_1_7' title="bbox 349 2975 1672 3151">
    <p class='ocr_par' dir='ltr' id='par_1_9' title="bbox 353 2975 917 3010">
     <span class='ocr_line' id='line_1_24' title="bbox 353 2975 917 3010; baseline 0 -8"><span class='ocrx_word' id='word_1_143' title='bbox 353 2975 363 2995; x_wconf 85' lang='lat'>¹</span> <span class='ocrx_word' id='word_1_144' title='bbox 403 2975 651 3010; x_wconf 85' lang='lat' dir='ltr'><strong>Apographum</strong></span> <span class='ocrx_word' id='word_1_145' title='bbox 666 2976 699 3002; x_wconf 94' lang='lat' dir='ltr'><strong>in</strong></span> <span class='ocrx_word' id='word_1_146' title='bbox 714 2975 793 3002; x_wconf 85' lang='lat' dir='ltr'><strong>folio</strong></span> <span class='ocrx_word' id='word_1_147' title='bbox 808 2982 840 3002; x_wconf 90' lang='lat' dir='ltr'><strong>n.</strong></span> <span class='ocrx_word' id='word_1_148' title='bbox 855 2975 917 3002; x_wconf 76' lang='grc'>494.</span> 
     </span>
    </p>

    <p class='ocr_par' dir='ltr' id='par_1_10' title="bbox 352 3022 1056 3057">
     <span class='ocr_line' id='line_1_25' title="bbox 352 3022 1056 3057; baseline -0.001 -7"><span class='ocrx_word' id='word_1_149' title='bbox 352 3024 366 3042; x_wconf 68' lang='lat'><strong>⁶.»</strong></span> <span class='ocrx_word' id='word_1_150' title='bbox 403 3023 508 3050; x_wconf 80' lang='lat' dir='ltr'><strong>Pater</strong></span> <span class='ocrx_word' id='word_1_151' title='bbox 524 3022 671 3056; x_wconf 83' lang='lat' dir='ltr'><strong>Joannes</strong></span> <span class='ocrx_word' id='word_1_152' title='bbox 686 3022 847 3057; x_wconf 84' lang='lat' dir='ltr'><strong>Baptista</strong></span> <span class='ocrx_word' id='word_1_153' title='bbox 863 3022 902 3049; x_wconf 84' lang='lat' dir='ltr'><strong>de</strong></span> <span class='ocrx_word' id='word_1_154' title='bbox 918 3022 1056 3049; x_wconf 86' lang='lat' dir='ltr'><strong>Barma.</strong></span> 
     </span>
    </p>

    <p class='ocr_par' dir='ltr' id='par_1_11' title="bbox 349 3068 1672 3151">
     <span class='ocr_line' id='line_1_26' title="bbox 351 3068 1672 3104; baseline -0.002 -7"><span class='ocrx_word' id='word_1_155' title='bbox 351 3071 364 3089; x_wconf 79' lang='lat'><strong>5</strong></span> <span class='ocrx_word' id='word_1_156' title='bbox 403 3070 518 3097; x_wconf 80' lang='lat' dir='ltr'><strong>Verbo</strong></span> <span class='ocrx_word' id='word_1_157' title='bbox 534 3070 762 3104; x_wconf 79' lang='lat' dir='ltr'><strong>obstrependi</strong></span> <span class='ocrx_word' id='word_1_158' title='bbox 778 3070 898 3103; x_wconf 83' lang='lat' dir='ltr'><strong>deleto,</strong></span> <span class='ocrx_word' id='word_1_159' title='bbox 915 3069 1052 3104; x_wconf 84' lang='lat' dir='ltr'><strong>scripsit</strong></span> <span class='ocrx_word' id='word_1_160' title='bbox 1067 3069 1203 3103; x_wconf 83' lang='lat' dir='ltr'><strong>ignotus</strong></span> <span class='ocrx_word' id='word_1_161' title='bbox 1218 3068 1356 3103; x_wconf 86' lang='lat' dir='ltr'><strong>quidam</strong></span> <span class='ocrx_word' id='word_1_162' title='bbox 1373 3069 1418 3095; x_wconf 83' lang='lat' dir='ltr'><strong>ad</strong></span> <span class='ocrx_word' id='word_1_163' title='bbox 1432 3070 1465 3096; x_wconf 83' lang='lat' dir='ltr'><strong>te</strong></span> <span class='ocrx_word' id='word_1_164' title='bbox 1479 3068 1672 3096; x_wconf 77' lang='lat' dir='ltr'><strong>scribendi.</strong></span> 
     </span>
     <span class='ocr_line' id='line_1_27' title="bbox 349 3116 1417 3151; baseline -0.002 -6"><span class='ocrx_word' id='word_1_165' title='bbox 349 3119 365 3138; x_wconf 70' lang='lat'>⁴</span> <span class='ocrx_word' id='word_1_166' title='bbox 402 3117 477 3145; x_wconf 84' lang='lat' dir='ltr'><strong>Dux</strong></span> <span class='ocrx_word' id='word_1_167' title='bbox 495 3117 659 3151; x_wconf 80' lang='lat' dir='ltr'><strong>Gandiae,</strong></span> <span class='ocrx_word' id='word_1_168' title='bbox 677 3117 830 3151; x_wconf 84' lang='lat' dir='ltr'><strong>Carolus,</strong></span> <span class='ocrx_word' id='word_1_169' title='bbox 848 3116 965 3144; x_wconf 86' lang='lat' dir='ltr'><strong>Sancti</strong></span> <span class='ocrx_word' id='word_1_170' title='bbox 980 3116 1156 3144; x_wconf 84' lang='lat' dir='ltr'><strong>Francisci</strong></span> <span class='ocrx_word' id='word_1_171' title='bbox 1172 3116 1301 3150; x_wconf 86' lang='lat' dir='ltr'><strong>Borgia</strong></span> <span class='ocrx_word' id='word_1_172' title='bbox 1316 3116 1417 3144; x_wconf 83' lang='lat' dir='ltr'><strong>filius.</strong></span> 
     </span>
    </p>
   </div>
  </div>
 </body>
</html>
