2168 3437
300 242 372 279 122
817 243 1044 280 LITTERAE
1071 254 1429 286 QUADRiMEsTREs

371 339 506 380 Nunc
530 340 672 391 igitur
694 352 853 380 sumus
870 340 944 380 hic
967 340 1232 392 quindecim
1252 352 1468 392 numero,
1493 341 1613 381 inter
1643 353 1760 392 quos
1790 347 1834 382 et
1859 354 1937 394 pa-

286 415 407 450 trem
428 410 685 451 Doctorem
706 411 873 461 refero;
897 417 1035 463 atque
1057 423 1115 451 ex
1138 411 1208 451 his
1231 412 1433 463 quinque
1455 412 1742 463 sacerdotes,
1767 412 1932 453 decern

287 492 401 521 vero
423 488 606 522 tantum
625 482 819 532 fratres,
845 493 1009 522 rursus
1030 483 1248 523 undecim
1268 483 1534 534 theologiae
1555 489 1599 523 et
1621 495 1805 524 morum
1826 496 1929 535 pro-

283 552 418 592 bitati
436 553 642 593 studiose
664 553 1000 604 incumbentes,
1021 554 1194 594 caeteri
1215 554 1485 594 ministeriis
1507 554 1674 595 domus
1693 555 1925 606 occupati,

284 634 446 663 omnes
468 631 623 664 autem
647 625 789 672 (velut
810 624 856 663 in
877 624 923 664 id
944 624 1190 674 coniurati)
1208 625 1523 672 moderandis,
1545 625 1861 677 deprimendis
1883 632 1927 665 et

283 693 624 734 mortificandis
655 695 799 735 animi
825 695 1069 736 affectibus
1103 707 1159 735 ac
1187 683 1665 747 propriae'voluntati
1695 696 1930 748 abnegan-

283 764 373 804 dae
396 766 533 805 enixe
554 777 746 817 operam
768 766 932 806 dantes
963 767 1118 818 quoad
1146 767 1313 818 cuique
1341 778 1425 818 per
1453 767 1710 818 superioris
1737 767 1934 807 faculta-

284 841 377 875 tem
400 837 686 877 conceditur.
712 837 813 877 Huc
837 837 1085 888 pertinent,
1110 850 1230 889 quae
1252 839 1424 878 multae
1446 838 1571 878 domi
1592 837 1721 889 fiunt,
1747 838 1935 879 mortifi-

281 907 508 958 cationes3
533 914 577 947 et
598 914 731 949 extra
755 909 945 949 domum
976 909 1192 960 proximo
1214 920 1325 949 Vere
1347 909 1500 949 factae
1530 915 1636 949 sunt
1658 910 1928 960 peregrina-

284 978 448 1018 tiones.
473 978 531 1019 Et
553 986 601 1019 ut
622 986 891 1020 nostrorum
917 980 1214 1021 mortificatio
1244 992 1351 1020 cum
1378 980 1576 1020 aliorum
1604 980 1929 1021 aedificatione

283 1050 663 1101 coniungeretur‚
687 1052 925 1103 peregrini
951 1052 1100 1092 nostri
1130 1053 1253 1091 ultra
1280 1052 1433 1091 victus
1461 1058 1505 1091 et
1534 1052 1724 1103 hospitii
1755 1053 1927 1092 mendi-

282 1121 532 1172 cationem,
553 1129 716 1162 euntes
733 1123 1070 1173 praedicabant
1086 1122 1324 1162 ferventes
1346 1123 1646 1173 evangelium
1667 1134 1773 1163 cum
1794 1130 1928 1163 tanta

282 1192 606 1243 proximorum
634 1193 979 1244 aedificatione,
1012 1200 1061 1234 ut
1087 1194 1245 1234 multis
1271 1193 1457 1245 populis
1484 1205 1763 1245 persuasum
1790 1194 1850 1234 sit
1880 1202 1935 1235 ut

285 1263 423 1303 simul
444 1271 762 1315 proponerent
782 1277 876 1304 non
897 1265 1095 1316 amplius
1115 1276 1286 1305 nomen
1303 1264 1391 1305 Dei
1408 1265 1557 1304 nostri
1578 1276 1819 1305 assumere
1839 1265 1929 1305 fru—

283 1340 399 1385 stra,
424 1335 510 1375 sub
532 1336 672 1375 certis
689 1336 870 1387 legibus
892 1342 936 1376 et
958 1336 1121 1387 poenis
1141 1336 1403 1376 iurantibus
1424 1336 1614 1387 taxatiS,
1639 1348 1780 1387 quam
1801 1337 1929 1377 insti-

284 1406 512 1446 tutionem
540 1406 975 1447 confraternitatem
1004 1407 1207 1447 nominis
1243 1407 1333 1447 Dei
1359 1406 1554 1457 (scilicet
1585 1407 1927 1458 sanctificandi)

283 1483 480 1518 vocant:
504 1477 576 1517 his
597 1478 742 1529 igitur
769 1478 1087 1529 spiritualibus
1114 1478 1281 1518 studiis
1308 1477 1526 1518 Videntur
1558 1478 1701 1518 animi
1728 1478 1930 1519 fratrum

284 1549 513 1599 vegetari.

364 1619 653 1660 Litterarum
674 1620 863 1672 insuper
884 1620 1038 1660 studia
1071 1621 1253 1671 vigent,
1277 1627 1376 1660 tum
1397 1621 1505 1672 quia
1533 1620 1867 1672 praevidendis
1888 1627 1932 1661 et

282 1691 542 1741 audiendis,
562 1691 827 1743 relegendis
848 1691 1210 1732 et'conferendis
1229 1692 1520 1743 lectionibus,
1541 1691 1928 1744 disputandisque

282 1768 454 1802 octavo
484 1775 667 1815 quoque
695 1763 767 1803 die
796 1763 1173 1804 conclusionibus
1201 1769 1307 1803 sunt
1335 1763 1597 1803 destinatae
1627 1763 1795 1813 horae,
1830 1769 1928 1803 tum

282 1834 426 1873 etiam
447 1835 557 1885 quia
580 1833 823 1885 doctores,
855 1835 933 1886 qui
954 1834 1030 1874 hic
1050 1845 1175 1874 nunc
1195 1834 1483 1885 theologiam
1504 1834 1796 1885 profitentur,
1821 1841 1928 1874 sunt

283 1906 475 1955 egregie
499 1914 543 1946 et
566 1907 776 1957 apprime
798 1906 938 1946 docti.

362 1976 541 2016 Diebus
561 1976 765 2028 festivis,
790 1978 956 2028 quibus
979 1984 1165 2018 cessant
1187 1990 1214 2017 a
1241 1977 1519 2017 lectionibus
1548 1976 1814 2027 audiendis,
1850 1989 1928 2016 va—

279 2054 389 2087 cant
410 2047 579 2088 fratres
605 2049 808 2089 visendis
829 2049 1046 2100 hospitiis
1074 2056 1118 2089 et
1146 2049 1435 2099 carceribus,
1470 2048 1771 2088 consolandis
1799 2047 1922 2088 infir-

278 2119 366 2158 mis
387 2125 431 2159 et
450 2120 621 2160 vinctis
649 2120 987 2172 audiendisque
1016 2120 1362 2171 poenitentibus
1389 2121 1619 2171 utrisque,
1651 2131 1709 2158 ex
1748 2119 1925 2158 vinctis

278 2191 557 2241 praesertim
577 2203 659 2242 per
685 2192 935 2231 conciones
955 2192 1137 2243 aliquas
1159 2191 1218 2230 ad
1239 2192 1366 2242 ipsos
1387 2191 1571 2230 habitas
1594 2190 1785 2230 adducti
1814 2196 1922 2230 sunt

279 2262 469 2313 quidam
490 2261 547 2301 ad
571 2262 932 2310 confessionem,
957 2263 1035 2315 qui
1057 2263 1304 2303 duodecim
1326 2269 1369 2302 et
1391 2262 1531 2301 etiam
1564 2261 1921 2313 quatuordecim

278 2345 428 2374 annos
450 2346 554 2374 eam
576 2334 844 2374 omiserant.
865 2333 1085 2384 Aguntur
1103 2334 1290 2374 demum
1310 2344 1472 2373 eorum
1493 2344 1568 2372 res
1590 2340 1816 2384 quantum
1838 2343 1921 2382 per

278 2405 613 2457 occupationes
645 2406 761 2445 alias
787 2405 1013 2445 fratribus
1040 2405 1337 2456 permittitur.
1371 2405 1464 2445 Alii
1494 2411 1670 2444 vacant
1697 2402 1924 2444 docendis

279 2477 437 2528 pueris
456 2477 762 2517 christianam
783 2476 1046 2516 doctrinam
1066 2475 1112 2515 in
1134 2476 1318 2515 ruribus
1340 2476 1447 2515 huic
1469 2475 1649 2515 civitati
1672 2475 1854 2525 vicinis,
1878 2481 1921 2514 et

281 2548 328 2587 in
363 2548 568 2600 quodam
602 2548 880 2600 praesertim
915 2559 1077 2587 eorum
1113 2553 1245 2598 pater
1280 2547 1471 2598 quidam
1506 2559 1565 2586 ex
1600 2546 1774 2586 nostris
1815 2556 1923 2585 cum

279 2619 658 2669 concionaretur,
683 2619 947 2670 composuit
968 2630 1133 2669 pacem
1156 2618 1275 2657 inter
1297 2617 1525 2668 quosdam
1547 2617 1766 2668 rusticos,
1796 2617 1920 2668 quod

282 2690 424 2729 credo
449 2690 593 2730 fuisse
611 2690 733 2731 Dno.
756 2690 1096 2742 gratissimum.

362 2760 541 2802 Tantus
572 2768 641 2802 est
676 2762 1069 2802 scholasticorum
1094 2773 1368 2811 concursus,
1398 2761 1477 2813 qui
1498 2761 1558 2801 ad
1579 2759 1925 2800 confessionem

279 2837 325 2871 et
345 2843 537 2872 sacram
559 2833 934 2873 communionem
955 2832 1303 2883 suscipiendam
1324 2832 1568 2882 accedunt,
1589 2837 1639 2871 ut
1659 2830 1797 2870 facile
1822 2842 1926 2869 con-

280 2903 422 2943 iicere
444 2904 598 2953 possis
619 2915 819 2955 magnos
840 2903 1105 2944 animarum
1125 2915 1316 2943 suarum
1334 2903 1515 2943 fructus
1541 2903 1588 2942 in
1615 2901 1714 2942 dies
1745 2901 1925 2951 augeri.

281 2974 616 3014 Foeminarum
646 2975 965 3015 confessiones
998 2986 1093 3014 non
1121 2974 1357 3025 audimus;
1390 2974 1538 3014 maior
1571 2973 1693 3013 enim
1727 2978 1849 3012 esset
1880 2972 1927 3011 in

282 3045 396 3096 ipsis
419 3046 663 3086 audiendis
680 3046 944 3097 occupatiO,
964 3057 1105 3097 quam
1122 3057 1206 3097 pro
1224 3045 1522 3086 sacerdotum
1539 3054 1751 3093 numero,
1769 3054 1906 3095 quam
1920 3065 1929 3071 ·
