2168 3437
869 282 952 319 ΑΝ.
984 282 1074 320 1ὂ54
1719 282 1790 320 569

232 380 336 432 Jam
358 391 471 419 vero
493 385 541 419 ut
563 379 618 418 de
640 379 958 430 spiritualibus
979 378 1068 419 Dei
1089 379 1273 430 templis
1293 379 1541 430 loquamur
1565 377 1592 430 ¹,
1628 378 1788 430 adjun-

152 451 220 491 xit
241 462 290 490 se
312 449 536 490 Societati
556 450 778 490 sacerdos
806 450 901 500 ille,
934 461 1070 500 quem
1098 450 1417 501 superioribus
1447 449 1609 490 diebus
1638 450 1788 490 multi-

151 521 259 573 plici
287 522 419 561 titulo
447 520 719 561 decoratum
755 527 894 571 atque
920 526 1017 560 tum
1045 521 1268 571 temporis
1296 520 1420 572 apud
1446 531 1532 560 nos
1559 521 1787 561 exercitia

149 592 399 632 facientem
418 591 471 631 R.
495 591 543 631 P.
568 591 620 631 T.
644 590 899 630 retulimus,
920 589 1124 630 Secessit
1144 597 1301 630 tamen
1330 590 1388 630 ad
1409 596 1592 642 tempus
1614 591 1660 631 in
1681 603 1787 643 pro-

151 663 268 714 pria,
292 670 342 703 ut
363 662 605 715 quasdam,
630 661 795 713 quibus
818 661 1127 711 detinebatur,
1154 662 1453 713 abrumperet
1474 662 1631 702 tricas.
1658 662 1786 703 Chri·

150 739 250 774 stus
270 745 354 774 suo
376 733 598 784 obsequio
620 731 983 783 mancipandum
1005 732 1132 771 illum
1164 731 1222 771 ad
1249 744 1334 771 nos
1364 734 1547 772 salvum
1575 732 1784 773 reducat.

231 804 349 844 Cum
370 804 535 844 orandi
558 815 716 854 causa,
735 801 883 854 pridie
899 801 1177 841 Dominicae
1196 801 1576 843 Circ‘umcisionis
1598 804 1786 855 vesperi

146 875 195 915 in
215 881 427 915 nostrum
448 875 672 914 sacellum
690 872 1087 923 convenissemus,
1108 873 1319 912 absoluta
1343 874 1575 922 oratione,
1598 873 1782 914 adstan-

148 946 271 986 tibus
308 945 586 998 quibusdam
618 945 706 996 piis
742 944 878 994 viris,
914 943 1059 983 frater
1086 943 1319 996 Josephus
1345 951 1528 994 noster,
1561 945 1640 996 qui
1666 945 1786 986 inter

145 1028 326 1066 omnes,
351 1016 431 1065 qui
452 1016 499 1056 in
520 1016 609 1056 hoc
631 1015 840 1066 Collegio
863 1026 1044 1065 sumus,
1080 1014 1230 1054 minor
1259 1020 1328 1054 est
1356 1021 1490 1065 natu,
1521 1015 1665 1055 latino
1693 1028 1785 1056 ser-

144 1099 280 1128 mone
301 1087 563 1128 orationem
584 1087 768 1136 habuit,
798 1098 890 1138 qua
920 1091 965 1125 et
994 1091 1184 1136 gratum
1210 1096 1326 1136 erga
1352 1087 1601 1137 parvulum
1626 1086 1787 1139 Jesum

144 1165 357 1200 recenter
372 1164 535 1198 natum
556 1158 764 1198 animum
786 1156 847 1209 [et
868 1168 982 1208 erga
1005 1162 1248 1196 aeternum
1268 1155 1471 1208 Patrem]
1496 1168 1580 1207 pro
1603 1169 1784 1198 summo

144 1231 191 1270 in
211 1242 297 1270 nos
320 1230 546 1270 divinitus
567 1229 737 1269 collato
759 1228 1022 1268 nativitatis
1043 1227 1218 1268 Christi
1237 1227 1462 1268 beneficio
1493 1239 1780 1279 gereremus,

144 1313 231 1341 nos
252 1312 413 1341 omnes
434 1300 648 1340 hortatus
670 1306 754 1340 est.

224 1371 312 1412 Die
329 1383 511 1423 quoque
528 1371 807 1411 Dominicae
823 1371 1219 1422 Circumcisionis,
1241 1382 1346 1411 cum
1364 1369 1639 1410 beneficium
1655 1370 1784 1411 illum

146 1444 193 1483 in
214 1455 300 1483 nos
322 1443 561 1493 singulare
583 1442 869 1482 carminibus
893 1442 1164 1493 complexus
1186 1447 1333 1491 esset,
1358 1447 1539 1481 tantam
1566 1441 1607 1481 ei
1627 1440 1783 1481 Domi-

143 1527 230 1555 nus
251 1520 300 1554 ut
321 1514 508 1554 Danieli
527 1515 727 1565 parvulo
750 1513 935 1554 dicendi
956 1514 1052 1553 vim
1082 1513 1278 1553 contulit
1304 1519 1578 1564 tantumque
1606 1518 1675 1552 est
1702 1513 1782 1553 im-

142 1586 339 1638 pertitus
361 1586 575 1637 spiritus,
598 1591 647 1625 ut
675 1585 882 1624 omnium
911 1584 1092 1624 animos
1118 1584 1166 1623 in
1192 1595 1401 1624 amorem
1431 1589 1617 1635 raperet
1646 1583 1781 1623 Crea-

142 1657 272 1697 toris.
298 1656 399 1707 Quo
428 1656 605 1696 factum
631 1662 701 1696 est
728 1661 778 1696 ut
804 1655 878 1695 vir
906 1655 1097 1707 quidam
1122 1655 1395 1707 lachrymas
1426 1654 1661 1694 effundere
1688 1666 1783 1694 non

141 1728 271 1780 prius
306 1728 557 1778 destiterit,
597 1739 735 1779 quam
775 1727 834 1766 ad
875 1726 1152 1767 confessarii
1186 1726 1328 1778 pedes
1369 1732 1615 1766 anteactae
1654 1725 1782 1765 vitae

143 1811 257 1839 suae
279 1799 476 1839 crimina
499 1804 753 1849 evomeret,
778 1798 1017 1849 vitamque
1039 1798 1212 1838 malam
1233 1797 1280 1837 in
1301 1798 1466 1837 melius
1493 1804 1783 1837 commutare

143 1871 365 1922 coeperit.
391 1870 568 1910 Eadem
593 1881 777 1921 quoque
800 1869 873 1909 die
899 1870 1056 1920 plures
1083 1869 1219 1908 solito
1257 1880 1444 1908 sacram
1475 1874 1782 1920 susceperunt

143 1942 377 1993 synaxim.

220 2013 341 2052 Hinc
358 2013 624 2065 frequentes
642 2013 752 2052 item
770 2012 1023 2052 conciones
1040 2011 1236 2062 singulis
1264 2011 1426 2051 diebus
1451 2011 1698 2051 dominicis
1724 2023 1780 2051 ac

143 2084 273 2124 festis
294 2096 388 2124 non
405 2084 505 2124 sine
527 2095 699 2135 magno
719 2083 984 2123 animarum
1003 2083 1194 2122 foenore
1211 2083 1258 2122 in
1273 2082 1458 2134 publica
1481 2082 1678 2122 ecclesia
1703 2082 1780 2122 ha-

141 2155 241 2194 beri
261 2155 431 2205 solent;
456 2155 689 2207 colloquia
715 2154 876 2194 itidem
897 2154 1155 2194 domestica
1176 2165 1232 2193 ac
1253 2153 1503 2193 familiaria
1523 2165 1674 2193 novos
1701 2165 1784 2205 per

140 2227 476 2278 poenitentiam
497 2226 637 2276 filios,
661 2225 791 2277 prius
813 2225 1030 2265 sordibus
1052 2224 1342 2275 defaecatos,
1369 2224 1445 2275 qui
1462 2231 1686 2275 tanquam
1703 2235 1784 2264 no-

141 2298 290 2337 vellae
312 2297 546 2337 olivarum
567 2297 615 2336 in
636 2296 835 2336 circuitu
856 2307 1046 2336 mensae
1068 2295 1259 2335 Domini
1287 2295 1604 2346 discumbant,
1637 2296 1781 2346 quoti-

142 2368 214 2408 die
234 2368 446 2419 pariunt;
472 2368 592 2407 inter
622 2379 738 2419 quos
771 2367 1045 2407 adolescens
1075 2366 1262 2417 quidam
1292 2377 1385 2405 non
1412 2365 1597 2406 infimae
1625 2366 1780 2406 condi-

140 2440 294 2490 tionis,
316 2450 420 2479 cum
441 2439 627 2489 privato
650 2437 853 2490 quodam
871 2437 1101 2488 colloquio
1119 2436 1244 2477 domi
1260 2442 1448 2476 nostrae
1465 2436 1624 2476 habito
1643 2436 1781 2476 inter-

140 2517 276 2560 esset,
297 2510 531 2560 singultus
553 2520 608 2548 ac
629 2509 765 2548 fietus
786 2508 868 2548 vix
884 2507 1024 2548 finem
1043 2507 1245 2558 faciens,
1270 2507 1440 2547 restitit
1468 2507 1602 2547 nobis
1630 2519 1781 2559 neque

140 2593 164 2621 e
185 2581 395 2632 Collegio
424 2586 585 2620 nostro
616 2579 836 2620 recedere
863 2579 1052 2619 volebat
1080 2579 1228 2619 donec
1262 2584 1385 2618 esset
1412 2578 1477 2618 illi
1503 2590 1781 2619 concessum

140 2652 385 2692 nobiscum
406 2657 633 2703 perpetuo
662 2662 876 2701 manere,
907 2650 1047 2690 etiam
1073 2649 1112 2690 si
1143 2661 1311 2689 munus
1342 2649 1540 2701 quodvis
1570 2648 1780 2701 abjectae

198 2814 208 2834 ¹
248 2813 340 2846 Quae
358 2817 555 2846 sequuntur,
572 2819 677 2845 usque
693 2811 736 2838 ad
757 2812 866 2838 verba
877 2815 944 2845 pro
958 2811 1060 2838 virili
1080 2811 1230 2842 laborat,
1252 2819 1292 2838 ea
1313 2815 1390 2838 sunt
1412 2819 1498 2844 quae
1518 2811 1552 2838 in
1572 2811 1778 2846 fragmento,

140 2862 181 2888 de
197 2869 261 2895 quo
277 2860 445 2894 superius,
462 2867 539 2893 pag.
555 2859 618 2891 433,
641 2859 862 2886 annotatione
876 2858 903 2893 2,
920 2867 1030 2886 sermo
1046 2860 1158 2886 factus
1174 2864 1242 2893 est;
1258 2859 1346 2893 quod
1359 2859 1589 2893 fragmentum
1609 2859 1683 2887 ideo
1699 2864 1778 2887 tune

141 2909 183 2936 ad
196 2908 393 2935 Decembris
406 2908 504 2934 finem
519 2907 740 2941 rejiciendum
755 2907 910 2940 diximuS,
924 2907 1002 2941 quia
1016 2908 1162 2934 nondum
1175 2908 1237 2935 has
1253 2907 1370 2940 Jacobi
1384 2907 1501 2934 Duran
1515 2908 1664 2942 litteras,
1680 2916 1697 2935 e
1713 2909 1783 2942 qui-

140 2957 202 2983 bus
217 2957 394 2990 desumpta
410 2955 469 2982 illa
484 2960 573 2988 sunt,
590 2961 838 2988 repereramus.
854 2954 1208 2981 Animadvertendum
1224 2955 1328 2981 etiam
1343 2959 1395 2981 est
1411 2955 1641 2989 fragmentum
1661 2956 1725 2983 hoc
1747 2957 1781 2984 in

140 3003 292 3037 pluribus
308 3004 350 3030 ab
366 3001 555 3029 emendatis
570 3002 796 3036 autographis
810 3002 938 3029 litteris
953 3003 1092 3029 differre
1107 3024 1111 3035 ,
1129 3003 1224 3036 quasi
1240 3003 1388 3029 alteram
1402 3003 1586 3030 subiissent
1604 3004 1669 3030 hae
1691 3004 1782 3031 litte-

140 3057 200 3077 rae
216 3050 490 3084 castigationem.
509 3049 634 3076 Sensus
651 3054 764 3076 tamen
780 3049 866 3076 idem
881 3054 950 3083 est,
965 3049 1029 3076 hoc
1045 3057 1108 3076 uno
1121 3053 1276 3084 excepto,
1289 3050 1375 3084 quod
1392 3051 1464 3077 loco
1479 3051 1577 3078 verbi
1592 3051 1780 3079 Circumci-

139 3098 254 3125 sz'onz's
268 3098 355 3133 quod
372 3101 422 3125 est
438 3098 471 3125 in
486 3098 728 3132 autographis,
745 3097 779 3124 in
794 3097 986 3131 fragmento
1001 3098 1175 3126 inductum
1193 3102 1245 3125 est
1261 3098 1490 3126 Nativitalz's.
