2168 3437
909 264 990 299 AN.
1024 263 1116 301 1553
1755 264 1826 301 493

185 361 607 412 constitutionibus,
631 360 823 412 spiritus
845 360 1110 411 sumebant,
1140 367 1203 408 ut,
1235 361 1363 401 obliti
1393 372 1511 412 quae
1543 366 1667 400 retro
1695 367 1816 411 sunt,

185 434 244 474 ad
265 433 501 473 anteriora
518 444 567 472 se
583 431 907 481 extenderent,
926 436 1024 471 tum
1045 432 1185 471 etiam
1203 432 1326 483 quod
1342 431 1390 471 P.
1412 431 1590 471 Natalis
1607 443 1677 481 ea,
1697 443 1818 482 quae

184 504 321 544 isthic
359 503 601 553 hauserat,
650 508 747 542 tam
790 512 965 552 magna
1004 501 1235 542 charitate
1276 502 1562 552 effundebat,
1609 509 1657 542 ut
1691 508 1821 542 tuam

183 574 231 615 P.
265 574 400 614 nobis
426 573 588 613 audire
624 573 913 622 videremur,
952 583 1059 612 cum
1094 572 1150 612 de
1182 573 1395 612 omnibus
1424 573 1659 624 perfectae
1695 573 1821 612 vitae

184 645 518 694 instrumentis,
542 650 818 696 paupertate
840 643 959 693 dico,
984 643 1214 693 castitate,
1235 644 1315 683 sed
1334 644 1586 695 praecipue
1608 643 1821 684 obedien—

184 716 248 756 tia
269 716 473 768 quotidie
501 716 783 766 loqueretur.
814 714 930 754 Illud
957 713 1112 764 credo,
1148 725 1403 765 numquam
1433 715 1620 754 venisse
1651 707 1822 755 fratres

185 787 244 827 ad
265 786 564 835 audiendum,
589 786 840 825 veniebant
862 790 1018 825 autem
1044 784 1141 824 fere
1169 785 1390 836 quotidie,
1415 785 1524 836 quin
1547 786 1823 825 inflammati

186 858 479 898 discederent
500 857 726 896 virtutum
746 857 914 897 harum
935 867 1111 896 amore.

266 928 376 969 Post
392 929 567 979 aliquot
585 927 682 968 dies
698 927 885 967 venitP.
902 927 1186 967 Franciscus
1200 927 1400 977 Borgius
1414 927 1539 976 (sec),
1557 939 1699 979 quum
1717 939 1823 967 eum

185 1011 325 1051 saepe
342 1011 426 1039 rex
448 999 544 1039 suis
565 999 713 1038 literis
731 999 1023 1038 accersisset.
1043 997 1087 1038 A
1103 1009 1215 1049 rege
1236 997 1552 1049 universaque
1575 998 1673 1050 ejus
1692 999 1821 1038 fami-

182 1072 244 1111 lia
265 1070 599 1111 humanissime
621 1076 844 1121 exceptus
875 1075 958 1120 est;
991 1069 1050 1109 ad
1079 1075 1264 1109 Veteres
1287 1069 1411 1108 enim
1435 1069 1820 1119 necessitudines,

183 1153 299 1193 quas
321 1153 425 1181 cum
447 1140 495 1181 P.
525 1141 780 1181 Francisco
808 1141 1063 1189 habebant,
1088 1151 1310 1191 magnam
1327 1140 1481 1180 attulit
1503 1141 1823 1180 accessionem

182 1213 487 1263 existimatio,
512 1223 652 1263 quam
673 1212 729 1252 de
747 1212 892 1263 ipsius
912 1211 1085 1251 habent
1105 1211 1300 1261 Virtute,
1324 1210 1446 1262 quod
1467 1211 1569 1262 ipsi,
1595 1211 1672 1263 qui
1694 1212 1749 1251 de
1771 1223 1821 1251 se

180 1290 278 1325 tam
292 1283 519 1324 submisse
536 1283 690 1331 sentit,
714 1295 807 1322 non
828 1289 1011 1334 poterat
1028 1293 1123 1322 non
1144 1282 1281 1322 valde
1302 1283 1549 1322 molestum
1571 1294 1686 1322 esse.
1707 1282 1820 1322 Mox

181 1360 337 1395 autern
359 1355 403 1394 in
426 1354 611 1405 magnis
633 1353 1016 1405 occupationibus
1044 1365 1147 1393 esse
1169 1353 1342 1405 coepit,
1374 1365 1479 1393 cum
1501 1359 1823 1393 accerseretur

184 1426 261 1465 vel
283 1437 309 1465 a
340 1436 451 1476 rege
474 1426 547 1464 vel
575 1436 602 1464 a
629 1425 794 1475 regina
820 1423 829 1443 ¹
853 1425 928 1464 vel
949 1436 976 1463 a
999 1424 1218 1464 Caesaris
1244 1424 1339 1464 filia
1359 1423 1372 1442 2
1394 1425 1469 1464 vel
1492 1425 1772 1464 inviseretur
1796 1435 1823 1463 a

179 1496 468 1548 principibus
489 1496 619 1535 viris.
644 1495 803 1547 Itaque
825 1507 932 1535 cum
951 1507 1008 1535 ne
1029 1496 1260 1535 tantulum
1282 1495 1467 1547 quidem
1496 1496 1688 1535 haberet
1711 1502 1821 1535 tem-

181 1567 328 1619 poris,
366 1567 413 1606 id
448 1573 626 1616 tamen,
667 1566 889 1618 quidquid
923 1572 1046 1616 erat,
1084 1566 1278 1606 summis
1309 1566 1696 1617 occupationibus
1727 1578 1823 1606 ere-

180 1644 331 1690 ptum,
363 1637 564 1677 fratrum
590 1637 778 1677 utilitati
807 1637 969 1685 dabat3
1002 1648 1029 1677 a
1062 1648 1224 1677 mensa
1257 1637 1379 1677 enim
1415 1638 1471 1677 de
1506 1637 1678 1678 Christi
1714 1637 1823 1690 Jesu

187 1709 446 1750 imitatione
475 1708 651 1760 aliquid
673 1709 720 1748 in
740 1708 944 1748 medium
974 1708 1261 1760 exponebat,
1289 1709 1634 1760 praecipueque
1655 1708 1711 1748 de
1732 1709 1822 1748 vir-

182 1780 378 1830 tutibus,
413 1792 532 1832 quae
559 1780 606 1820 in
628 1779 897 1819 beatissimo
924 1779 1022 1831 ejus
1052 1779 1240 1819 fuerunt
1270 1778 1441 1819 animo.
1473 1780 1551 1819 Bis
1585 1780 1631 1819 in
1661 1785 1823 1820 nostro

181 1852 353 1903 templo
375 1851 681 1891 concionatus
702 1855 790 1901 est,
811 1850 871 1890 ad
887 1850 1235 1902 secundamque
1253 1851 1529 1890 concionem
1549 1851 1678 1890 venit
1697 1851 1819 1902 prin-

182 1934 292 1974 ceps
317 1922 585 1962 Ludovicus
613 1921 1035 1973 attentissimeque,
1067 1921 1123 1962 de
1153 1922 1257 1962 loco
1288 1922 1519 1973 superiori
1553 1928 1823 1962 nostrarum

182 1994 387 2043 aedium,
421 1993 779 2033 concionantem
807 1992 1009 2043 audivit,
1034 1993 1111 2032 ubi
1132 1991 1231 2044 ejus
1257 1993 1625 2043 benevolentiae,
1657 2004 1748 2044 qua
1777 1993 1823 2032 in

180 2065 351 2105 fratres
371 2070 462 2114 est,
487 2064 788 2116 perspicuum
816 2064 1002 2115 signum
1028 2063 1177 2112 dedit3
1209 2076 1318 2104 nam
1348 2076 1427 2105 eos
1458 2065 1504 2104 in
1532 2064 1695 2104 eodem
1716 2064 1823 2104 loco

183 2136 242 2176 ad
258 2135 536 2176 audiendam
561 2135 835 2175 concionem
856 2135 1019 2175 sedere
1031 2134 1190 2186 jussit3
1208 2141 1466 2187 posteaque
1484 2134 1735 2175 affirmavit
1756 2146 1821 2184 se,

181 2206 259 2258 qui
278 2206 368 2246 hoc
388 2206 489 2258 ipso
510 2206 606 2246 divi
623 2205 850 2246 Matthaei
866 2206 940 2246 die
957 2207 1128 2246 multas
1145 2206 1394 2246 conciones
1413 2206 1683 2257 audivisset,
1710 2205 1827 2245 nihil

185 2277 279 2317 tale
298 2288 505 2328 unquam
529 2277 781 2317 audivisse.

262 2347 401 2387 Pater
418 2347 597 2387 interea
616 2359 843 2399 persaepe
866 2347 912 2387 in
933 2348 1040 2387 aula
1060 2348 1298 2398 reginam,
1318 2349 1394 2388 Vel
1418 2348 1636 2388 Caesaris
1663 2348 1820 2398 filiam,

185 2418 393 2470 aliasque
410 2418 646 2469 principes
666 2418 898 2458 foeminas
919 2418 978 2458 ad
995 2418 1219 2458 virtutem
1234 2418 1511 2459 hortabatur
1528 2430 1700 2470 magno
1717 2429 1826 2458 cum

183 2489 352 2540 fructu,
376 2494 426 2529 ut
447 2499 608 2529 omnes
630 2489 951 2538 cernebamus,
972 2500 1078 2529 cum
1094 2500 1164 2539 ea,
1190 2500 1309 2541 quae
1327 2490 1594 2539 audiebant,
1614 2489 1824 2529 studiose

184 2566 349 2611 postea
371 2559 653 2610 flagitarent,
684 2565 940 2610 coeperunt
971 2559 1112 2599 etiarn
1141 2559 1349 2600 studiose
1371 2560 1622 2600 admodum
1643 2559 1821 2600 confes-

186 2630 330 2671 sionis
347 2635 696 2670 sacramentum
711 2629 1025 2680 frequentare,
1041 2629 1088 2670 in
1102 2641 1192 2681 quo
1211 2636 1482 2670 constanter
1498 2636 1822 2682 perseverant.

265 2701 557 2741 Decreverat
590 2699 640 2740 P.
677 2700 858 2740 Natalis
897 2699 1084 2751 fratres,
1121 2701 1199 2752 qui
1233 2707 1367 2741 erant
1404 2701 1739 2753 Olyssiponae,
1776 2701 1824 2740 in

187 2772 374 2813 ordines
394 2783 505 2812 suos
526 2771 824 2822 distribuere,
850 2782 1048 2823 cumque
1075 2771 1135 2811 ad
1155 2783 1260 2812 eam
1287 2783 1386 2812 rem
1412 2784 1495 2823 per
1522 2773 1693 2812 multos
1724 2771 1826 2812 dies

185 2855 234 2884 se
263 2854 425 2884 omnes
455 2848 834 2894 comparassent,
862 2842 1016 2882 visum
1043 2848 1113 2882 est
1140 2842 1291 2882 eidem
1316 2842 1445 2883 Patri
1473 2850 1521 2883 ut
1549 2843 1825 2883 commodus

242 3025 248 3043 ¹
292 3023 482 3052 Catharina
496 3024 672 3058 Austriae,
689 3023 803 3051 Caroli
818 3024 851 3051 V
863 3024 1087 3058 Imperatoris
1102 3031 1210 3052 soror.

244 3072 258 3091 Ξ
296 3071 438 3106 Joanna,
454 3072 604 3106 Joannis,
620 3071 854 3106 Portugauiae
871 3071 1048 3106 Principis,
1064 3079 1161 3099 uxor.
