2168 3437
935 214 1017 251 Ax.
1057 213 1150 251 1553
1798 211 1869 248 137

222 310 412 350 nostris.
439 310 619 350 Verum
640 310 689 349 P.
714 309 769 350 N.
795 322 847 350 eo
870 310 1056 359 merito,
1087 309 1210 361 quod
1238 309 1325 349 sibi
1354 309 1399 348 in
1429 307 1671 348 audiendis
1701 308 1868 347 multo-

224 393 327 421 rum
349 380 721 421 confessionibus
742 388 787 421 et
807 382 853 421 in
874 381 1113 432 erigendis
1135 380 1317 421 afflictis
1339 385 1606 431 comparat,
1630 390 1724 418 non
1755 390 1859 418 con-

224 457 398 502 tentuS,
423 451 610 503 saepius
631 452 726 492 adit
748 452 960 504 captivos
989 463 1160 502 eosque
1188 451 1247 491 ad
1278 452 1476 491 virtutes
1504 450 1734 499 hortatur,
1767 449 1864 500 qui-

225 523 309 563 bus
343 528 469 562 certe
505 522 845 563 hortationibus
876 535 969 563 non
998 534 1165 574 parum
1186 523 1466 571 excitantur,
1498 521 1644 573 quod,
1679 520 1866 572 quando

225 594 283 633 ab
304 593 395 633 illis
415 593 625 644 discedit,
646 605 787 645 aegre
809 594 976 643 ferant,
996 594 1169 633 vellent
1192 593 1314 633 enim
1335 599 1384 633 ut
1405 593 1577 633 diutius
1595 603 1755 631 secum
1772 603 1866 631 ma-

226 669 372 715 neret3
392 664 473 704 sed
491 675 597 704 cum
614 665 716 705 eius
732 665 977 705 consilium
995 676 1021 704 a
1042 664 1199 703 multis
1216 664 1497 715 requiratur,
1519 663 1581 703 illi
1599 675 1689 702 non
1707 669 1864 702 vacat.

226 735 283 774 Et
303 746 396 775 non
418 746 527 775 raro
549 734 594 774 id
617 735 788 776 accidit
807 742 856 775 ut
877 741 1075 775 vocatus
1096 735 1194 786 ipse
1215 735 1275 774 ad
1298 734 1588 774 infirmorum
1615 733 1865 774 confessio-

227 817 310 846 nes
331 805 602 857 audiendas,
623 806 682 846 ad
703 806 806 846 illos
827 805 1116 855 excitandos,
1135 805 1394 845 hortandos
1413 804 1868 856 confirmandosque,

227 876 425 928 denique
455 877 502 916 in
529 888 660 928 spem
686 876 870 917 futurae
906 877 1068 917 salutis
1099 876 1373 927 erigendos,
1404 876 1468 916 illi
1497 876 1651 915 cibum
1681 887 1865 915 sumere

229 959 323 988 non
344 948 496 988 liceat.
522 947 774 988 Praeterea
799 954 1073 1000 perseverat
1100 948 1146 987 in
1173 948 1270 987 suis
1299 947 1601 987 concionibus
1628 958 1777 998 neque
1809 958 1869 986 ex

228 1019 317 1059 illis
338 1031 506 1071 parum
528 1019 826 1060 commodum
855 1019 1119 1071 percipiunt
1149 1019 1412 1068 auditores,
1444 1030 1640 1069 quorum
1666 1030 1752 1057 nec
1779 1017 1870 1057 exi-

228 1101 350 1140 guus
371 1095 440 1129 est
462 1101 698 1141 numerus;
720 1090 888 1130 adsunt
910 1090 1034 1130 enim
1054 1090 1202 1130 ferme
1220 1090 1419 1141 singulis
1441 1089 1601 1129 diebus
1618 1088 1748 1128 sestis
1766 1101 1870 1128 con·

235 1160 358 1201 cioni
388 1166 624 1200 tercentae
658 1161 858 1200 animae.
887 1161 1049 1213 Neque
1085 1161 1198 1201 illud
1227 1161 1412 1200 silentio
1448 1160 1681 1208 omittam,
1720 1159 1873 1210 ipsum

231 1233 350 1271 inter
371 1232 488 1271 alias
504 1232 769 1281 conciones,
790 1244 907 1284 quas
925 1232 1100 1281 habuit,
1121 1232 1245 1272 hanc
1262 1231 1480 1272 habuisse
1502 1230 1557 1270 de
1575 1231 1869 1279 discretione,

236 1314 375 1355 super
397 1303 474 1342 illa
495 1302 716 1354 Apostoli
736 1304 882 1344 verba
903 1304 1090 1344 obsecro
1113 1315 1200 1343 vos
1216 1308 1306 1354 per
1331 1302 1707 1342 nzz'sem'cordz'am
1728 1301 1804 1341 dei
1821 1305 1873 1341 ut

233 1373 496 1414 exhibeatis
516 1379 719 1426 corpora
740 1378 904 1414 vestra
924 1374 1130 1414 hostiam
1151 1375 1404 1423 viventem,
1420 1377 1653 1423 sanctam,
1671 1373 1753 1412 deo
1769 1372 1873 1424 pla-

234 1449 434 1496 centem,
455 1445 738 1485 rationabile
758 1445 1029 1497 obseqm‘ltm
1059 1450 1300 1495 vestrum,
1331 1446 1406 1485 cui
1436 1445 1633 1485 aderant
1660 1443 1876 1495 permulti

235 1517 437 1569 optimae
458 1516 739 1557 conditionis
756 1517 971 1557 homines
993 1524 1036 1557 et
1058 1523 1317 1567 matronae,
1337 1516 1505 1568 quibus
1522 1527 1628 1555 cum
1651 1514 1874 1555 ostendis-

236 1594 305 1628 set
327 1593 551 1639 quantum
573 1588 786 1628 utilitatis
809 1595 853 1628 et
873 1588 1168 1628 necessitatis
1190 1589 1237 1628 in
1259 1600 1307 1628 se
1330 1588 1523 1628 haberet
1544 1593 1606 1626 sa
1636 1586 1876 1636 discretio,

237 1658 367 1698 multi
388 1665 631 1710 praeterea
656 1671 683 1699 a
704 1660 931 1700 concione
953 1660 1111 1700 statim
1133 1660 1322 1699 domum
1342 1664 1655 1711 properarunt
1684 1664 1742 1707 et,
1768 1669 1876 1697 exu-

236 1730 296 1769 tis
315 1729 499 1779 ciliciis,
526 1730 690 1781 quibus
712 1731 1038 1781 induebantur,
1063 1731 1357 1782 arreptisque
1378 1730 1597 1781 flagellis,
1629 1729 1797 1780 quibus
1827 1740 1876 1768 se

238 1801 495 1841 caedebant
526 1801 585 1841 ad
613 1801 794 1841 cruoris
822 1813 969 1853 usque
999 1801 1290 1851 effusionem,
1316 1802 1471 1842 omnia
1499 1801 1558 1841 ad
1586 1800 1773 1840 Patrem
1799 1811 1876 1839 no-

237 1878 385 1912 strum
405 1871 688 1922 detulerunt,
713 1873 823 1925 quia
844 1873 961 1913 haec
983 1874 1159 1925 absque
1182 1873 1281 1914 eius
1303 1873 1497 1914 consilio
1524 1872 1773 1912 faciebant.
1806 1871 1878 1911 Ex

238 1943 394 1983 multis
416 1949 572 1983 autem
599 1944 791 1984 inventa
819 1950 889 1985 est
919 1956 1036 1995 una,
1070 1956 1212 1997 quam
1239 1944 1438 1984 daemon
1466 1945 1550 1984 sub
1579 1943 1732 1995 specie
1761 1942 1877 1982 recti

237 2014 432 2065 perdere
454 2016 732 2055 conabatur:
756 2016 873 2056 haec
894 2021 1118 2067 perpetuo
1142 2016 1346 2056 cilicium
1367 2016 1582 2067 gerebat,
1609 2015 1796 2066 saepius
1818 2014 1876 2054 ie-

238 2085 451 2136 iunabat‚
475 2085 699 2126 caedebat
720 2098 770 2126 se
790 2094 959 2126 catena
982 2086 1158 2137 ferrea,
1183 2093 1227 2127 et
1249 2085 1501 2138 aliquando
1522 2085 1801 2137 persistebat
1830 2084 1878 2124 in

239 2156 551 2208 flagellatione
571 2163 666 2197 tres
687 2157 830 2197 horas
850 2169 937 2198 nec
953 2158 1095 2198 ullam
1111 2157 1506 2198 intermissionem
1522 2156 1738 2197 faciebat:
1760 2156 1879 2195 haec

241 2233 486 2279 praeterea
506 2228 700 2279 protulit
720 2240 770 2268 se
797 2240 1051 2281 numquam
1071 2229 1224 2269 minus
1246 2228 1553 2279 defatigatam
1574 2227 1716 2267 fuisse
1738 2237 1879 2278 quam

241 2305 352 2339 tunc
373 2299 619 2351 temporis;
644 2306 688 2340 et
709 2299 765 2340 iis
786 2299 987 2340 addebat
1009 2300 1133 2352 quod
1164 2300 1315 2340 adhuc
1341 2305 1715 2352 perseverasset,
1748 2298 1795 2337 ni
1825 2298 1879 2337 ti—

243 2369 435 2410 muisset
464 2369 615 2410 audiri
650 2382 678 2410 a
711 2371 880 2411 vicinis
915 2371 1034 2412 suis:
1070 2372 1214 2411 multa
1249 2378 1494 2422 praeterea
1527 2369 1728 2409 faciebat
1759 2379 1879 2419 quae

240 2442 434 2492 longum
454 2447 576 2481 esset
597 2453 862 2492 recensere,
887 2442 1055 2494 quibus
1076 2442 1115 2482 si
1141 2448 1516 2494 perseverasset,
1548 2441 1594 2480 in
1622 2440 1879 2480 maximum

243 2512 369 2552 vitae
390 2512 641 2552 discrimen
656 2512 909 2553 incidisset.
929 2513 987 2553 Et
1008 2513 1117 2564 quia
1137 2513 1389 2553 verebatur
1406 2525 1463 2552 ne
1486 2512 1572 2551 sibi
1593 2516 1760 2550 catena
1781 2521 1876 2550 sur-

243 2583 489 2634 riperetur,
519 2583 722 2634 seipsam
749 2583 827 2624 illa
854 2596 992 2636 super
1022 2595 1214 2624 carnem
1243 2584 1477 2634 cingebat.
1510 2581 1789 2622 Benedictus
1819 2581 1879 2621 sit

243 2654 486 2705 Dominus,
506 2654 583 2705 qui
605 2666 850 2695 servorum
870 2666 1062 2695 suorum
1083 2667 1227 2707 opera
1248 2666 1342 2705 eos,
1364 2655 1440 2706 qui
1461 2654 1508 2693 in
1524 2653 1727 2693 tenebris
1747 2652 1877 2703 igno·

244 2725 426 2765 rantiae
447 2725 702 2776 ambulant,
724 2725 891 2777 quique
907 2738 1129 2766 sensuum
1145 2737 1339 2766 suorum
1359 2725 1529 2764 iudicio
1546 2725 1666 2763 male
1686 2722 1694 2741 ¹
1714 2734 1878 2774 regun-

245 2803 335 2847 tur,
360 2796 602 2836 illuminat.

325 2865 429 2907 Non
450 2867 616 2907 desunt
637 2867 777 2907 etiam
797 2867 1069 2908 monialium
1090 2867 1331 2917 coenobia,
1356 2878 1475 2918 quae
1492 2866 1542 2906 Ρ.
1566 2866 1661 2907 Nri.
1686 2876 1880 2917 operam

303 3027 312 3047 ¹
352 3027 506 3054 Verbum
519 3028 593 3062 hoc,
611 3028 714 3062 male,
731 3028 882 3055 additum
899 3033 948 3055 est
965 3036 984 3055 a
1000 3028 1158 3055 Poianco.
