2168 3437
2010 0 2018 8 a
2029 0 2168 23 “T'xw'ssb'q

1973 18 1976 25 ,
2164 16 2168 21 ,

373 271 443 307 434
882 268 1107 304 LirrERAE
1135 278 1493 310 QUADRlMEs‘TRES

374 367 497 419 quod
519 365 740 406 Societati
762 364 984 404 tributum
1006 370 1089 414 est,
1110 363 1288 415 eodem,
1309 364 1514 415 inquam,
1535 364 1607 404 die
1623 364 1885 416 Episcopus
1903 366 2014 405 Avi-

374 439 445 477 lae
471 436 495 487 ¹,
520 448 623 475 cum
645 435 938 485 intelligeret,
963 434 1012 475 P.
1037 434 1297 486 Baptistam
1318 434 1381 474 ibi
1403 435 1814 486 concionaturum,
1833 436 1942 476 illuc
1966 448 2016 476 se

373 507 569 547 contulit
590 506 718 546 illum
739 505 997 556 auditurus,
1022 506 1119 557 qui,
1143 511 1192 545 ut
1222 505 1505 545 solemnitati
1535 507 1935 556 patrocinaretur,
1970 514 2016 547 et

373 579 527 618 dicere
556 576 900 616 confessionem
929 587 984 615 ac
1014 577 1230 616 omnibus
1260 575 1607 616 discedentibus
1633 577 1909 617 benedicere
1937 590 2016 617 vo-

372 650 469 689 luit.
495 648 579 688 His
601 648 663 687 ita
684 647 855 698 gestis,
892 647 1076 687 difficile
1107 647 1233 687 dictu
1262 653 1331 687 est
1359 653 1534 698 quanto
1565 660 1723 688 amore
1749 654 2016 700 quantaque

372 719 604 760 charitate
634 719 681 758 in
713 719 877 758 eadem
905 719 1020 758 urbe
1055 717 1339 759 Societatem
1366 724 1734 770 prosequantur3
1765 719 2016 770 praecipue

373 798 531 830 tamen
551 789 600 830 P.
625 790 902 841 Baptistam,
929 801 1081 841 quem,
1106 795 1154 829 ut
1175 789 1240 829 ita
1261 789 1429 840 dicam,
1462 790 1606 829 veluti
1634 790 1912 842 prophetam
1939 790 2017 830 ha-

378 863 499 901 bent.
523 861 619 901 Nec
641 862 791 901 solum
812 861 858 901 id
879 861 1071 901 honoris
1089 861 1356 900 saeculares
1374 872 1429 900 ac
1446 861 1614 912 plebeii
1629 861 1840 901 homines
1857 861 1922 901 illi
1942 862 2015 901 tri-

371 934 533 983 buunt,
558 933 640 972 sed
663 933 805 972 etiam
826 932 1032 983 religiosi
1053 932 1155 983 ipsi.
1183 931 1384 982 Quidam
1405 932 1529 972 enim
1551 932 1815 983 religiosus,
1834 933 2015 983 peritis-

373 1005 517 1044 simus
539 1004 867 1055 concionator,
893 1004 1002 1043 dum
1024 1003 1082 1043 ad
1103 1004 1325 1055 populum
1344 1003 1537 1043 haberet
1565 1003 1839 1043 concionem
1860 1004 2016 1054 gravi·

371 1076 549 1126 busque
571 1075 728 1115 verbis
752 1075 798 1115 in
824 1075 1109 1115 audientium
1130 1085 1289 1114 mores
1311 1074 1625 1125 inveheretur,
1645 1075 1791 1114 veluti
1807 1086 1833 1114 a
1852 1075 2019 1114 maiori

373 1147 431 1186 ad
452 1147 605 1187 minus
627 1158 761 1186 suum
784 1146 958 1186 ducens
981 1151 1326 1197 argumentum,
1351 1145 1596 1185 insinuans
1624 1157 1673 1185 se
1694 1157 1794 1185 rem
1822 1146 2017 1186 arduam

371 1224 576 1258 tractare
610 1218 831 1270 ipsosque
862 1218 977 1257 dura
1009 1217 1194 1257 cervice
1222 1228 1347 1265 esse,
1379 1217 1426 1256 in
1454 1216 1571 1256 haec
1604 1217 1817 1268 prorupit
1852 1217 2015 1257 verba:

374 1289 446 1330 “Si
465 1289 539 1329 vir
559 1290 634 1329 ille
657 1295 851 1329 sanctus
875 1289 1179 1339 (intelligebat
1202 1293 1359 1328 autem
1375 1287 1425 1327 P.
1449 1287 1728 1339 Baptistam)
1748 1289 1890 1328 duros
1908 1288 2019 1328 Avi·

371 1362 442 1400 lae
478 1361 632 1400 silices
667 1360 875 1400 emollire
909 1372 1001 1399 non
1035 1359 1205 1411 potuit,
1243 1364 1293 1399 ut
1329 1359 1439 1410 quid
1475 1371 1562 1399 nos
1595 1359 1773 1400 frustra
1814 1359 1904 1399 huc
1940 1372 2015 1400 ve-

371 1432 552 1472 nimus?
570 1464 586 1480 „

451 1503 501 1543 In
528 1503 625 1543 dies
651 1503 726 1543 hic
753 1501 766 1520 ‘²
796 1502 949 1553 magis
977 1514 1031 1542 ac
1059 1502 1212 1553 magis
1240 1513 1408 1542 eorum
1435 1513 1657 1542 numerus
1685 1508 1906 1553 augetur,
1938 1503 2018 1554 qui

370 1575 669 1626 frequentare
691 1578 1038 1613 consueverunt
1059 1574 1330 1624 concioneS,
1355 1584 1475 1624 quae
1496 1573 1658 1613 diebus
1683 1573 1836 1624 festis,
1857 1585 2014 1624 pome-

369 1646 565 1686 ridianis
586 1644 889 1696 temporibus,
914 1645 1076 1684 haberi
1097 1645 1247 1684 solent
1270 1644 1409 1684 domi.
1441 1643 1693 1684 Foeminae
1715 1651 1895 1696 autem,
1921 1645 2017 1696 qui·
2066 1668 2069 1669 ν

369 1708 456 1757 b‘us
477 1717 769 1757 interdicitur
787 1716 1028 1767 ingressus
1052 1716 1217 1755 domus
1241 1722 1449 1762 nostrae,
1480 1714 1696 1755 admotae
1713 1716 1846 1766 ostio,
1866 1716 2015 1756 nitun-

370 1796 459 1839 tur,
485 1788 638 1840 quoad
659 1793 874 1839 possunt,
908 1788 983 1826 vel
1004 1787 1159 1838 aliqua
1190 1787 1351 1827 audire
1377 1786 1545 1837 verba,
1577 1792 1915 1838 conquerentes
1950 1792 2015 1827 ta-

369 1872 476 1901 men
498 1860 621 1911 quod
642 1871 736 1899 non
757 1859 1024 1898 inveniatur
1046 1858 1234 1909 aliquod
1255 1858 1500 1909 templum,
1525 1857 1603 1897 ubi
1624 1857 1837 1898 omnibus
1858 1864 2016 1909 pateat

368 1932 537 1972 aditus.
565 1930 792 1971 Omnibus
813 1929 1011 1981 denique
1031 1929 1264 1969 exercitiis
1294 1929 1614 1980 spiritualibus
1640 1934 1824 1969 tanturn
1855 1941 2012 1969 acces-

369 2001 735 2049 sitincrementi,
756 2006 805 2041 ut
825 2013 985 2041 omnes
1002 2000 1207 2040 maxima
1225 1999 1537 2040 admiratione
1554 2005 1816 2040 teneantur.
1838 2000 2017 2052 Quippe

371 2074 449 2125 qui
479 2073 801 2124 Methymnae,
834 2083 923 2123 quo
953 2083 1113 2111 omnes
1142 2082 1260 2122 pene
1291 2082 1473 2111 merces
1502 2070 1744 2111 confluunt
1769 2071 2016 2122 Hispania-

371 2157 475 2185 rum
488 2156 542 2184 ac
562 2156 616 2184 eo
630 2150 929 2194 acervantur,
950 2143 1114 2194 quibus
1131 2141 1389 2182 vendendis
1408 2147 1453 2181 et
1470 2141 1679 2182 emendis
1694 2142 1840 2182 ferme
1857 2154 2019 2182 omnes

371 2216 659 2256 habitatores
681 2220 726 2254 et
747 2214 891 2254 vicini
914 2214 1051 2253 huius
1073 2213 1232 2264 oppidi
1258 2213 1407 2253 vitam
1436 2219 1677 2264 exercent,
1707 2213 1888 2264 hacque
1919 2214 2017 2253 sola

371 2287 552 2328 ratione
574 2285 765 2326 vivendi
796 2285 1050 2335 ducuntur,
1084 2284 1275 2324 videant
1302 2290 1620 2324 mercatorum
1648 2284 2017 2336 quamplurimos

371 2363 503 2399 tanto
526 2357 678 2397 studio
700 2363 926 2408 tantaque
949 2367 1062 2396 cura
1085 2356 1348 2395 animarum
1366 2356 1505 2395 saluti
1522 2356 1781 2395 consulere.
1805 2355 2015 2406 Quorum

372 2430 450 2470 alii
482 2428 871 2481 quinquagesimo
902 2439 1085 2479 quoque
1113 2427 1207 2474 die,
1238 2427 1316 2466 alii
1345 2427 1728 2478 quadragesimo,
1762 2427 1840 2466 alii
1874 2427 2015 2466 etiam

373 2500 569 2551 singulis
592 2499 753 2539 diebus
777 2497 1041 2548 dominicis,
1065 2508 1248 2537 summa
1275 2497 1527 2537 devotione
1557 2496 1834 2537 confitentur
1862 2509 1917 2537 ac
1938 2497 2016 2538 Sa-

373 2571 691 2612 cratissimum
713 2569 890 2610 Christi
910 2569 1014 2609 Iesu
1037 2581 1206 2620 corpus
1230 2569 1476 2620 recipiunt.

452 2641 550 2682 Nec
573 2641 758 2681 silentio
780 2640 1118 2681 involvendum
1141 2640 1290 2679 sentio
1313 2640 1437 2691 quod
1460 2640 1649 2692 quidam
1677 2640 1858 2680 curiose
1880 2640 2016 2691 inspi-

374 2714 550 2753 cientes
572 2713 916 2752 intellexerunt.
939 2711 1132 2763 Nempe,
1156 2710 1245 2751 hac
1274 2711 1321 2750 in
1342 2722 1392 2750 re
1415 2710 1780 2751 obtrectationes
1807 2716 1851 2750 et
1879 2711 2015 2750 latra-

375 2790 449 2823 tus
471 2783 781 2835 quorumdam
810 2781 1071 2822 aedificium
1098 2782 1202 2832 hoe,
1234 2782 1359 2833 quod
1379 2781 1511 2821 Deus
1540 2781 1627 2821 sibi
1648 2781 1804 2833 erigit,
1829 2781 2016 2821 subver-

375 2861 473 2893 tere
495 2854 767 2903 volentium,
791 2853 908 2893 nihil
927 2852 1052 2892 aliud
1073 2851 1255 2892 efficere
1277 2864 1422 2904 quam
1445 2853 1595 2892 solent
1620 2853 1830 2903 guttulae
1851 2863 2016 2904 aquae,

376 2925 537 2976 ignitis
559 2924 842 2964 carbonibus
864 2923 1114 2975 admixtae,
1139 2936 1257 2976 quae
1278 2935 1372 2964 non
1396 2924 1546 2964 solum
1566 2924 1724 2974 ignem
1751 2935 1844 2963 non
1874 2923 2018 2963 extin-

437 3038 444 3056 ¹
486 3037 635 3065 Didacus
650 3038 766 3066 Alava
782 3042 816 3065 et
831 3038 1005 3073 Esquivel.

431 3083 443 3102 2
481 3083 699 3120 Methymnae
716 3085 845 3120 Campi.
