2168 3437
349 244 420 281 248
861 245 1089 282 LITTERAE
1115 256 1474 289 QUADRIMESTRES

1056 699 1292 753 CCXVI

424 926 639 964 Martinus
660 925 869 965 Gewarts

472 992 594 1030 Patri
612 992 781 1040 Ignatio
801 993 855 1030 de
875 993 1060 1040 Loyola.

519 1057 707 1105 Vienna,
730 1058 746 1095 1
769 1058 873 1107 Maji
895 1059 988 1096 1553
1007 1059 1031 1094 ¹.

1128 1267 1226 1309 IHS

433 1481 599 1522 Gratia
625 1488 669 1521 et
697 1494 791 1534 pax
818 1483 930 1536 Jesu
965 1482 1141 1524 Christi
1175 1482 1365 1523 Domini
1399 1483 1547 1524 nostri
1581 1484 1641 1523 sit
1675 1495 1857 1535 semper
1888 1497 1995 1525 cum

352 1553 567 1593 omnibus
587 1554 734 1594 nobis.
759 1553 927 1594 Amen.

431 1624 478 1665 Si
494 1637 620 1665 nova
637 1626 901 1676 gratiarum
916 1626 1084 1666 merita
1101 1637 1277 1666 novum
1293 1626 1599 1678 gratitudinis
1626 1626 1826 1667 officium
1846 1627 1995 1679 requi—

350 1702 472 1747 runt,
497 1697 722 1748 aequitati
744 1708 858 1737 sane
882 1709 989 1737 cum
1010 1697 1175 1749 primis
1196 1697 1383 1738 videtur
1410 1704 1778 1738 consentaneum
1805 1705 1854 1738 ut
1876 1709 1995 1750 quae

351 1767 479 1808 Deus
500 1775 594 1820 opt.
619 1780 761 1819 max.‚
784 1769 969 1809 labente
995 1769 1086 1809 hoc
1116 1769 1474 1821 quadrimestri,
1504 1770 1640 1809 nobis
1662 1769 1708 1809 in
1731 1780 1991 1817 commune,

350 1845 393 1879 et
413 1851 497 1891 per
518 1850 604 1879 nos
626 1840 743 1891 aliis,
764 1839 986 1891 dignatus
1008 1846 1078 1881 est
1099 1840 1314 1881 conferre
1332 1852 1540 1891 munera,
1566 1840 1626 1881 ad
1648 1841 1793 1893 ipsius
1815 1840 1996 1892 gloriae

349 1911 624 1951 nonnullum
647 1917 966 1962 augmentum,
996 1912 1046 1952 P.
1076 1911 1160 1963 V.,
1191 1924 1247 1952 ac
1275 1912 1441 1952 deinde
1471 1913 1670 1952 caeteris
1697 1912 1909 1964 patribus
1938 1924 1995 1951 ac

350 1981 574 2023 fratribus
597 1982 887 2025 charissimis
909 1990 1098 2024 nostrae
1120 1982 1367 2024 Societatis
1388 1984 1780 2034 transcribamus3
1804 1984 1850 2023 id
1872 1983 1995 2035 quod

351 2054 510 2094 facere
534 2055 757 2095 constitui
774 2053 909 2105 juxta
930 2067 1106 2095 novum
1128 2056 1368 2096 decretum
1388 2055 1446 2095 V.
1471 2055 1520 2095 Ρ.
1541 2088 1547 2105 ,
1572 2055 1661 2095 hoc
1682 2061 1765 2105 est,
1790 2055 2000 2095 breviter

352 2126 719 2177 luculenterque.
743 2126 912 2166 Tribus
934 2126 1076 2177 igitur
1098 2126 1195 2167 sere
1212 2127 1442 2178 capitibus
1460 2138 1691 2166 summam
1709 2126 1996 2178 complectar

351 2196 533 2237 fructus
568 2197 841 2249 spiritualis,
880 2210 1017 2249 quem
1048 2198 1176 2238 Deus
1205 2205 1364 2238 noster
1399 2210 1483 2238 sua
1519 2198 1858 2248 misericordia,
1895 2209 1996 2237 cur-

352 2267 499 2308 riculo
513 2267 610 2319 jam
627 2268 739 2309 dicti
756 2269 995 2321 temporis,
1015 2282 1099 2321 per
1115 2281 1215 2321 nOS‚
1242 2270 1457 2310 minimos
1474 2270 1677 2310 incultae
1694 2282 1807 2310 suae
1829 2268 1995 2309 vineae

352 2340 610 2391 operarios,
634 2340 843 2380 excitare
864 2340 1166 2392 proferreque
1183 2340 1405 2392 dignatus
1422 2347 1491 2381 est
1508 2341 1554 2381 in
1572 2341 1661 2381 hac
1677 2341 1866 2381 natione
1883 2339 1997 2380 Ger—

354 2410 537 2451 maniae
559 2410 858 2452 Austriacae.

432 2482 490 2522 Et
517 2488 567 2522 ut
592 2488 819 2534 tanquam
847 2494 874 2522 a
901 2482 1219 2523 fundamentis
1250 2483 1461 2535 ipsarum
1495 2494 1653 2523 rerum
1681 2488 1833 2523 sumat
1863 2494 1992 2522 exor-

353 2552 479 2593 dium
509 2554 626 2594 haec
660 2559 822 2594 nostra
850 2554 1061 2605 epistola,
1099 2554 1303 2605 primum
1331 2554 1594 2606 aperiemus
1629 2553 1793 2605 paucis
1821 2558 1995 2593 statum

352 2625 540 2665 scholae
561 2631 751 2666 nostrae
772 2625 1024 2676 literariae,
1049 2638 1107 2665 ex
1130 2637 1220 2677 qua
1243 2626 1450 2677 quidem,
1485 2626 1523 2665 si
1545 2625 1786 2665 uberiores
1814 2624 1999 2664 fructus

354 2696 400 2735 in
421 2696 624 2736 Domino
646 2697 919 2748 promittere
936 2708 1130 2748 possum
1148 2697 1195 2737 in
1210 2698 1601 2748 praesentiarum,
1622 2708 1762 2748 quam
1778 2695 1995 2746 decerpe-

352 2779 415 2818 re,
440 2768 673 2808 neminem
693 2768 894 2808 arbitror
917 2768 1051 2808 nobis
1070 2768 1117 2808 id
1137 2768 1251 2808 Vitio
1276 2768 1510 2818 daturum,
1531 2780 1637 2808 cum
1654 2779 1777 2807 nunc
1793 2768 1995 2819 primum

355 2839 569 2878 omnibus
586 2846 746 2879 nostro
763 2839 1038 2890 magisterio
1055 2851 1158 2880 sese
1177 2840 1459 2880 erudiendos
1477 2839 1777 2879 offerentibus
1792 2838 1995 2878 reserari

408 2974 417 2994 ¹
458 2974 544 3001 Tota
560 2975 794 3009 autographa.
816 2975 941 3009 duplici
964 2974 1055 3009 folio,
1075 2976 1135 3002 sub
1158 2983 1188 3001 n.
1204 2975 1388 3002 283.-Est
1403 2979 1436 3002 et
1455 2975 1712 3009 apographum,
1736 2974 1768 3001 in
1794 2974 1996 3008 Hispaniam

356 3021 463 3048 Roma
479 3022 628 3055 missum,
645 3022 676 3048 in
693 3022 855 3049 Historia
872 3022 989 3055 varia,
1003 3023 1071 3049 vol.
1088 3029 1109 3057 1,
1126 3022 1181 3049 fol.
1194 3022 1256 3056 314,
1270 3022 1356 3056 quod
1374 3030 1413 3049 ne
1429 3030 1492 3049 uno
1506 3022 1640 3056 quidem
1652 3023 1759 3048 verbo
1775 3022 1817 3048 ab
1833 3026 1982 3055 autogra

352 3069 420 3102 pho
435 3069 618 3103 discrepat.
