2168 3437
856 322 939 359 AN.
972 322 1062 359 1554
1708 322 1779 359 579

133 431 167 459 :a
202 419 432 459 sententia
459 419 613 460 Patris
648 419 893 471 discrepet.
924 418 1058 459 Illum
1087 419 1238 470 ipsum
1269 418 1325 458 de
1353 419 1490 458 rebus
1524 418 1619 458 suis
1647 430 1777 459 acce-

136 490 255 530 -dunt
277 491 534 530 consulturi
554 490 756 542 plurimi,
780 490 883 530 aliis
904 490 996 529 alia
1017 489 1402 541 proponentibus.

222 560 348 601 Solet
378 560 500 601 Κέω
519 561 797 612 Prolegatus
827 561 920 601 reis
943 561 1032 600 hoc
1052 561 1255 612 primum
1282 560 1489 600 omnium
1516 559 1776 611 injungere,

142 637 193 672 ut
218 631 383 672 Patres
409 638 597 672 nostros
625 631 939 672 confessarios
967 631 1190 681 habeant,
1221 643 1276 671 ac
1302 637 1414 671 tunc
1442 630 1629 671 demum
1657 641 1779 670 sum-

144 714 270 742 mam
290 703 468 754 negotii
489 703 535 742 in
558 702 747 743 eosdem
766 702 931 742 reiicit.

224 772 315 814 Sed
331 779 376 813 et
392 785 526 813 suam
541 785 723 825 quoque
740 773 880 813 habet
896 772 950 812 R.
965 772 1013 812 P.
1031 760 1269 826 Johannes
1287 773 1586 824 palaestram:
1607 772 1646 812 is
1663 772 1783 812 inter

137 851 352 892 caetera,
377 856 496 896 quae
519 844 629 884 huic
649 843 831 884 civitati
850 843 1077 883 beneficia
1099 842 1299 894 confert,
1324 844 1413 883 hoc
1434 854 1577 882 unum
1609 849 1698 892 est,
1733 848 1783 882 ut

144 915 323 966 opinor,
343 926 436 955 non
454 915 861 966 praetereundum,
881 920 930 953 ut
946 915 1117 965 vulgus
1135 914 1428 964 histrionum,
1449 914 1784 954 circulatorum

143 997 199 1024 ac
238 997 487 1037 magorum
524 991 574 1025 ut
612 985 717 1026 fidei
757 985 1049 1025 orthodoxae
1088 996 1333 1024 eversores
1371 985 1648 1035 insectetur,
1692 984 1783 1024 imo

143 1067 306 1096 eorum
327 1057 602 1108 apothecas,
632 1056 836 1106 theatra,
866 1055 1070 1107 pixides,
1095 1055 1409 1106 unguentaria
1432 1062 1476 1095 et
1496 1061 1714 1106 portenta
1734 1055 1782 1095 in

146 1127 300 1167 medio
322 1127 424 1167 foro
446 1128 663 1168 exturbat
683 1127 964 1178 evertitque,
998 1113 1285 1177 concitisque
1315 1138 1567 1178 procerum
1595 1126 1779 1177 animis,

146 1198 260 1237 urbe
282 1198 514 1238 exturbat.
536 1198 622 1238 His
643 1198 742 1250 ipse
763 1204 808 1238 et
829 1198 931 1238 aliis
952 1197 1185 1249 plurimis,
1210 1209 1320 1237 narn
1342 1203 1386 1237 et
1413 1197 1707 1237 xenodochia
1739 1203 1783 1237 et

147 1280 364 1309 carceres
386 1269 560 1319 invisit,
581 1269 728 1309 divini
748 1269 949 1309 nominis
968 1269 1118 1308 zelum
1139 1274 1351 1308 testatur.
1377 1267 1601 1319 Superest
1624 1275 1672 1308 ut
1695 1269 1784 1309 col-

147 1340 322 1391 legium
342 1340 455 1380 illud
475 1351 652 1380 novum
673 1341 953 1381 clericorum
981 1351 1126 1391 prope
1159 1339 1319 1379 urbem
1348 1351 1375 1378 a
1403 1339 1514 1379 ΚΑΜ
1546 1339 1785 1380 Cardinali

148 1410 373 1451 Perusino
401 1417 608 1451 erectum
638 1411 867 1451 foeliciter
892 1421 1092 1462 pergere
1120 1411 1377 1460 intelligas:
1411 1410 1486 1449 hic
1521 1410 1612 1450 duo
1648 1417 1691 1450 et
1720 1422 1786 1459 ,ex

149 1482 385 1523 Societate
403 1483 593 1534 degunt,
617 1483 734 1523 alter
753 1483 990 1533 sacerdos,
1010 1493 1147 1534 quem
1167 1482 1291 1522 idem
1313 1482 1577 1522 Cardinalis
1599 1492 1782 1521 summo

149 1554 304 1594 studio
327 1561 371 1593 et
392 1553 652 1604 diligentia,
676 1553 795 1594 citra
815 1560 999 1604 tempus
1020 1558 1312 1603 consuetum,
1336 1553 1484 1592 sacris
1507 1553 1682 1592 initiari
1711 1565 1785 1592 cu-

150 1625 295 1675 ravit,
318 1636 404 1664 nec
426 1624 572 1675 ipsius
594 1624 780 1664 demum
799 1636 912 1664 sane
934 1623 1063 1663 fallet
1090 1623 1245 1674 opinio
1278 1630 1321 1663 et
1353 1636 1479 1675 spes,
1511 1635 1630 1675 quae
1659 1624 1788 1663 illum

150 1695 209 1735 ad
230 1696 322 1735 tale
345 1707 460 1747 opus
481 1695 675 1746 impulit3
692 1694 789 1746 jam
806 1695 929 1734 enim
951 1700 1056 1734 sunt
1078 1695 1254 1746 aliquot
1276 1705 1478 1745 magnae
1501 1695 1786 1746 expectatio-

150 1766 222 1806 nis
237 1765 450 1817 juvenes,
470 1766 549 1818 qui
569 1766 629 1806 ad
649 1773 796 1806 totam
812 1765 1064 1806 dioecesim
1085 1772 1129 1806 et
1151 1766 1315 1806 litteris
1338 1773 1382 1805 et
1404 1766 1529 1806 vitae
1551 1766 1783 1817 probitate

150 1837 402 1888 aliquando
423 1837 750 1877 illustrandam
771 1837 866 1889 apti
890 1837 1118 1877 videntur.
1143 1837 1362 1877 Pluribus
1383 1837 1502 1877 inest
1524 1837 1709 1877 animus
1731 1849 1785 1878 eo

149 1919 199 1947 sc
221 1907 508 1958 conferendi,
532 1919 649 1959 quos
671 1907 959 1959 experientia
981 1907 1164 1948 docebit
1185 1919 1326 1959 quam
1347 1908 1439 1948 sint
1460 1908 1629 1948 idonei:
1654 1915 1789 1960 urget

152 1979 392 2028 negotium
427 1978 690 2019 Cardinalis
718 1980 817 2030 ipse
843 1985 887 2018 et
916 1979 1230 2030 praepositus,
1260 1979 1468 2031 nihilque
1496 1980 1656 2030 gregis
1690 1980 1788 2020 uni-

151 2049 278 2089 versi
298 2050 642 2089 restauratione
668 2050 798 2101 prius
826 2050 980 2090 habet.
1014 2050 1154 2090 Faxit
1181 2061 1389 2090 summus
1422 2051 1523 2101 ipse
1549 2058 1711 2102 pastor
1742 2058 1791 2091 ut

145 2131 238 2159 nos
278 2126 323 2160 et
360 2119 587 2160 Perusina
630 2132 748 2172 quas
781 2121 922 2161 vinea
966 2121 1263 2172 amplectitur
1294 2133 1430 2172 oves,
1461 2121 1613 2172 ipsum
1642 2123 1791 2162 solum

152 2197 392 2242 pastorem
412 2191 663 2242 aliquando
680 2202 994 2242 agnoscamus
1016 2204 1071 2231 ac
1092 2192 1424 2232 desideremus.
1444 2192 1574 2232 Haec
1591 2198 1640 2232 ut
1659 2204 1790 2244 prae-

151 2268 345 2313 stemus,
363 2261 464 2302 R.de
485 2262 533 2302 in
555 2261 646 2302 C.t0
660 2262 814 2313 Pater,
833 2269 963 2303 tuam
980 2275 1115 2314 opem
1131 2274 1395 2314 precamur,
1416 2274 1556 2314 quam
1574 2263 1792 2314 precibus

150 2338 317 2372 nostro
337 2332 525 2373 nomine
545 2333 605 2374 ad
624 2332 777 2374 Deum
798 2333 912 2373 fusis
932 2334 1055 2374 feres
1076 2334 1523 2385 praesentissimam.
1550 2334 1683 2375 Vale.

236 2402 289 2443 T.
314 2403 368 2443 R.
392 2403 441 2445 P.

237 2473 330 2514 R.di
350 2474 397 2514 in
419 2474 606 2515 Christo
623 2474 673 2514 P.
696 2475 926 2516 Everardi
942 2475 1092 2528 Jussu,

237 2544 414 2586 Servus
434 2546 610 2586 inutilis
631 2546 679 2586 in
699 2546 900 2598 Christo,

1015 2691 1271 2732 EDMUNous
1304 2691 1559 2732 AUGERIUs.
