2168 3437
330 254 400 293 520
842 252 1070 289 LITTERAE
1097 263 1455 296 QUADRIMESTRES

330 350 545 399 thedrali,
571 354 628 388 cu
650 359 832 388 summa
852 347 990 388 laude
1012 353 1056 388 et
1084 348 1415 399 admiratione,
1446 361 1606 389 coram
1636 348 1835 389 RdiSSimO
1863 350 1968 401 Epi-

330 432 472 471 scopo
505 426 549 459 et
580 417 725 459 R.d¹'⁵⁵·
749 418 1011 459 Abbatibus
1034 425 1202 459 ornatu
1237 431 1321 460 suo
1354 420 1605 471 insignitiS,
1642 420 1968 472 praesentibus

332 490 581 531 Canonicis
604 502 660 530 ac
681 490 902 530 uniuerso
925 489 1061 530 Clero
1085 490 1288 531 Eccliae.
1314 491 1608 531 Cathedralis
1629 497 1675 531 et
1696 491 1847 531 aliaru
1867 503 1967 543 per-

333 562 487 602 multis
508 573 567 601 eX
587 573 718 601 more
741 562 1029 613 conuocatis,
1054 568 1098 602 et
1133 562 1543 602 circumstantibus
1570 562 1801 603 uniuersis
1828 562 1966 602 Paro-

332 633 432 673 chis
452 632 697 673 Dioecesis
720 631 1074 683 Clarmotanae,
1109 644 1227 684 quae
1254 645 1329 673 res
1357 634 1688 674 suauissimum
1717 631 1969 673 Societatis

333 704 526 762 odorem
547 704 686 755 longe
705 704 892 755 lateque
914 704 1101 756 sparsit,
1126 704 1185 744 ad
1215 705 1327 758 Jesu
1355 704 1528 746 Christi
1553 704 1865 756 propagandi]
1895 704 1969 744 ob-

334 775 512 826 sequiu.

413 846 625 897 Quantos
655 847 926 886 exhauserit
953 846 1139 887 labores
1166 847 1213 887 in
1242 847 1426 898 agenda
1450 858 1563 887 cura
1586 846 1849 897 infirmoru,
1881 846 1971 886 hoc

333 918 473 958 unicu
495 919 760 969 exemplum
781 918 947 958 efficax
967 918 1084 958 feret
1104 918 1318 958 veritatis
1340 918 1629 969 testimoniu‚
1660 918 1785 970 quod
1816 929 1972 969 quem-

334 989 442 1030 dam
463 990 669 1040 militem,
695 1001 844 1030 annos
866 995 979 1030 natu
999 990 1404 1042 vigintiquinque,
1425 989 1621 1029 curandi
1643 989 1811 1040 studio,
1830 989 1970 1030 medi-

335 1073 413 1101 cos
435 1072 519 1100 sex
540 1061 676 1100 simul
697 1061 960 1110 adduxerit,
982 1061 1245 1112 chirurgos,
1267 1061 1415 1101 alioru
1432 1061 1621 1101 minime
1640 1072 1752 1101 usus
1769 1060 1972 1100 ministe-

334 1132 404 1172 rio
424 1164 432 1183 ,
457 1132 703 1172 aduocarit
722 1165 728 1183 ‚
754 1132 876 1184 apud
897 1133 1290 1184 pharmacopolas
1311 1129 1585 1184 pharmaca,
1609 1132 1781 1184 partim
1803 1132 1968 1183 pretio,

334 1203 506 1255 partim
541 1204 758 1255 precibus
789 1204 1153 1255 comparauerit:
1187 1204 1264 1255 qui
1294 1204 1436 1243 semel
1468 1209 1605 1254 atque
1637 1203 1757 1243 iterii
1786 1202 1837 1242 P.
1869 1202 1974 1242 Hie-

335 1287 534 1327 ronymo
556 1275 725 1315 delicta
757 1275 1015 1326 confessus,
1046 1282 1293 1327 praesente
1320 1287 1398 1323 eo,
1423 1275 1588 1326 spiritu
1608 1274 1732 1315 Dno.
1756 1274 1971 1314 reddidit.

335 1345 469 1386 Alios
489 1357 673 1398 quoque
694 1346 936 1398 utriusque
958 1358 1099 1387 sexus
1126 1346 1335 1387 infirmos
1364 1346 1638 1387 confitentes
1666 1345 1867 1396 audiuit,
1899 1345 1977 1396 qui

334 1418 585 1470 postmodu
621 1418 718 1458 vita
752 1417 900 1458 functi
934 1418 1154 1470 humana,
1184 1418 1243 1458 ad
1273 1419 1525 1459 coelestem
1545 1417 1846 1458 foelicitatem
1867 1416 1974 1456 emi-

334 1495 514 1541 grassit.

416 1562 598 1602 Interea
619 1561 763 1602 Rdiffi·
788 1561 948 1613 Epus.,
974 1561 1112 1602 huius
1129 1561 1220 1601 viri
1242 1560 1367 1601 fama
1390 1561 1642 1612 excitatus,
1668 1560 1739 1600 sui
1757 1559 1975 1600 desiderii

334 1634 491 1685 palam
512 1620 666 1685 prodit
684 1632 918 1683 affectum,
939 1644 1214 1684 omnemque
1232 1644 1414 1672 moram
1430 1632 1584 1672 studet
1603 1632 1896 1683 abrumpere,
1916 1630 1975 1670 ad

335 1704 478 1745 Reium
501 1704 652 1745 Prem.
675 1710 890 1744 nostrum
910 1703 1084 1744 Dnum.
1109 1703 1418 1744 Paschasium
1438 1704 1618 1743 litteras
1646 1702 1978 1754 promissorias

336 1788 389 1816 ac
411 1776 655 1828 petitorias
676 1775 968 1826 transmittit,
1003 1775 1169 1827 quibus
1196 1775 1377 1815 Domus
1408 1774 1801 1824 Cim-montensis,
1837 1784 1978 1825 quam

335 1848 561 1887 hactenus
584 1859 870 1899 occupamus
894 1847 920 1896 ¹,
947 1846 1247 1887 donationem
1268 1846 1483 1898 proximo
1505 1857 1589 1886 suo
1612 1845 1670 1885 ad
1701 1856 1788 1885 nos
1809 1844 1978 1894 redimi,

338 1927 397 1960 no
420 1925 669 1970 expectata
691 1919 988 1969 theologicae
1009 1918 1250 1959 facultatis
1279 1917 1566 1968 definitione,
1600 1917 1868 1969 pollicetur3
1900 1927 1980 1955 vo-

337 1998 505 2044 catque
518 1991 576 2031 ad
593 2003 641 2031 se
657 1991 873 2042 protinus
891 1989 1042 2030 Prem.
1062 1990 1109 2029 in
1128 1989 1432 2040 Auuerniam,
1458 1989 1600 2029 misso
1619 1988 1824 2040 equestri
1842 1986 1979 2027 comi-

336 2069 450 2112 tatu,
471 2074 527 2103 ac
543 2062 733 2114 propria
752 2062 876 2102 mula
894 2094 900 2112 ‚
921 2073 1040 2113 quae
1057 2061 1205 2113 patris
1222 2061 1494 2101 comoditati
1511 2060 1701 2111 seruiat,
1721 2066 1772 2100 ut
1793 2058 1981 2099 comuni

336 2134 526 2175 decreto
549 2140 807 2185 mutuoque
827 2133 1039 2183 consilio,
1060 2132 1321 2183 Collegium
1338 2131 1562 2172 Societati
1579 2132 1789 2182 erigatur
1806 2131 1853 2170 in
1870 2129 1983 2170 urbe

337 2218 419 2246 seu
448 2205 707 2246 Academia
741 2204 1027 2255 Billoniensi‚
1051 2204 1354 2255 prouentibus
1377 2203 1544 2243 annuis
1565 2202 1913 2253 redditibusque
1934 2201 1980 2240 in

337 2289 473 2318 usum
494 2277 641 2317 fratri]
669 2275 922 2317 Societatis
944 2276 1171 2325 dotatum,
1198 2274 1256 2315 ad
1279 2274 1614 2315 instituendam
1636 2273 1806 2313 nimiru
1828 2272 1984 2312 iuuen-

342 2355 488 2390 tutem
506 2354 550 2389 et
570 2348 911 2388 concionatoru
928 2347 1104 2398 aliquot
1122 2345 1374 2387 Societatis
1388 2345 1574 2397 copiam
1588 2343 1981 2396 consequendam,

339 2421 399 2461 ad
419 2427 512 2472 qua
534 2431 635 2460 rem
657 2425 858 2471 quatuor
879 2417 1129 2458 Societatis
1151 2418 1280 2458 viros
1303 2429 1330 2458 a
1350 2416 1454 2457 Rda
1478 2417 1567 2457 Pte
1588 2422 1667 2456 tua
1688 2415 1893 2467 postulat
1910 2414 1985 2454 ob-

339 2493 461 2532 nixe.
488 2491 618 2542 Quae
639 2490 849 2541 negotia,
872 2489 961 2529 hoc
984 2489 1209 2540 temporis
1227 2488 1492 2538 interuallo,
1514 2499 1540 2527 a
1557 2487 1660 2527 Pre.
1680 2491 1841 2527 nostro
1858 2485 1979 2525 Dno.

340 2563 598 2604 Paschasio
642 2568 826 2602 matura
865 2560 1116 2612 prudentia
1155 2566 1199 2600 et
1239 2560 1458 2611 vigilanti
1497 2558 1727 2599 industria
1767 2562 1825 2597 cu
1863 2556 1983 2596 Dno.

340 2634 484 2675 R.di⁵S·
522 2639 802 2681 tractantur,
839 2632 994 2672 missis
1026 2631 1085 2671 ad
1120 2630 1258 2671 deam
1289 2630 1626 2670 paternitatem
1657 2635 1785 2669 tuam
1821 2627 1986 2668 litteris

343 2705 662 2758 optatissimis,
688 2704 826 2744 Pater
848 2709 1007 2743 noster
1036 2703 1083 2742 in
1105 2701 1397 2743 Auuerniam
1425 2701 1485 2741 ad
1513 2701 1636 2742 Dnu.
1666 2701 1798 2752 Epm.
1834 2698 1982 2750 profe-

344 2784 445 2818 ctus
467 2782 551 2827 est,
577 2776 765 2816 ineunte
795 2774 1065 2824 Nouembri,
1099 2774 1254 2825 ibique
1285 2773 1437 2813 adhuc
1461 2771 1853 2823 occupatissimus
1882 2770 1990 2809 hae-

343 2857 428 2899 ret,
452 2860 590 2899 quem
612 2853 720 2899 post
742 2845 1056 2898 Epiphaniam
1079 2844 1270 2885 Domini
1293 2844 1431 2885 demu
1452 2844 1813 2895 praestolamur.

407 3035 412 3053 ¹
454 3033 682 3060 Pax-islensem
705 3031 856 3064 intellige
873 3030 1022 3063 domum,
1046 3036 1147 3063 quam
1169 3028 1269 3056 sociis
1284 3027 1576 3056 claramontensis
1598 3027 1783 3061 Episcopus
1802 3025 1992 3052 inhabitan-

352 3083 428 3109 dam
445 3081 736 3108 commodaverat.
