2168 3437
321 273 392 311 410
824 268 1050 305 LITTERAE
1077 276 1433 309 QUADRIMEsTREs

322 369 580 409 inauditam
600 372 644 406 et
666 365 903 405 insolitam
923 362 1121 404 docendi
1145 362 1368 411 formam,
1400 372 1518 412 quae
1547 370 1787 411 nunquam
1818 364 1956 398 antea

322 445 445 480 esset
466 437 658 487 tradita,
683 434 765 476 sed
785 440 830 475 et
851 446 970 486 quae
991 433 1278 474 Academiae
1299 443 1470 472 nomen
1499 430 1632 471 brevi
1652 435 1775 470 esset
1796 430 1957 469 obscu-

323 516 499 550 ratura:
522 508 595 547 his
629 512 767 558 atque
802 505 905 545 aliis
939 504 1180 544 hominum
1215 502 1405 554 ingenia
1438 501 1700 552 exagitavit
1728 499 1959 539 mendacii

322 587 471 632 pater,
495 590 578 618 suo
599 583 756 617 tamen
782 576 921 626 malo,
952 586 1059 616 cum
1087 575 1176 614 hoc
1206 574 1380 625 ipsum,
1409 584 1459 612 re
1491 572 1702 622 cognita,
1735 569 1961 621 majorem

324 651 461 691 fidem
482 647 705 689 Societati
725 647 974 699 pepererit.
999 646 1082 686 Est
1104 656 1217 685 sane
1238 644 1407 684 mirum
1429 643 1573 695 quod,
1597 654 1688 694 quo
1709 641 1861 692 magis
1883 640 1959 681 So-

326 721 509 762 cietatis
547 719 810 759 institutum
847 718 994 758 latere
1040 716 1210 767 voluit,
1252 715 1435 755 obiecta
1481 714 1657 766 passim
1703 713 1964 753 studiorum

324 792 560 841 novitate,
585 801 640 830 eo
660 789 842 841 plenius
877 794 968 839 est,
998 799 1092 828 non
1118 793 1282 827 notum
1309 787 1479 836 solum,
1503 784 1585 825 sed
1619 790 1664 824 et
1697 783 1960 835 probatum:

325 862 555 914 siquidem
590 861 715 901 nullo
754 871 960 912 unquam
994 865 1205 910 tempore
1244 856 1416 897 fratres
1450 856 1579 896 fuere
1621 854 1961 906 occupatiores,

323 945 466 986 quam
496 944 602 973 cum
629 932 697 972 sic
726 931 801 971 ille
828 931 876 971 in
906 936 1118 971 nostram
1152 929 1416 969 doctrinam
1448 927 1638 967 fureret.
1676 926 1808 966 Tunc
1843 925 1966 965 enim

327 996 585 1056 quotidiani
606 1008 651 1043 et
671 1001 873 1053 majores
892 1012 1177 1053 progressus
1199 999 1528 1040 cernebantur.

407 1074 528 1115 Nam
548 1080 739 1126 praeter
758 1073 1050 1124 frequentem
1071 1069 1357 1112 sacramenti
1383 1068 1700 1121 poenitentiae
1721 1073 1765 1107 et
1785 1066 1965 1108 Eucha-

326 1147 488 1186 ristiae
509 1146 992 1194 administrationem,
1026 1144 1073 1183 in
1100 1143 1243 1183 horas
1271 1141 1412 1181 etiam
1442 1140 1503 1180 ad
1533 1144 1854 1191 aegrotorum,
1890 1137 1967 1189 qui

327 1217 417 1257 hac
447 1222 626 1258 aestate
657 1216 845 1257 fuerunt
874 1214 1083 1267 plurimi,
1113 1213 1277 1254 domos
1305 1211 1644 1262 avocabantur,
1677 1209 1759 1250 sed
1788 1210 1835 1250 in
1869 1215 1966 1260 pto-

330 1288 606 1329 chodochiis
627 1288 717 1328 hoc
740 1298 924 1339 quoque
953 1285 1165 1336 contigit,
1191 1290 1240 1325 ut
1262 1283 1487 1335 aegrotis,
1511 1282 1590 1334 qui
1618 1281 1824 1322 maximo
1855 1292 1968 1320 sane

329 1360 473 1401 totius
494 1359 701 1400 civitatis
722 1369 954 1399 consensu
974 1357 1176 1409 primum
1196 1355 1382 1396 fuerant
1410 1353 1610 1405 recepti,
1641 1353 1804 1393 auxilii
1829 1352 1969 1403 pluri-

331 1443 458 1471 mum
490 1430 717 1483 paulatim
751 1430 1044 1469 subtractum
1078 1427 1157 1478 sit,
1196 1425 1492 1477 contagionis
1526 1431 1672 1475 metu,
1710 1435 1822 1464 cura
1858 1423 1970 1463 solis

330 1504 514 1543 interea
539 1502 637 1542 fere
671 1500 894 1541 fratribus
920 1500 1100 1540 relicta.
1138 1498 1348 1549 Quorum
1375 1497 1581 1537 charitas
1608 1493 1970 1536 evidentissimis

332 1573 624 1626 argumentis
645 1578 715 1613 est
736 1572 949 1624 probata.

412 1645 664 1685 Praeterea
694 1644 781 1684 soli
809 1643 907 1683 fere
933 1641 1157 1682 militibus
1178 1640 1423 1692 (quoniam
1443 1649 1695 1679 numerosa
1730 1637 1805 1677 hic
1834 1637 1970 1677 turba

333 1715 712 1757 decumbentium
732 1714 838 1765 fuit)
861 1713 1120 1765 spiritalem
1141 1723 1277 1763 opem
1298 1712 1465 1761 tulere,
1498 1709 1684 1761 quando
1706 1720 1800 1749 non
1821 1707 1973 1748 solum

335 1787 718 1828 metus.animum
745 1785 1043 1838 quibusdam,
1067 1794 1233 1824 verum
1262 1788 1307 1823 et
1337 1782 1554 1822 omnibus
1581 1780 1834 1821 diversitas
1863 1778 1972 1819 idio—

337 1865 516 1899 matum
532 1858 803 1898 facultatem
820 1856 1075 1897 ademerat.

417 1929 514 1970 Nec
536 1928 724 1969 defuere
754 1927 940 1968 interim
959 1927 1007 1966 in
1027 1925 1201 1978 templo
1228 1931 1390 1965 nostro
1422 1924 1781 1975 occupationes,
1814 1922 1853 1962 si
1881 1933 1975 1962 non

337 1999 566 2052 majores,
599 2000 764 2040 solitae
784 2004 956 2039 tamen.
978 1997 1112 2038 Multi
1132 1997 1273 2037 etiam
1300 1995 1559 2036 consulturi
1587 1994 1776 2045 Patres,
1809 1993 1976 2045 quibus

337 2072 468 2112 exire
487 2077 600 2112 tunc
619 2082 714 2111 non
734 2070 925 2118 licebat,
949 2068 1216 2109 veniebant.
1247 2066 1458 2107 Tandem
1476 2066 1553 2106 hic
1573 2064 1789 2105 effectum
1809 2069 1879 2104 est
1909 2069 1973 2113 ut,

338 2143 506 2195 quibus
537 2148 675 2183 antea
702 2141 916 2182 sorderet
938 2139 1175 2190 Societas,
1206 2138 1263 2179 ab
1291 2138 1357 2178 eis
1388 2138 1570 2177 colatur
1596 2137 1900 2187 iuveturque3
1933 2140 1978 2175 et

338 2215 433 2255 iam
467 2215 545 2266 qui
572 2214 700 2254 velut
730 2213 786 2253 de
813 2212 1014 2253 victoria
1042 2214 1393 2260 extumuerant,
1433 2208 1778 2249 succubuerint.
1815 2205 1978 2247 Voluit

338 2297 526 2338 quoque
564 2285 794 2325 Dominus
834 2282 1061 2336 ejusmodi
1099 2281 1335 2331 fluctibUS,
1377 2285 1427 2320 ut
1461 2286 1670 2330 caetera,
1712 2278 1801 2319 hoc
1837 2278 1978 2318 etiam

340 2357 603 2408 Collegium
629 2367 764 2396 suum
796 2360 1004 2407 quatere,
1036 2359 1087 2393 ut
1116 2351 1245 2403 jacta
1279 2351 1585 2391 fundamenta
1619 2349 1842 2390 solidiora
1874 2359 1977 2389 esse

342 2428 671 2479 probarentur.

424 2499 637 2540 Tradidit
664 2497 718 2538 R.
748 2497 796 2538 in
824 2496 1011 2538 Christo
1037 2495 1086 2536 P.
1120 2500 1281 2535 noster
1306 2492 1577 2535 Everardus
1602 2491 1867 2544 spiritualia
1901 2502 1976 2531 no-

342 2575 443 2610 stra
469 2569 696 2610 exercitia
723 2569 920 2620 aliquot,
956 2579 1051 2607 non
1076 2566 1272 2607 minoris
1299 2565 1398 2617 spei
1430 2576 1572 2617 quam
1601 2563 1825 2614 nominis,
1851 2562 1979 2614 Juve-

343 2641 502 2692 nibus;
530 2652 729 2693 quorum
761 2644 1020 2692 proventus
1053 2637 1180 2678 vitae
1213 2637 1335 2677 ratio
1364 2636 1594 2686 declarat,
1627 2641 1671 2675 et
1704 2635 1798 2674 iam
1833 2634 1982 2674 solam

345 2711 442 2752 fere
477 2711 759 2753 Societatem
792 2710 1010 2751 Videntur
1046 2708 1289 2761 venerari,
1332 2718 1473 2759 quam
1511 2712 1649 2747 antea
1688 2706 1979 2757 ignorarant.

345 2782 653 2834 Praelegendi
686 2782 825 2822 finem
859 2780 969 2821 fecit
1004 2780 1127 2820 idem
1160 2778 1234 2829 P.‚
1266 2784 1311 2818 et
1338 2779 1548 2818 calorum
1582 2775 1905 2827 magnitudine
1941 2782 1985 2816 et

346 2854 548 2894 adversa
572 2854 839 2894 valetudine
860 2858 1067 2892 coactus
1099 2849 1192 2891 Sed
1218 2850 1313 2890 iam
1342 2849 1599 2889 secundam
1627 2847 1737 2888 Divi
1766 2846 1901 2887 Pauli·
1927 2846 1984 2886 ad

347 2925 644 2965 Timotheum
683 2924 929 2976 epistolam
966 2922 1175 2973 incipiet,
1219 2926 1383 2961 sancto
1425 2926 1470 2960 et
1515 2919 1684 2959 infesto
1730 2919 1984 2958 multorum

348 2995 595 3047 desyderio
633 2996 874 3047 impulsus.
908 2993 1112 3044 Exponit
1138 2993 1273 3042 item,
1304 2997 1354 3031 ut
1381 2991 1498 3031 alias
1526 2996 1663 3030 antea
1691 2989 1979 3040 scripsimus,

347 3067 562 3118 decalogi
597 3072 849 3118 praecepta
885 3064 1162 3117 quibusdam
1198 3064 1244 3103 in
1273 3063 1387 3102 urbe
1414 3062 1609 3102 maximi
1638 3061 1860 3109 nominis,
1891 3060 1982 3100 alio
