2168 3437
372 246 442 283 626
885 242 1113 279 LITTERAE
1140 252 1500 285 QUADRIMESTRES

371 341 511 382 Patre
545 346 706 380 nostro
742 339 896 391 coepit
932 339 1153 390 colloqui,
1184 338 1337 390 coepit
1370 339 1479 378 item
1508 339 1736 390 paulatim
1773 345 2012 391 tepescere

371 413 559 452 fervens
580 411 658 450 illa
679 410 770 460 ira,
795 410 935 449 cessit
956 410 1086 460 rigor
1108 409 1182 449 ille
1204 420 1396 460 saxeus,
1421 410 1611 460 deponit
1632 409 1707 449 vir
1730 410 1888 451 odium
1906 444 1912 461 ,
1949 412 2013 452 in·

366 482 538 533 juriam
558 481 772 529 remittit,
802 491 1114 532 uxoremque,
1145 481 1296 532 sopita
1328 480 1580 520 abolitione
1612 481 1712 529 lite,
1745 481 1793 520 in
1823 481 2013 522 domurn

371 553 571 603 reducit,
601 553 838 604 multoque
865 563 989 592 nunc
1017 550 1184 602 majori
1214 563 1354 602 quam
1380 563 1588 603 unquam
1616 552 1791 592 amoris
1821 552 2011 594 vinculo

373 622 736 674 conjunguntur.
759 622 911 663 Tanta
933 628 1001 662 est
1022 622 1095 662 Vis
1116 622 1308 674 spiritus
1331 622 1478 663 divini
1498 628 1686 674 tamque
1715 623 1915 674 ignitum
1943 630 2013 664 est

372 695 568 735 verbum
595 694 705 745 Dei,
735 700 785 734 ut
812 706 839 733 a
873 694 994 734 facie
1029 694 1172 744 illius,
1211 693 1529 745 quamtumvis
1565 694 1817 735 durissima
1850 695 2010 743 corda,

371 767 490 806 sicut
526 777 654 817 cera,
688 766 962 817 liquescant.
997 764 1151 805 Ambo
1186 776 1310 804 nunc
1346 764 1669 804 communibus
1705 765 1829 805 votis
1860 777 2014 805 corre-

372 838 515 877 ctioni
535 837 660 876 vitae
682 836 901 876 insistunt
921 842 964 876 et
986 840 1392 876 sacramentorum
1422 834 1736 887 frequentiam
1767 842 2010 888 exoptant,

370 912 421 948 ut
441 908 575 947 facile
598 907 705 947 hinc
727 907 878 947 cuivis
900 912 1127 958 appareat
1148 917 1266 957 opus
1286 906 1407 946 illius
1435 905 1599 957 fuisse,
1631 908 1709 958 qui
1743 919 1904 947 omnes
1932 907 2012 947 ho-

370 979 518 1019 mines
538 979 638 1018 Vult
659 979 820 1018 salvos
841 978 941 1018 fieri
961 983 1006 1018 et
1028 977 1087 1017 ad
1109 977 1398 1028 agnitionem
1420 977 1634 1017 veritatis
1655 978 1833 1018 venire.

449 1049 538 1090 Sed
560 1049 721 1101 accipe
741 1061 865 1090 nunc
883 1050 1080 1089 alterum
1097 1048 1204 1088 huic
1221 1060 1316 1088 non
1333 1048 1570 1088 dissimile.
1593 1049 1794 1100 Quidam
1812 1050 2011 1101 colapho

371 1133 537 1161 caesus
560 1127 652 1171 est,
676 1133 771 1161 non
791 1120 978 1161 infimae
1001 1120 1280 1160 conditionis
1302 1121 1464 1171 homo,
1489 1126 1534 1160 et
1556 1120 1603 1160 id
1623 1120 1810 1172 quidem
1832 1121 1879 1160 in
1900 1127 2012 1160 tem-

369 1193 467 1243 plo,
491 1192 613 1243 quod
635 1193 756 1232 inter
776 1191 1033 1243 Hispaniae
1055 1191 1359 1231 celeberrima
1380 1203 1475 1231 non
1503 1197 1573 1231 est
1602 1192 1836 1243 ultimum,
1872 1198 2012 1243 atque

369 1263 416 1302 in
437 1262 670 1315 frequenti
690 1263 932 1303 hominum
953 1268 1209 1312 conventu,
1242 1274 1362 1314 quae
1392 1262 1561 1314 injuria
1595 1263 1802 1302 omnium
1831 1263 2010 1313 gravis-

371 1334 491 1374 sima
513 1334 637 1385 apud
658 1340 894 1374 nostrates
916 1340 1132 1373 censetur
1154 1345 1240 1373 nec
1268 1333 1358 1373 nisi
1385 1339 1536 1374 morte
1566 1339 1646 1374 aut
1677 1334 1908 1385 sanguine
1936 1346 2012 1374 ex-

366 1405 485 1456 piari
510 1406 643 1445 solet.
669 1404 821 1456 Quam
842 1404 1100 1444 vindictam
1122 1405 1260 1444 homo
1283 1405 1358 1444 ille
1375 1403 1473 1456 jam
1499 1405 1720 1456 parabat,
1755 1405 2012 1445 instructus

367 1477 626 1516 amicorum
648 1476 877 1525 consiliis,
903 1476 1144 1516 accinctus
1166 1476 1372 1516 affinium
1393 1476 1553 1528 copiis.
1577 1475 1797 1516 Habebat
1819 1477 1944 1516 enim
1964 1476 2012 1516 in

366 1560 420 1588 ea
441 1548 554 1587 urbe
575 1559 669 1587 non
699 1559 901 1599 paucos,
931 1559 1017 1587 nec
1044 1542 1295 1598 ignobiles,
1329 1547 1406 1599 qui
1442 1560 1495 1588 eo
1523 1548 1770 1598 urgentius
1804 1548 2011 1588 animum

364 1617 566 1659 ho'minis
595 1619 654 1659 ad
683 1619 730 1659 id
761 1619 1070 1669 instigabant,
1109 1631 1200 1670 quo
1235 1620 1387 1669 magis
1423 1619 1511 1659 sibi
1544 1625 1880 1671 persuaserant
1916 1631 2011 1659 non

364 1691 498 1730 aliter
520 1690 747 1730 honorem
769 1691 948 1730 laesum
969 1690 1055 1730 sibi
1076 1701 1213 1741 posse
1236 1690 1431 1730 restitui.
1454 1685 1735 1730 Induruerat
1766 1702 1879 1742 ergo
1910 1692 2006 1731 ani-

364 1773 467 1802 mus
492 1762 694 1802 hominis
722 1761 781 1801 ad
807 1761 993 1801 illorum
1020 1773 1184 1812 voces,
1215 1762 1291 1813 qui
1324 1761 1452 1801 illum
1478 1761 1538 1802 ad
1569 1762 2008 1802 reconciliationem

363 1833 749 1882 exhortabantur,
775 1839 834 1883 et,
860 1844 950 1884 quo
972 1833 1124 1883 magis
1146 1833 1384 1883 orabatur,
1411 1845 1464 1873 eo
1486 1833 1824 1873 inexorabilior
1845 1832 1999 1873 fiebat.

361 1904 465 1944 Hoc
485 1916 628 1944 unum
646 1903 837 1944 tandem
854 1904 911 1943 ab
928 1904 1005 1943 illo
1022 1904 1293 1955 impetravit
1310 1904 1382 1944 vir
1400 1904 1589 1956 quidam
1607 1916 1821 1944 summae
1841 1904 2002 1945 autho-

360 1975 514 2016 ritatis
535 1982 579 2015 et
603 1975 826 2024 nominis,
851 1973 983 2025 cujus
1004 1975 1102 2014 Vita
1124 1980 1168 2014 et
1190 1974 1404 2015 doctrina
1427 1975 1552 2026 apud
1584 1981 1772 2015 nostros
1802 1987 1928 2016 nunc
1960 1976 2007 2015 in

360 2047 510 2098 pretio
532 2043 778 2096 habentur,
809 2052 858 2086 ut
885 2057 1045 2086 secum
1076 2047 1216 2085 vellet
1246 2047 1305 2086 ad
1330 2058 1415 2086 nos
1444 2047 1622 2086 venire.
1653 2047 1833 2087 Annuit
1866 2047 2006 2087 homo

361 2123 405 2157 et
427 2118 550 2169 quod
571 2117 817 2168 impudens
833 2116 1082 2156 Videbatur
1104 2117 1192 2156 viri
1208 2117 1479 2168 gravissimi
1501 2123 1597 2157 tam
1615 2116 1772 2168 justae
1789 2118 2001 2168 petitioni

360 2201 454 2228 non
476 2189 777 2240 acquiescere
799 2194 843 2228 et
865 2187 989 2240 quod
1010 2194 1193 2228 tantum
1220 2188 1307 2228 sibi
1338 2188 1393 2228 de
1424 2189 1591 2229 duritie
1624 2190 1695 2229 sui
1727 2189 1874 2230 animi
1902 2200 2008 2241 pro·

360 2260 571 2311 miserat,
596 2266 645 2300 ut
666 2260 804 2300 nullis
825 2259 1042 2310 precibus
1063 2260 1188 2299 nullo
1212 2259 1410 2312 denique
1431 2259 1569 2300 modo
1591 2272 1730 2311 posse
1751 2260 1876 2300 flecti
1909 2260 2003 2300 exi-

360 2331 587 2371 stimaret.
608 2331 824 2371 Nondum
848 2332 969 2371 enim
992 2337 1213 2382 expertus
1234 2330 1386 2371 suerat
1408 2332 1531 2383 quod
1548 2338 1730 2383 postea,
1753 2332 1913 2371 divina
1937 2332 2005 2371 sic

359 2403 546 2442 volente
567 2402 904 2453 misericordia,
930 2415 1049 2455 quae
1071 2403 1211 2443 etiam
1233 2403 1464 2454 fugientes
1487 2402 1546 2443 ad
1568 2414 1617 2442 se
1637 2403 1857 2451 attrahit,
1885 2404 1932 2443 in
1954 2414 2004 2443 se

359 2474 568 2524 periculo
592 2474 942 2525 comprobavit,
964 2480 1137 2526 quanta
1160 2474 1216 2513 sit
1240 2474 1373 2514 verbi
1395 2474 1542 2514 divini
1563 2473 1777 2524 dulcedO,
1802 2485 1893 2525 qua
1915 2474 2000 2524 nil,

361 2543 664 2596 quantumvis
687 2557 922 2596 asperum,
945 2557 1038 2584 non
1062 2545 1304 2595 mollescit,
1329 2551 1501 2595 quanta
1523 2545 1581 2584 sit
1604 2545 1755 2585 virtus
1773 2552 1817 2585 et
1841 2552 2002 2596 poten-

359 2616 424 2655 tia
445 2623 493 2655 ut
515 2616 753 2665 duritiem,
775 2616 1077 2666 quantumvis
1099 2627 1306 2666 saxeam,
1330 2616 1479 2667 possit
1506 2615 1773 2666 effringere.
1807 2615 2003 2655 Duobus

359 2687 482 2727 enim
503 2693 582 2726 aut
603 2687 750 2726 tribus
771 2699 865 2726 non
882 2687 986 2738 plus
1007 2698 1112 2726 cum
1134 2686 1273 2727 Patre
1294 2687 1497 2738 quodam
1518 2687 1761 2738 colloquiis
1785 2686 2002 2727 effectum

359 2764 428 2797 est
450 2764 499 2797 ut
521 2758 669 2808 illam,
695 2769 834 2809 quam
854 2764 1124 2809 paraverat,
1149 2758 1444 2809 tragoediam
1467 2758 1725 2809 omitteret,
1756 2764 2002 2809 totumque

355 2828 581 2880 judicium
615 2829 966 2880 componendae
998 2829 1091 2868 litis
1125 2829 1225 2869 Viro
1252 2829 1328 2868 illo
1357 2829 1663 2880 gravissimo,
1698 2829 1775 2880 qui
1806 2840 1912 2868 cum
1947 2839 2001 2867 eo

359 2899 448 2939 huc
471 2900 606 2939 simul
629 2906 846 2950 venerat,
867 2900 1166 2951 relinqueret.

439 2970 523 3010 His
546 2976 701 3010 autem
724 2970 903 3010 duobus
925 2983 1017 3011 non
1038 2971 1190 3011 minus
1213 2983 1371 3012 rarum
1402 2972 1616 3012 minusve
1647 2971 1840 3022 dignum
1872 2970 1997 3022 quod

361 3040 419 3081 ad
440 3047 484 3081 te
512 3042 758 3092 scribatur,
783 3042 907 3093 quod
928 3042 1151 3093 sequitur,
1177 3042 1405 3083 existimo.
1436 3042 1636 3083 Venisse
1658 3042 1908 3093 quemdam
1941 3041 2000 3081 ad
