2168 3437
885 273 967 309 AN.
1000 271 1091 309 1553
1729 272 1802 309 307

162 379 251 407 nos
271 367 463 408 visitavi
483 368 654 408 limites
678 368 703 420 ¹,
726 369 804 409 ubi
826 370 1079 420 praedictis
1100 369 1282 421 diebus,
1307 371 1374 410 uti
1396 371 1610 410 omnibus
1631 370 1727 410 fere
1750 370 1797 410 in

164 439 300 489 locis,
323 450 416 479 non
444 445 540 479 tam
569 439 849 480 christianos
879 452 1020 492 quam
1052 440 1260 480 infideles
1290 453 1344 481 ac
1373 453 1587 493 paganos
1616 441 1712 481 suis
1747 452 1798 480 se

162 509 370 549 moribus
391 515 436 549 et
458 510 668 560 gestibus
689 523 790 551 esse
812 511 1061 551 ostendunt
1082 512 1312 562 homines,
1344 513 1519 552 nullam
1547 524 1641 552 non
1671 523 1797 563 pom-

161 591 352 631 parum,
389 581 689 631 ebrietatum,
723 582 1075 622 execrationum
1104 595 1158 622 ac
1188 583 1491 633 chorearum,
1518 589 1655 634 prout
1677 583 1798 634 quis-

162 663 251 702 que
273 663 357 692 suo
379 652 508 692 libitu
529 652 635 692 duci
657 659 815 704 queat,
841 654 966 693 omni
988 660 1166 693 semoto
1188 655 1428 705 scrupulo,
1453 655 1587 705 quasi
1604 655 1729 694 licite
1751 661 1799 694 et

162 722 251 762 hoc
272 728 480 774 tempore
502 734 797 774 concessum,
831 731 1105 764 exercentes
1131 725 1459 775 petulantiam:
1489 727 1535 765 in
1567 726 1698 766 cuius
1720 726 1793 766 de-

160 793 480 844 testationem,
504 794 550 833 in
570 795 832 845 parochiali
849 796 1041 846 templo,
1062 796 1120 835 ad
1136 796 1344 836 divinum
1362 796 1561 836 officium
1577 797 1799 836 universo

161 871 452 915 congregato
474 865 599 904 clero
630 871 675 904 et
703 866 894 916 popum,
928 871 998 905 ter
1024 864 1256 906 Dominus
1288 867 1559 906 concionari
1590 879 1672 918 per
1702 868 1796 907 lon-

161 946 274 986 gum
293 935 516 986 temporis
537 936 741 987 spatium
761 937 959 987 largitus
981 943 1070 986 est,
1095 948 1242 988 eoque
1271 937 1512 977 hominum
1541 939 1799 989 perducere

162 1011 340 1045 mentes
367 1006 608 1056 dignatus,
639 1007 762 1058 quod
791 1007 1005 1047 omnibus
1036 1007 1137 1047 istis
1164 1008 1292 1047 feriis
1320 1020 1406 1048 nec
1432 1015 1681 1060 tympana,
1712 1022 1800 1050 nec

162 1075 362 1127 fistulae,
386 1089 472 1117 nec
494 1078 586 1116 ulla
616 1078 832 1117 ludorum
860 1089 1057 1129 genera,
1087 1090 1172 1118 nec
1201 1079 1545 1129 execrationes,
1577 1092 1662 1120 nec
1690 1081 1797 1120 cho-

160 1159 290 1198 reae,
312 1159 398 1187 nec
420 1149 660 1188 hominum
690 1149 1067 1200 perturbationes
1089 1155 1167 1189 aut
1189 1150 1341 1199 Visae,
1376 1157 1454 1190 aut
1484 1151 1692 1201 auditae,
1718 1158 1800 1191 aut

160 1219 207 1258 in
227 1219 425 1270 publicis
445 1226 695 1271 perceptae
716 1226 823 1260 sunt
850 1221 1033 1271 plateis.
1065 1219 1156 1261 Sed
1184 1221 1363 1261 utinam
1392 1222 1652 1271 ebrietatis,
1678 1235 1797 1274 quae

163 1290 376 1330 omnibus
407 1290 545 1330 altius
580 1290 764 1330 radices
799 1291 946 1342 ducit,
988 1292 1158 1342 pestis,
1190 1291 1398 1332 funditus
1432 1294 1686 1344 exstirpari
1721 1306 1797 1345 po·

164 1361 344 1401 tuisset.

240 1431 492 1472 Caeterum
512 1444 599 1473 nec
615 1433 704 1473 hoc
724 1433 1030 1474 omittendum
1052 1441 1241 1474 autumo
1259 1447 1266 1475 :
1291 1435 1542 1486 quamdam
1564 1436 1800 1485 virginem

159 1509 265 1554 post
286 1503 582 1543 collationem
603 1504 650 1544 in
670 1503 759 1544 fine
780 1504 951 1544 Missae
974 1505 1030 1545 de
1053 1517 1167 1545 Vera
1189 1506 1260 1546 sui
1280 1506 1426 1557 ipsius
1448 1507 1494 1546 in
1512 1506 1665 1547 Deum
1687 1508 1799 1548 resi-

159 1574 384 1624 gnatione
414 1586 440 1614 a
471 1573 609 1615 Patre
644 1575 768 1627 Mag.
802 1576 1014 1616 Adriano
1041 1575 1055 1594 “²
1086 1577 1313 1625 habitam,
1346 1578 1406 1618 ad
1437 1579 1575 1619 aedes
1609 1586 1800 1619 nostras

160 1645 367 1695 venisse,
391 1657 577 1686 omnem
597 1658 730 1686 suam
756 1647 1061 1698 pecuniarum
1084 1659 1138 1688 ac
1161 1649 1391 1689 redituum
1416 1657 1672 1701 apportans
1695 1651 1798 1691 sub-

161 1716 405 1767 stantiam3
431 1717 663 1768 conquirit
683 1717 894 1769 Patrem,
919 1730 1009 1772 quo
1032 1718 1335 1770 adventante,
1360 1720 1475 1760 haec
1504 1721 1640 1761 simul
1662 1723 1799 1772 peplo

160 1787 373 1827 involuta
394 1787 436 1827 ei
456 1788 663 1839 tradens,
686 1800 826 1829 verso
848 1796 996 1841 tergo,
1016 1802 1101 1830 nec
1122 1791 1314 1831 verbum
1329 1791 1469 1832 fando
1492 1793 1647 1838 ullum.
1670 1792 1797 1832 aufu-

157 1858 239 1909 git.
263 1858 403 1898 Pater
424 1865 602 1910 autem,
627 1871 726 1900 rem
748 1860 1076 1912 considerans,
1100 1873 1186 1902 nec
1215 1862 1314 1902 eius
1335 1864 1498 1903 volens
1526 1864 1796 1903 contristari

159 1929 396 1981 spiritum,
430 1931 671 1981 subticuit3
706 1931 893 1971 interim
922 1944 1057 1983 vero,
1094 1933 1266 1984 partim
1300 1946 1383 1985 per
1418 1934 1604 1974 tertiam
1639 1946 1797 1985 perso-

159 2011 291 2051 nam,
315 2001 486 2052 partim
507 2002 599 2041 alio
621 2014 670 2042 se
692 2001 913 2042 offerente
934 2003 1109 2054 medio,
1139 2015 1230 2055 quo
1261 2004 1361 2055 ipsa
1388 2005 1434 2044 in
1465 2017 1551 2045 sua
1582 2017 1797 2057 perseve-

159 2077 229 2111 ret
249 2072 590 2123 resignatione,
615 2073 830 2114 restituit.
855 2073 963 2113 Alia
985 2075 1216 2126 quaedam
1238 2075 1374 2126 virgo
1406 2075 1453 2115 16
1483 2082 1563 2116 aut
1588 2076 1634 2115 17
1656 2089 1800 2116 anno-

158 2153 282 2193 rum,
306 2143 437 2183 iuxta
459 2143 595 2183 huius
615 2144 792 2184 saeculi
819 2156 998 2185 morem
1027 2157 1252 2197 pompose
1282 2147 1534 2187 admodum
1566 2148 1797 2187 muliebri-

158 2213 245 2253 bus
267 2219 494 2254 exornata
517 2216 827 2266 ornamentiS,
851 2222 957 2267 post
985 2217 1260 2257 concionem
1278 2218 1323 2257 in
1346 2218 1550 2269 quodam
1572 2219 1798 2259 coenobio

159 2283 420 2336 virginum,
457 2285 663 2325 omnium
697 2293 867 2337 rogatu
902 2287 1133 2338 habitam,
1174 2289 1252 2328 ubi
1291 2295 1386 2329 tres
1422 2301 1513 2330 uno
1550 2290 1623 2329 die
1661 2301 1796 2330 sacra

158 2361 465 2407 susceperunt
486 2357 741 2408 velamina,
765 2358 824 2398 ad
846 2370 1044 2409 quarum
1067 2360 1254 2410 nuptias
1279 2372 1373 2400 una
1401 2373 1506 2401 cum
1528 2362 1803 2412 parentibus-

158 2426 371 2477 praefata
394 2426 650 2468 advenerat
671 2429 844 2479 puella,
868 2429 1005 2480 haec,
1032 2430 1245 2482 inquam,
1271 2432 1495 2472 concione
1511 2431 1655 2482 finita,
1676 2444 1795 2483 quae

159 2496 216 2536 de
249 2503 400 2538 morte
427 2504 471 2538 et
495 2499 647 2549 gloria
673 2499 990 2550 perfectorum
1016 2500 1101 2541 fuit
1127 2503 1480 2552 religiosorum,
1512 2515 1651 2555 super
1681 2504 1801 2544 haec

159 2568 286 2618 pauli
305 2569 474 2620 verba,
499 2568 597 2609 Col.
625 2569 688 2609 3.0
709 2577 835 2621 cap.<3
863 2582 950 2610 vos
976 2572 1158 2612 mortni
1174 2573 1289 2612 estis
1315 2577 1360 2613 et
1380 2573 1481 2613 vita
1503 2577 1666 2613 vestra
1699 2575 1800 2614 ahs-

160 2639 349 2680 condita
369 2644 440 2680 est
470 2651 574 2680 cum
608 2641 793 2681 Christo
822 2641 870 2682 in
896 2642 1020 2694 Deo,
1049 2655 1154 2684 cum
1181 2655 1316 2695 ergo,
1347 2650 1392 2685 et
1423 2656 1527 2685 cum
1557 2645 1798 2685 sororibus

158 2711 206 2751 in
243 2711 462 2752 inferiore
498 2713 713 2752 coenobii
742 2724 1023 2764 permanens
1056 2721 1210 2767 parte,
1247 2728 1333 2756 nec
1373 2715 1432 2756 ad
1461 2717 1682 2768 nuptiale,
1716 2716 1798 2757 ubi

158 2788 379 2833 parentes
396 2783 662 2834 caeterique
680 2792 1000 2825 convenerunt
1018 2787 1300 2837 saeculares,
1319 2787 1566 2838 prandium
1583 2788 1794 2839 veniens,

160 2864 334 2904 magna
355 2860 603 2904 parentum
632 2855 880 2895 admiratio
909 2857 1030 2907 cepit
1061 2857 1262 2908 animos;
1292 2863 1484 2909 peracto
1514 2869 1628 2898 vero
1659 2870 1796 2910 pran-

215 2989 227 3010 1
267 2989 369 3017 Ortus
384 2990 556 3018 Arnoldus
571 2995 646 3018 erat
661 2991 694 3019 in
710 2992 792 3019 urbe
806 2991 988 3025 Lummen,
1004 2993 1038 3020 in
1060 2993 1257 3030 Brabantia.
1278 2994 1471 3028 DELPLACE,
1487 2994 1801 3024 L’Atablz'ssement

161 3037 253 3064 dela
270 3037 482 3072 Compagnie
496 3039 539 3065 de
551 3039 661 3073 Jesus
675 3039 766 3066 dans
780 3040 832 3067 les
846 3039 1043 3075 Pays-Bas,
1059 3041 1314 3075 appendice.2.*

215 3085 228 3104 2
265 3084 377 3112 Voces
394 3085 487 3119 Δίας.
504 3086 662 3114 Adriano
674 3087 824 3115 insertae
839 3092 917 3116 sunt
933 3095 952 3115 a
969 3089 1129 3117 Polanco.
