<?xml version="1.0" encoding="UTF-8"?>
<!DOCTYPE html PUBLIC "-//W3C//DTD XHTML 1.0 Transitional//EN"
    "http://www.w3.org/TR/xhtml1/DTD/xhtml1-transitional.dtd">
<html xmlns="http://www.w3.org/1999/xhtml" xml:lang="en" lang="en">
 <head>
  <title>
</title>
<meta http-equiv="Content-Type" content="text/html;charset=utf-8" />
  <meta name='ocr-system' content='tesseract 3.04.00' />
  <meta name='ocr-capabilities' content='ocr_page ocr_carea ocr_par ocr_line ocrx_word'/>
</head>
<body>
  <div class='ocr_page' id='page_1' title='image "./litteraequadrime1402lain_0120.png"; bbox 0 0 2168 3437; ppageno 0'>
   <div class='ocr_carea' id='block_1_1' title="bbox 387 269 1510 311">
    <p class='ocr_par' dir='ltr' id='par_1_1' title="bbox 387 269 1510 311">
     <span class='ocr_line' id='line_1_1' title="bbox 387 269 1510 311; baseline 0 -5"><span class='ocrx_word' id='word_1_1' title='bbox 387 271 454 306; x_wconf 83' lang='lat' dir='ltr'>llo</span> <span class='ocrx_word' id='word_1_2' title='bbox 897 269 1124 305; x_wconf 77' lang='lat' dir='ltr'><strong>LITTERAE</strong></span> <span class='ocrx_word' id='word_1_3' title='bbox 1151 279 1510 311; x_wconf 74' lang='lat' dir='ltr'><strong>QUADRIMESTRES</strong></span> 
     </span>
    </p>
   </div>
   <div class='ocr_carea' id='block_1_2' title="bbox 384 365 2047 2835">
    <p class='ocr_par' dir='ltr' id='par_1_2' title="bbox 384 365 2024 833">
     <span class='ocr_line' id='line_1_2' title="bbox 385 365 2020 418; baseline -0.001 -11"><span class='ocrx_word' id='word_1_4' title='bbox 385 367 591 407; x_wconf 79' lang='lat' dir='ltr'>tionibus</span> <span class='ocrx_word' id='word_1_5' title='bbox 613 372 657 406; x_wconf 92' lang='lat' dir='ltr'>et</span> <span class='ocrx_word' id='word_1_6' title='bbox 687 366 983 414; x_wconf 76' lang='lat' dir='ltr'>exorcismis,</span> <span class='ocrx_word' id='word_1_7' title='bbox 1017 365 1083 405; x_wconf 93' lang='lat' dir='ltr'>sic</span> <span class='ocrx_word' id='word_1_8' title='bbox 1111 365 1237 404; x_wconf 87' lang='lat' dir='ltr'>vires</span> <span class='ocrx_word' id='word_1_9' title='bbox 1265 365 1528 416; x_wconf 90' lang='lat' dir='ltr'>daemonis,</span> <span class='ocrx_word' id='word_1_10' title='bbox 1558 366 1684 406; x_wconf 88' lang='lat' dir='ltr'>illam</span> <span class='ocrx_word' id='word_1_11' title='bbox 1712 367 2020 418; x_wconf 77' lang='lat' dir='ltr'>corporaliter</span> 
     </span>
     <span class='ocr_line' id='line_1_3' title="bbox 386 436 2023 489; baseline -0.001 -11"><span class='ocrx_word' id='word_1_12' title='bbox 386 438 658 489; x_wconf 89' lang='lat' dir='ltr'>affligentis,</span> <span class='ocrx_word' id='word_1_13' title='bbox 682 437 925 488; x_wconf 77' lang='lat' dir='ltr'>repressit,</span> <span class='ocrx_word' id='word_1_14' title='bbox 950 444 998 476; x_wconf 89' lang='lat' dir='ltr'>ut</span> <span class='ocrx_word' id='word_1_15' title='bbox 1019 437 1113 477; x_wconf 92' lang='lat' dir='ltr'>iam</span> <span class='ocrx_word' id='word_1_16' title='bbox 1134 436 1271 476; x_wconf 91' lang='lat' dir='ltr'>domo</span> <span class='ocrx_word' id='word_1_17' title='bbox 1293 436 1435 476; x_wconf 91' lang='lat' dir='ltr'>libere</span> <span class='ocrx_word' id='word_1_18' title='bbox 1456 442 1617 487; x_wconf 88' lang='lat' dir='ltr'>exeat,</span> <span class='ocrx_word' id='word_1_19' title='bbox 1642 442 1686 477; x_wconf 93' lang='lat' dir='ltr'>et</span> <span class='ocrx_word' id='word_1_20' title='bbox 1707 437 1912 489; x_wconf 87' lang='lat' dir='ltr'>quotidie</span> <span class='ocrx_word' id='word_1_21' title='bbox 1934 437 2023 477; x_wconf 92' lang='lat' dir='ltr'>Dei</span> 
     </span>
     <span class='ocr_line' id='line_1_4' title="bbox 385 507 2023 560; baseline -0.001 -11"><span class='ocrx_word' id='word_1_22' title='bbox 385 510 609 560; x_wconf 90' lang='lat' dir='ltr'>templum</span> <span class='ocrx_word' id='word_1_23' title='bbox 635 509 811 558; x_wconf 76' lang='lat' dir='ltr'>visitet,</span> <span class='ocrx_word' id='word_1_24' title='bbox 845 513 984 559; x_wconf 90' lang='lat' dir='ltr'>atque</span> <span class='ocrx_word' id='word_1_25' title='bbox 1004 507 1072 547; x_wconf 92' lang='lat' dir='ltr'>uti</span> <span class='ocrx_word' id='word_1_26' title='bbox 1098 519 1215 548; x_wconf 90' lang='lat' dir='ltr'>sana</span> <span class='ocrx_word' id='word_1_27' title='bbox 1245 507 1371 547; x_wconf 89' lang='lat' dir='ltr'>domi</span> <span class='ocrx_word' id='word_1_28' title='bbox 1396 519 1508 547; x_wconf 89' lang='lat' dir='ltr'>suae</span> <span class='ocrx_word' id='word_1_29' title='bbox 1528 508 1728 559; x_wconf 82' lang='lat' dir='ltr'>laboret,</span> <span class='ocrx_word' id='word_1_30' title='bbox 1753 514 1798 548; x_wconf 92' lang='lat' dir='ltr'>et</span> <span class='ocrx_word' id='word_1_31' title='bbox 1826 508 2023 559; x_wconf 90' lang='lat' dir='ltr'>singulis</span> 
     </span>
     <span class='ocr_line' id='line_1_5' title="bbox 385 579 2023 631; baseline 0 -12"><span class='ocrx_word' id='word_1_32' title='bbox 385 580 623 620; x_wconf 89' lang='lat' dir='ltr'>mensibus</span> <span class='ocrx_word' id='word_1_33' title='bbox 659 579 985 619; x_wconf 77' lang='lat' dir='ltr'>Eucharistiae</span> <span class='ocrx_word' id='word_1_34' title='bbox 1020 579 1350 629; x_wconf 89' lang='lat' dir='ltr'>communicet,</span> <span class='ocrx_word' id='word_1_35' title='bbox 1389 590 1702 631; x_wconf 90' lang='lat' dir='ltr'>magnamque</span> <span class='ocrx_word' id='word_1_36' title='bbox 1729 580 1871 619; x_wconf 85' lang='lat' dir='ltr'>totius</span> <span class='ocrx_word' id='word_1_37' title='bbox 1896 579 2023 619; x_wconf 86' lang='lat' dir='ltr'>vitae</span> 
     </span>
     <span class='ocr_line' id='line_1_6' title="bbox 387 648 2024 701; baseline -0.001 -10"><span class='ocrx_word' id='word_1_38' title='bbox 387 651 693 691; x_wconf 78' lang='lat' dir='ltr'>mutationem</span> <span class='ocrx_word' id='word_1_39' title='bbox 715 661 827 701; x_wconf 89' lang='lat' dir='ltr'>prae</span> <span class='ocrx_word' id='word_1_40' title='bbox 849 661 898 689; x_wconf 91' lang='lat' dir='ltr'>se</span> <span class='ocrx_word' id='word_1_41' title='bbox 918 649 1038 690; x_wconf 89' lang='lat' dir='ltr'>ferat</span> <span class='ocrx_word' id='word_1_42' title='bbox 1058 648 1082 690; x_wconf 94' lang='lat'>¹.</span> <span class='ocrx_word' id='word_1_43' title='bbox 1109 649 1238 700; x_wconf 83' lang='lat' dir='ltr'>Quae</span> <span class='ocrx_word' id='word_1_44' title='bbox 1259 661 1334 689; x_wconf 90' lang='lat' dir='ltr'>res</span> <span class='ocrx_word' id='word_1_45' title='bbox 1355 649 1471 689; x_wconf 88' lang='lat' dir='ltr'>nihil</span> <span class='ocrx_word' id='word_1_46' title='bbox 1491 649 1659 690; x_wconf 92' lang='lat' dir='ltr'>mirum</span> <span class='ocrx_word' id='word_1_47' title='bbox 1680 650 1720 690; x_wconf 92' lang='lat' dir='ltr'>si</span> <span class='ocrx_word' id='word_1_48' title='bbox 1740 661 1942 701; x_wconf 89' lang='lat' dir='ltr'>magnae</span> <span class='ocrx_word' id='word_1_49' title='bbox 1963 651 2024 690; x_wconf 87' lang='lat' dir='ltr'>sit</span> 
     </span>
     <span class='ocr_line' id='line_1_7' title="bbox 385 720 2023 772; baseline -0.001 -11"><span class='ocrx_word' id='word_1_50' title='bbox 385 722 541 762; x_wconf 87' lang='lat' dir='ltr'>multis</span> <span class='ocrx_word' id='word_1_51' title='bbox 572 720 907 772; x_wconf 84' lang='lat' dir='ltr'>aedificationi,</span> <span class='ocrx_word' id='word_1_52' title='bbox 943 721 1066 761; x_wconf 89' lang='lat' dir='ltr'>unde</span> <span class='ocrx_word' id='word_1_53' title='bbox 1092 720 1105 739; x_wconf 71' lang='lat'>‘³</span> <span class='ocrx_word' id='word_1_54' title='bbox 1141 721 1299 772; x_wconf 90' lang='lat' dir='ltr'>plures</span> <span class='ocrx_word' id='word_1_55' title='bbox 1329 722 1471 760; x_wconf 85' lang='lat' dir='ltr'>etiam</span> <span class='ocrx_word' id='word_1_56' title='bbox 1505 730 1748 761; x_wconf 89' lang='lat' dir='ltr'>matronae</span> <span class='ocrx_word' id='word_1_57' title='bbox 1783 733 1906 761; x_wconf 91' lang='lat' dir='ltr'>nunc</span> <span class='ocrx_word' id='word_1_58' title='bbox 1942 733 2023 760; x_wconf 85' lang='lat' dir='ltr'>ve·</span> 
     </span>
     <span class='ocr_line' id='line_1_8' title="bbox 384 792 855 833; baseline -0.002 -1"><span class='ocrx_word' id='word_1_59' title='bbox 384 793 516 833; x_wconf 88' lang='lat' dir='ltr'>niant</span> <span class='ocrx_word' id='word_1_60' title='bbox 538 792 855 832; x_wconf 90' lang='lat' dir='ltr'>confessurae.</span> 
     </span>
    </p>

    <p class='ocr_par' dir='ltr' id='par_1_3' title="bbox 384 852 2047 2125">
     <span class='ocr_line' id='line_1_9' title="bbox 466 852 2047 915; baseline 0 -12"><span class='ocrx_word' id='word_1_61' title='bbox 466 863 568 904; x_wconf 92' lang='lat' dir='ltr'>Hoc</span> <span class='ocrx_word' id='word_1_62' title='bbox 589 875 702 904; x_wconf 86' lang='lat' dir='ltr'>vero</span> <span class='ocrx_word' id='word_1_63' title='bbox 723 875 974 915; x_wconf 92' lang='lat' dir='ltr'>possumus</span> <span class='ocrx_word' id='word_1_64' title='bbox 995 863 1248 914; x_wconf 86' lang='lat' dir='ltr'>affirmare,</span> <span class='ocrx_word' id='word_1_65' title='bbox 1272 863 1520 904; x_wconf 82' lang='lat' dir='ltr'>Societatis</span> <span class='ocrx_word' id='word_1_66' title='bbox 1541 869 1731 903; x_wconf 90' lang='lat' dir='ltr'>nostrae</span> <span class='ocrx_word' id='word_1_67' title='bbox 1762 864 2025 904; x_wconf 90' lang='lat' dir='ltr'>institutum</span> <span class='ocrx_word' id='word_1_68' title='bbox 2043 852 2047 854; x_wconf 7' lang='grc' dir='ltr'><strong>ξ</strong></span> 
     </span>
     <span class='ocr_line' id='line_1_10' title="bbox 386 934 2024 986; baseline -0.001 -11"><span class='ocrx_word' id='word_1_69' title='bbox 386 936 539 986; x_wconf 89' lang='lat' dir='ltr'>magis</span> <span class='ocrx_word' id='word_1_70' title='bbox 560 935 805 986; x_wconf 83' lang='lat' dir='ltr'>magisque</span> <span class='ocrx_word' id='word_1_71' title='bbox 826 947 950 975; x_wconf 89' lang='lat' dir='ltr'>nunc</span> <span class='ocrx_word' id='word_1_72' title='bbox 971 935 1017 975; x_wconf 92' lang='lat' dir='ltr'>in</span> <span class='ocrx_word' id='word_1_73' title='bbox 1039 934 1138 974; x_wconf 91' lang='lat' dir='ltr'>dies</span> <span class='ocrx_word' id='word_1_74' title='bbox 1159 935 1471 974; x_wconf 82' lang='lat' dir='ltr'>inclarescere</span> <span class='ocrx_word' id='word_1_75' title='bbox 1500 939 1565 986; x_wconf 67' lang='lat' dir='ltr'>et5</span> <span class='ocrx_word' id='word_1_76' title='bbox 1599 940 1648 974; x_wconf 88' lang='lat' dir='ltr'>ut</span> <span class='ocrx_word' id='word_1_77' title='bbox 1678 946 1917 986; x_wconf 90' lang='lat' dir='ltr'>nunquam</span> <span class='ocrx_word' id='word_1_78' title='bbox 1947 947 2024 975; x_wconf 90' lang='lat' dir='ltr'>an-</span> 
     </span>
     <span class='ocr_line' id='line_1_11' title="bbox 384 1005 2023 1057; baseline -0.001 -11"><span class='ocrx_word' id='word_1_79' title='bbox 384 1012 476 1057; x_wconf 90' lang='lat' dir='ltr'>tea,</span> <span class='ocrx_word' id='word_1_80' title='bbox 494 1007 668 1046; x_wconf 90' lang='lat' dir='ltr'>bonum</span> <span class='ocrx_word' id='word_1_81' title='bbox 688 1006 744 1046; x_wconf 90' lang='lat' dir='ltr'>de</span> <span class='ocrx_word' id='word_1_82' title='bbox 764 1006 938 1046; x_wconf 90' lang='lat' dir='ltr'>nostris</span> <span class='ocrx_word' id='word_1_83' title='bbox 960 1005 1152 1046; x_wconf 90' lang='lat' dir='ltr'>odorem</span> <span class='ocrx_word' id='word_1_84' title='bbox 1169 1006 1215 1045; x_wconf 90' lang='lat' dir='ltr'>in</span> <span class='ocrx_word' id='word_1_85' title='bbox 1237 1005 1423 1045; x_wconf 89' lang='lat' dir='ltr'>Christo</span> <span class='ocrx_word' id='word_1_86' title='bbox 1444 1006 1754 1057; x_wconf 83' lang='lat' dir='ltr'>undequaque</span> <span class='ocrx_word' id='word_1_87' title='bbox 1777 1006 1954 1057; x_wconf 82' lang='lat' dir='ltr'>spargi,</span> <span class='ocrx_word' id='word_1_88' title='bbox 1976 1011 2023 1045; x_wconf 87' lang='lat' dir='ltr'>ut</span> 
     </span>
     <span class='ocr_line' id='line_1_12' title="bbox 386 1076 2023 1128; baseline -0.001 -11"><span class='ocrx_word' id='word_1_89' title='bbox 386 1089 510 1117; x_wconf 90' lang='lat' dir='ltr'>nunc</span> <span class='ocrx_word' id='word_1_90' title='bbox 545 1077 748 1117; x_wconf 87' lang='lat' dir='ltr'>sentiant</span> <span class='ocrx_word' id='word_1_91' title='bbox 783 1077 973 1117; x_wconf 88' lang='lat' dir='ltr'>tandem</span> <span class='ocrx_word' id='word_1_92' title='bbox 1007 1088 1101 1116; x_wconf 89' lang='lat' dir='ltr'>non</span> <span class='ocrx_word' id='word_1_93' title='bbox 1135 1088 1236 1117; x_wconf 90' lang='lat' dir='ltr'>esse</span> <span class='ocrx_word' id='word_1_94' title='bbox 1272 1089 1377 1127; x_wconf 88' lang='lat' dir='ltr'>nos,</span> <span class='ocrx_word' id='word_1_95' title='bbox 1414 1076 1479 1116; x_wconf 88' lang='lat' dir='ltr'>uti</span> <span class='ocrx_word' id='word_1_96' title='bbox 1516 1076 1850 1117; x_wconf 79' lang='lat' dir='ltr'>existimabant</span> <span class='ocrx_word' id='word_1_97' title='bbox 1879 1077 2023 1128; x_wconf 82' lang='lat' dir='ltr'>prius,</span> 
     </span>
     <span class='ocr_line' id='line_1_13' title="bbox 385 1147 2026 1199; baseline -0.002 -10"><span class='ocrx_word' id='word_1_98' title='bbox 385 1147 548 1191; x_wconf 87' lang='lat' dir='ltr'>Gallos</span> <span class='ocrx_word' id='word_1_99' title='bbox 583 1148 847 1198; x_wconf 81' lang='lat' dir='ltr'>dumtaxat,</span> <span class='ocrx_word' id='word_1_100' title='bbox 880 1149 956 1187; x_wconf 83' lang='lat' dir='ltr'>vel</span> <span class='ocrx_word' id='word_1_101' title='bbox 983 1147 1125 1188; x_wconf 90' lang='lat' dir='ltr'>Italos</span> <span class='ocrx_word' id='word_1_102' title='bbox 1157 1148 1501 1199; x_wconf 88' lang='lat' dir='ltr'>Hispanosque.</span> <span class='ocrx_word' id='word_1_103' title='bbox 1532 1147 1690 1198; x_wconf 85' lang='lat' dir='ltr'>Auget</span> <span class='ocrx_word' id='word_1_104' title='bbox 1718 1147 1841 1187; x_wconf 91' lang='lat' dir='ltr'>hunc</span> <span class='ocrx_word' id='word_1_105' title='bbox 1869 1148 2026 1199; x_wconf 91' lang='lat' dir='ltr'>populi</span> 
     </span>
     <span class='ocr_line' id='line_1_14' title="bbox 385 1218 2025 1269; baseline 0 -11"><span class='ocrx_word' id='word_1_106' title='bbox 385 1218 598 1259; x_wconf 85' lang='lat' dir='ltr'>favorem</span> <span class='ocrx_word' id='word_1_107' title='bbox 620 1218 776 1269; x_wconf 89' lang='lat' dir='ltr'>nobis,</span> <span class='ocrx_word' id='word_1_108' title='bbox 800 1218 922 1269; x_wconf 90' lang='lat' dir='ltr'>quod</span> <span class='ocrx_word' id='word_1_109' title='bbox 951 1230 1145 1259; x_wconf 90' lang='lat' dir='ltr'>munera</span> <span class='ocrx_word' id='word_1_110' title='bbox 1174 1224 1443 1259; x_wconf 85' lang='lat' dir='ltr'>constanter</span> <span class='ocrx_word' id='word_1_111' title='bbox 1470 1231 1497 1258; x_wconf 89' lang='lat' dir='ltr'>a</span> <span class='ocrx_word' id='word_1_112' title='bbox 1524 1219 1659 1258; x_wconf 91' lang='lat' dir='ltr'>nobis</span> <span class='ocrx_word' id='word_1_113' title='bbox 1687 1218 1879 1258; x_wconf 88' lang='lat' dir='ltr'>videant</span> <span class='ocrx_word' id='word_1_114' title='bbox 1907 1218 2025 1258; x_wconf 87' lang='lat' dir='ltr'>refu-</span> 
     </span>
     <span class='ocr_line' id='line_1_15' title="bbox 386 1289 2022 1342; baseline -0.001 -12"><span class='ocrx_word' id='word_1_115' title='bbox 386 1291 497 1341; x_wconf 86' lang='lat' dir='ltr'>tari,</span> <span class='ocrx_word' id='word_1_116' title='bbox 522 1302 641 1342; x_wconf 92' lang='lat' dir='ltr'>quae</span> <span class='ocrx_word' id='word_1_117' title='bbox 662 1302 775 1330; x_wconf 91' lang='lat' dir='ltr'>sane</span> <span class='ocrx_word' id='word_1_118' title='bbox 797 1301 883 1330; x_wconf 91' lang='lat' dir='ltr'>nec</span> <span class='ocrx_word' id='word_1_119' title='bbox 904 1302 1013 1330; x_wconf 90' lang='lat' dir='ltr'>raro</span> <span class='ocrx_word' id='word_1_120' title='bbox 1034 1302 1121 1330; x_wconf 90' lang='lat' dir='ltr'>nec</span> <span class='ocrx_word' id='word_1_121' title='bbox 1143 1290 1314 1341; x_wconf 88' lang='lat' dir='ltr'>exigua</span> <span class='ocrx_word' id='word_1_122' title='bbox 1344 1290 1419 1330; x_wconf 90' lang='lat' dir='ltr'>hic</span> <span class='ocrx_word' id='word_1_123' title='bbox 1449 1289 1666 1330; x_wconf 88' lang='lat' dir='ltr'>Patribus</span> <span class='ocrx_word' id='word_1_124' title='bbox 1696 1290 2022 1330; x_wconf 89' lang='lat' dir='ltr'>obtruduntur.</span> 
     </span>
     <span class='ocr_line' id='line_1_16' title="bbox 386 1361 2027 1413; baseline -0.001 -12"><span class='ocrx_word' id='word_1_125' title='bbox 386 1361 546 1413; x_wconf 90' lang='lat' dir='ltr'>Nuper</span> <span class='ocrx_word' id='word_1_126' title='bbox 581 1373 722 1401; x_wconf 81' lang='lat' dir='ltr'>curru</span> <span class='ocrx_word' id='word_1_127' title='bbox 757 1361 945 1412; x_wconf 88' lang='lat' dir='ltr'>quidam</span> <span class='ocrx_word' id='word_1_128' title='bbox 979 1361 1038 1401; x_wconf 91' lang='lat' dir='ltr'>ad</span> <span class='ocrx_word' id='word_1_129' title='bbox 1072 1373 1158 1401; x_wconf 90' lang='lat' dir='ltr'>nos</span> <span class='ocrx_word' id='word_1_130' title='bbox 1192 1361 1406 1401; x_wconf 89' lang='lat' dir='ltr'>vehenda</span> <span class='ocrx_word' id='word_1_131' title='bbox 1446 1366 1670 1401; x_wconf 86' lang='lat' dir='ltr'>curarunt</span> <span class='ocrx_word' id='word_1_132' title='bbox 1709 1362 1947 1401; x_wconf 91' lang='lat' dir='ltr'>esculenta</span> <span class='ocrx_word' id='word_1_133' title='bbox 1983 1367 2027 1401; x_wconf 89' lang='lat' dir='ltr'>et</span> 
     </span>
     <span class='ocr_line' id='line_1_17' title="bbox 387 1432 2028 1484; baseline 0 -12"><span class='ocrx_word' id='word_1_134' title='bbox 387 1434 650 1484; x_wconf 81' lang='lat' dir='ltr'>poculenta3</span> <span class='ocrx_word' id='word_1_135' title='bbox 672 1432 749 1472; x_wconf 91' lang='lat' dir='ltr'>alii</span> <span class='ocrx_word' id='word_1_136' title='bbox 770 1433 973 1483; x_wconf 84' lang='lat' dir='ltr'>gallinas</span> <span class='ocrx_word' id='word_1_137' title='bbox 994 1433 1151 1472; x_wconf 90' lang='lat' dir='ltr'>iubent</span> <span class='ocrx_word' id='word_1_138' title='bbox 1174 1432 1423 1472; x_wconf 90' lang='lat' dir='ltr'>introduci.</span> <span class='ocrx_word' id='word_1_139' title='bbox 1443 1432 1657 1483; x_wconf 82' lang='lat' dir='ltr'>Quidam.</span> <span class='ocrx_word' id='word_1_140' title='bbox 1677 1432 1824 1472; x_wconf 88' lang='lat' dir='ltr'>vitulo</span> <span class='ocrx_word' id='word_1_141' title='bbox 1845 1433 1892 1472; x_wconf 92' lang='lat' dir='ltr'>in</span> <span class='ocrx_word' id='word_1_142' title='bbox 1914 1432 2028 1483; x_wconf 91' lang='lat' dir='ltr'>ipsis</span> 
     </span>
     <span class='ocr_line' id='line_1_18' title="bbox 387 1504 2027 1555; baseline 0 -12"><span class='ocrx_word' id='word_1_143' title='bbox 387 1504 597 1555; x_wconf 91' lang='lat' dir='ltr'>proiecto</span> <span class='ocrx_word' id='word_1_144' title='bbox 620 1504 819 1552; x_wconf 83' lang='lat' dir='ltr'>foribus,</span> <span class='ocrx_word' id='word_1_145' title='bbox 845 1505 970 1544; x_wconf 87' lang='lat' dir='ltr'>velut</span> <span class='ocrx_word' id='word_1_146' title='bbox 992 1504 1370 1554; x_wconf 88' lang='lat' dir='ltr'>indignabundus</span> <span class='ocrx_word' id='word_1_147' title='bbox 1392 1504 1614 1554; x_wconf 88' lang='lat' dir='ltr'>abcessit;</span> <span class='ocrx_word' id='word_1_148' title='bbox 1646 1504 1727 1544; x_wconf 92' lang='lat' dir='ltr'>sed</span> <span class='ocrx_word' id='word_1_149' title='bbox 1756 1515 1867 1544; x_wconf 93' lang='lat' dir='ltr'>mox</span> <span class='ocrx_word' id='word_1_150' title='bbox 1895 1515 2027 1544; x_wconf 91' lang='lat' dir='ltr'>cura-</span> 
     </span>
     <span class='ocr_line' id='line_1_19' title="bbox 387 1575 2027 1626; baseline 0 -11"><span class='ocrx_word' id='word_1_151' title='bbox 387 1582 487 1615; x_wconf 88' lang='lat' dir='ltr'>tum</span> <span class='ocrx_word' id='word_1_152' title='bbox 508 1581 577 1615; x_wconf 87' lang='lat' dir='ltr'>est</span> <span class='ocrx_word' id='word_1_153' title='bbox 598 1582 647 1615; x_wconf 89' lang='lat' dir='ltr'>ut</span> <span class='ocrx_word' id='word_1_154' title='bbox 670 1575 930 1615; x_wconf 89' lang='lat' dir='ltr'>conductus</span> <span class='ocrx_word' id='word_1_155' title='bbox 950 1575 1134 1615; x_wconf 90' lang='lat' dir='ltr'>baiulus</span> <span class='ocrx_word' id='word_1_156' title='bbox 1156 1576 1354 1615; x_wconf 86' lang='lat' dir='ltr'>vitulum</span> <span class='ocrx_word' id='word_1_157' title='bbox 1375 1576 1437 1625; x_wconf 90' lang='lat' dir='ltr'>ei,</span> <span class='ocrx_word' id='word_1_158' title='bbox 1471 1576 1549 1626; x_wconf 90' lang='lat' dir='ltr'>qui</span> <span class='ocrx_word' id='word_1_159' title='bbox 1577 1576 1788 1625; x_wconf 87' lang='lat' dir='ltr'>miserat,</span> <span class='ocrx_word' id='word_1_160' title='bbox 1822 1581 2027 1626; x_wconf 89' lang='lat' dir='ltr'>reporta—</span> 
     </span>
     <span class='ocr_line' id='line_1_20' title="bbox 387 1646 2028 1697; baseline 0 -11"><span class='ocrx_word' id='word_1_161' title='bbox 387 1652 473 1686; x_wconf 86' lang='lat' dir='ltr'>ret.</span> <span class='ocrx_word' id='word_1_162' title='bbox 498 1647 592 1686; x_wconf 84' lang='lat' dir='ltr'>Alii</span> <span class='ocrx_word' id='word_1_163' title='bbox 614 1658 781 1686; x_wconf 87' lang='lat' dir='ltr'>carnes</span> <span class='ocrx_word' id='word_1_164' title='bbox 803 1647 941 1694; x_wconf 80' lang='lat' dir='ltr'>alias,</span> <span class='ocrx_word' id='word_1_165' title='bbox 965 1652 1008 1686; x_wconf 87' lang='lat' dir='ltr'>et</span> <span class='ocrx_word' id='word_1_166' title='bbox 1029 1646 1229 1696; x_wconf 86' lang='lat' dir='ltr'>fructus,</span> <span class='ocrx_word' id='word_1_167' title='bbox 1263 1646 1582 1686; x_wconf 86' lang='lat' dir='ltr'>confectiones</span> <span class='ocrx_word' id='word_1_168' title='bbox 1613 1652 1657 1686; x_wconf 93' lang='lat' dir='ltr'>et</span> <span class='ocrx_word' id='word_1_169' title='bbox 1687 1646 1733 1686; x_wconf 89' lang='lat' dir='ltr'>id</span> <span class='ocrx_word' id='word_1_170' title='bbox 1759 1657 1909 1697; x_wconf 87' lang='lat' dir='ltr'>genus</span> <span class='ocrx_word' id='word_1_171' title='bbox 1937 1646 2028 1686; x_wconf 89' lang='lat' dir='ltr'>alia</span> 
     </span>
     <span class='ocr_line' id='line_1_21' title="bbox 388 1717 2026 1769; baseline 0 -12"><span class='ocrx_word' id='word_1_172' title='bbox 388 1717 511 1758; x_wconf 91' lang='lat' dir='ltr'>dona</span> <span class='ocrx_word' id='word_1_173' title='bbox 534 1718 786 1758; x_wconf 85' lang='lat' dir='ltr'>liberaliter</span> <span class='ocrx_word' id='word_1_174' title='bbox 809 1717 1022 1768; x_wconf 83' lang='lat' dir='ltr'>offerunt,</span> <span class='ocrx_word' id='word_1_175' title='bbox 1041 1729 1307 1769; x_wconf 89' lang='lat' dir='ltr'>magnaque</span> <span class='ocrx_word' id='word_1_176' title='bbox 1324 1718 1636 1767; x_wconf 90' lang='lat' dir='ltr'>contentione,</span> <span class='ocrx_word' id='word_1_177' title='bbox 1657 1723 1706 1757; x_wconf 95' lang='lat' dir='ltr'>ut</span> <span class='ocrx_word' id='word_1_178' title='bbox 1722 1718 2026 1768; x_wconf 78' lang='lat' dir='ltr'>recipiantur,</span> 
     </span>
     <span class='ocr_line' id='line_1_22' title="bbox 390 1788 2026 1839; baseline -0.001 -10"><span class='ocrx_word' id='word_1_179' title='bbox 390 1790 588 1837; x_wconf 71' lang='lat' dir='ltr'>instant3</span> <span class='ocrx_word' id='word_1_180' title='bbox 613 1789 695 1829; x_wconf 91' lang='lat' dir='ltr'>sed</span> <span class='ocrx_word' id='word_1_181' title='bbox 716 1789 773 1829; x_wconf 90' lang='lat' dir='ltr'>ab</span> <span class='ocrx_word' id='word_1_182' title='bbox 802 1789 928 1829; x_wconf 89' lang='lat' dir='ltr'>omni</span> <span class='ocrx_word' id='word_1_183' title='bbox 951 1800 1144 1829; x_wconf 88' lang='lat' dir='ltr'>munere</span> <span class='ocrx_word' id='word_1_184' title='bbox 1174 1789 1292 1839; x_wconf 82' lang='lat' dir='ltr'>(laus</span> <span class='ocrx_word' id='word_1_185' title='bbox 1320 1788 1522 1839; x_wconf 82' lang='lat' dir='ltr'>Christo&gt;</span> <span class='ocrx_word' id='word_1_186' title='bbox 1551 1800 1719 1828; x_wconf 91' lang='lat' dir='ltr'>manus</span> <span class='ocrx_word' id='word_1_187' title='bbox 1749 1788 2026 1839; x_wconf 86' lang='lat' dir='ltr'>excutimus,</span> 
     </span>
     <span class='ocr_line' id='line_1_23' title="bbox 388 1859 2029 1911; baseline -0.001 -11"><span class='ocrx_word' id='word_1_188' title='bbox 388 1872 538 1911; x_wconf 91' lang='lat' dir='ltr'>neque</span> <span class='ocrx_word' id='word_1_189' title='bbox 559 1861 823 1900; x_wconf 87' lang='lat' dir='ltr'>libertatem</span> <span class='ocrx_word' id='word_1_190' title='bbox 845 1866 1057 1900; x_wconf 87' lang='lat' dir='ltr'>nostram</span> <span class='ocrx_word' id='word_1_191' title='bbox 1078 1860 1150 1899; x_wconf 89' lang='lat' dir='ltr'>his</span> <span class='ocrx_word' id='word_1_192' title='bbox 1172 1860 1404 1900; x_wconf 87' lang='lat' dir='ltr'>illecebris</span> <span class='ocrx_word' id='word_1_193' title='bbox 1424 1860 1499 1900; x_wconf 87' lang='lat' dir='ltr'>vel</span> <span class='ocrx_word' id='word_1_194' title='bbox 1532 1860 1817 1911; x_wconf 83' lang='lat' dir='ltr'>expugnari,</span> <span class='ocrx_word' id='word_1_195' title='bbox 1847 1860 1923 1899; x_wconf 87' lang='lat' dir='ltr'>vel</span> <span class='ocrx_word' id='word_1_196' title='bbox 1949 1859 2029 1899; x_wconf 91' lang='lat' dir='ltr'>im-</span> 
     </span>
     <span class='ocr_line' id='line_1_24' title="bbox 389 1931 2027 1983; baseline -0.001 -12"><span class='ocrx_word' id='word_1_197' title='bbox 389 1932 533 1971; x_wconf 90' lang='lat' dir='ltr'>minui</span> <span class='ocrx_word' id='word_1_198' title='bbox 554 1932 887 1983; x_wconf 88' lang='lat' dir='ltr'>permittimus,</span> <span class='ocrx_word' id='word_1_199' title='bbox 911 1932 1019 1971; x_wconf 89' lang='lat' dir='ltr'>licet</span> <span class='ocrx_word' id='word_1_200' title='bbox 1040 1932 1088 1971; x_wconf 88' lang='lat' dir='ltr'>in</span> <span class='ocrx_word' id='word_1_201' title='bbox 1117 1931 1366 1971; x_wconf 86' lang='lat' dir='ltr'>refutando</span> <span class='ocrx_word' id='word_1_202' title='bbox 1396 1931 1455 1971; x_wconf 89' lang='lat' dir='ltr'>sit</span> <span class='ocrx_word' id='word_1_203' title='bbox 1486 1943 1626 1982; x_wconf 90' lang='lat' dir='ltr'>saepe</span> <span class='ocrx_word' id='word_1_204' title='bbox 1656 1932 1730 1970; x_wconf 89' lang='lat' dir='ltr'>vel</span> <span class='ocrx_word' id='word_1_205' title='bbox 1755 1931 1815 1970; x_wconf 92' lang='lat' dir='ltr'>ad</span> <span class='ocrx_word' id='word_1_206' title='bbox 1843 1936 2027 1970; x_wconf 88' lang='lat' dir='ltr'>conten-</span> 
     </span>
     <span class='ocr_line' id='line_1_25' title="bbox 389 2001 2026 2054; baseline -0.001 -12"><span class='ocrx_word' id='word_1_207' title='bbox 389 2003 563 2042; x_wconf 90' lang='lat' dir='ltr'>tionem</span> <span class='ocrx_word' id='word_1_208' title='bbox 592 2014 736 2054; x_wconf 90' lang='lat' dir='ltr'>usque</span> <span class='ocrx_word' id='word_1_209' title='bbox 772 2002 1060 2042; x_wconf 86' lang='lat' dir='ltr'>certandum.</span> <span class='ocrx_word' id='word_1_210' title='bbox 1093 2002 1322 2042; x_wconf 87' lang='lat' dir='ltr'>Mirantur</span> <span class='ocrx_word' id='word_1_211' title='bbox 1350 2003 1493 2053; x_wconf 88' lang='lat' dir='ltr'>igitur</span> <span class='ocrx_word' id='word_1_212' title='bbox 1521 2002 1645 2054; x_wconf 93' lang='lat' dir='ltr'>quod</span> <span class='ocrx_word' id='word_1_213' title='bbox 1671 2001 1821 2052; x_wconf 88' lang='lat' dir='ltr'>gratis</span> <span class='ocrx_word' id='word_1_214' title='bbox 1859 2001 2026 2051; x_wconf 88' lang='lat' dir='ltr'>officia,</span> 
     </span>
     <span class='ocr_line' id='line_1_26' title="bbox 390 2073 1664 2125; baseline -0.001 -12"><span class='ocrx_word' id='word_1_215' title='bbox 390 2085 510 2125; x_wconf 88' lang='lat' dir='ltr'>quae</span> <span class='ocrx_word' id='word_1_216' title='bbox 532 2074 775 2125; x_wconf 84' lang='lat' dir='ltr'>requirunt</span> <span class='ocrx_word' id='word_1_217' title='bbox 797 2086 824 2113; x_wconf 88' lang='lat' dir='ltr'>a</span> <span class='ocrx_word' id='word_1_218' title='bbox 845 2074 994 2124; x_wconf 81' lang='lat' dir='ltr'>nobis,</span> <span class='ocrx_word' id='word_1_219' title='bbox 1019 2073 1333 2113; x_wconf 88' lang='lat' dir='ltr'>sacerdotalia</span> <span class='ocrx_word' id='word_1_220' title='bbox 1355 2079 1664 2124; x_wconf 88' lang='lat' dir='ltr'>praestemus.</span> 
     </span>
    </p>

    <p class='ocr_par' dir='ltr' id='par_1_4' title="bbox 392 2142 2033 2763">
     <span class='ocr_line' id='line_1_27' title="bbox 472 2142 2028 2194; baseline -0.001 -10"><span class='ocrx_word' id='word_1_221' title='bbox 472 2145 568 2185; x_wconf 92' lang='lat' dir='ltr'>Nec</span> <span class='ocrx_word' id='word_1_222' title='bbox 590 2145 718 2184; x_wconf 91' lang='lat' dir='ltr'>deest</span> <span class='ocrx_word' id='word_1_223' title='bbox 739 2143 839 2184; x_wconf 72' lang='grc' dir='ltr'>Η.ᾶο</span> <span class='ocrx_word' id='word_1_224' title='bbox 861 2144 989 2184; x_wconf 84' lang='lat' dir='ltr'>Patri</span> <span class='ocrx_word' id='word_1_225' title='bbox 1009 2143 1251 2184; x_wconf 86' lang='lat' dir='ltr'>Victoriae</span> <span class='ocrx_word' id='word_1_226' title='bbox 1273 2156 1356 2184; x_wconf 87' lang='lat' dir='ltr'>sua</span> <span class='ocrx_word' id='word_1_227' title='bbox 1378 2144 1565 2194; x_wconf 90' lang='lat' dir='ltr'>messis,</span> <span class='ocrx_word' id='word_1_228' title='bbox 1594 2144 1873 2194; x_wconf 88' lang='lat' dir='ltr'>praesertim</span> <span class='ocrx_word' id='word_1_229' title='bbox 1904 2142 2028 2194; x_wconf 89' lang='lat' dir='ltr'>apud</span> 
     </span>
     <span class='ocr_line' id='line_1_28' title="bbox 392 2215 2030 2268; baseline -0.002 -12"><span class='ocrx_word' id='word_1_230' title='bbox 392 2217 628 2268; x_wconf 86' lang='lat' dir='ltr'>Hispanos</span> <span class='ocrx_word' id='word_1_231' title='bbox 650 2221 693 2255; x_wconf 89' lang='lat' dir='ltr'>et</span> <span class='ocrx_word' id='word_1_232' title='bbox 714 2215 869 2264; x_wconf 89' lang='lat' dir='ltr'>Italos,</span> <span class='ocrx_word' id='word_1_233' title='bbox 890 2215 1166 2266; x_wconf 87' lang='lat' dir='ltr'>quibuscum</span> <span class='ocrx_word' id='word_1_234' title='bbox 1188 2221 1433 2255; x_wconf 86' lang='lat' dir='ltr'>exercetur</span> <span class='ocrx_word' id='word_1_235' title='bbox 1455 2215 1615 2254; x_wconf 89' lang='lat' dir='ltr'>sedulo</span> <span class='ocrx_word' id='word_1_236' title='bbox 1637 2225 1902 2266; x_wconf 88' lang='lat' dir='ltr'>magnoque</span> <span class='ocrx_word' id='word_1_237' title='bbox 1924 2225 2030 2253; x_wconf 92' lang='lat' dir='ltr'>cum</span> 
     </span>
     <span class='ocr_line' id='line_1_29' title="bbox 392 2285 2027 2338; baseline -0.002 -10"><span class='ocrx_word' id='word_1_238' title='bbox 392 2288 546 2328; x_wconf 87' lang='lat' dir='ltr'>fructu</span> <span class='ocrx_word' id='word_1_239' title='bbox 574 2286 794 2338; x_wconf 87' lang='lat' dir='ltr'>quotidie.</span> <span class='ocrx_word' id='word_1_240' title='bbox 826 2285 984 2336; x_wconf 85' lang='lat' dir='ltr'>Pergit</span> <span class='ocrx_word' id='word_1_241' title='bbox 1019 2286 1170 2326; x_wconf 90' lang='lat' dir='ltr'>adhuc</span> <span class='ocrx_word' id='word_1_242' title='bbox 1206 2285 1369 2325; x_wconf 91' lang='lat' dir='ltr'>diebus</span> <span class='ocrx_word' id='word_1_243' title='bbox 1395 2285 1524 2325; x_wconf 83' lang='lat' dir='ltr'>festis</span> <span class='ocrx_word' id='word_1_244' title='bbox 1552 2285 1707 2325; x_wconf 90' lang='lat' dir='ltr'>italice</span> <span class='ocrx_word' id='word_1_245' title='bbox 1743 2285 2027 2335; x_wconf 88' lang='lat' dir='ltr'>concionari,</span> 
     </span>
     <span class='ocr_line' id='line_1_30' title="bbox 393 2355 2032 2408; baseline -0.002 -9"><span class='ocrx_word' id='word_1_246' title='bbox 393 2365 438 2399; x_wconf 90' lang='lat' dir='ltr'>et</span> <span class='ocrx_word' id='word_1_247' title='bbox 458 2358 653 2398; x_wconf 87' lang='lat' dir='ltr'>audiunt</span> <span class='ocrx_word' id='word_1_248' title='bbox 670 2358 797 2397; x_wconf 82' lang='lat' dir='ltr'>illum</span> <span class='ocrx_word' id='word_1_249' title='bbox 826 2368 1178 2408; x_wconf 90' lang='lat' dir='ltr'>nonnumquam</span> <span class='ocrx_word' id='word_1_250' title='bbox 1215 2356 1347 2396; x_wconf 70' lang='lat' dir='ltr'>RmUS</span> <span class='ocrx_word' id='word_1_251' title='bbox 1374 2355 1574 2396; x_wconf 89' lang='lat' dir='ltr'>Nuntius</span> <span class='ocrx_word' id='word_1_252' title='bbox 1601 2357 1903 2408; x_wconf 87' lang='lat' dir='ltr'>Apostolicus</span> <span class='ocrx_word' id='word_1_253' title='bbox 1926 2355 1954 2407; x_wconf 74' lang='lat'>³,</span> <span class='ocrx_word' id='word_1_254' title='bbox 1988 2361 2032 2396; x_wconf 91' lang='lat' dir='ltr'>et</span> 
     </span>
     <span class='ocr_line' id='line_1_31' title="bbox 392 2426 2031 2481; baseline -0.002 -12"><span class='ocrx_word' id='word_1_255' title='bbox 392 2431 577 2481; x_wconf 89' lang='lat' dir='ltr'>legatus</span> <span class='ocrx_word' id='word_1_256' title='bbox 598 2434 792 2468; x_wconf 82' lang='lat' dir='ltr'>venetus</span> <span class='ocrx_word' id='word_1_257' title='bbox 814 2426 848 2479; x_wconf 67' lang='lat'>⁴,</span> <span class='ocrx_word' id='word_1_258' title='bbox 878 2434 1066 2479; x_wconf 89' lang='lat' dir='ltr'>praeter</span> <span class='ocrx_word' id='word_1_259' title='bbox 1087 2428 1263 2467; x_wconf 87' lang='lat' dir='ltr'>nobiles</span> <span class='ocrx_word' id='word_1_260' title='bbox 1291 2427 1422 2467; x_wconf 85' lang='lat' dir='ltr'>alios.</span> <span class='ocrx_word' id='word_1_261' title='bbox 1446 2427 1496 2467; x_wconf 90' lang='lat' dir='ltr'>In</span> <span class='ocrx_word' id='word_1_262' title='bbox 1518 2426 1761 2467; x_wconf 85' lang='lat' dir='ltr'>audiendis</span> <span class='ocrx_word' id='word_1_263' title='bbox 1782 2427 2031 2467; x_wconf 87' lang='lat' dir='ltr'>confessio-</span> 
     </span>
     <span class='ocr_line' id='line_1_32' title="bbox 394 2498 2032 2551; baseline -0.001 -11"><span class='ocrx_word' id='word_1_264' title='bbox 394 2501 531 2540; x_wconf 90' lang='lat' dir='ltr'>nibus</span> <span class='ocrx_word' id='word_1_265' title='bbox 553 2512 693 2551; x_wconf 91' lang='lat' dir='ltr'>saepe</span> <span class='ocrx_word' id='word_1_266' title='bbox 714 2511 769 2539; x_wconf 90' lang='lat' dir='ltr'>ac</span> <span class='ocrx_word' id='word_1_267' title='bbox 790 2500 986 2539; x_wconf 89' lang='lat' dir='ltr'>multum</span> <span class='ocrx_word' id='word_1_268' title='bbox 1008 2504 1278 2550; x_wconf 86' lang='lat' dir='ltr'>occupatur;</span> <span class='ocrx_word' id='word_1_269' title='bbox 1302 2505 1401 2538; x_wconf 89' lang='lat' dir='ltr'>tum</span> <span class='ocrx_word' id='word_1_270' title='bbox 1421 2498 1559 2538; x_wconf 85' lang='lat' dir='ltr'>valde</span> <span class='ocrx_word' id='word_1_271' title='bbox 1579 2504 1745 2549; x_wconf 90' lang='lat' dir='ltr'>gratus</span> <span class='ocrx_word' id='word_1_272' title='bbox 1767 2504 1836 2538; x_wconf 90' lang='lat' dir='ltr'>est</span> <span class='ocrx_word' id='word_1_273' title='bbox 1857 2499 1904 2538; x_wconf 90' lang='lat' dir='ltr'>in</span> <span class='ocrx_word' id='word_1_274' title='bbox 1925 2499 2032 2538; x_wconf 87' lang='lat' dir='ltr'>aula</span> 
     </span>
     <span class='ocr_line' id='line_1_33' title="bbox 394 2570 2030 2623; baseline -0.001 -12"><span class='ocrx_word' id='word_1_275' title='bbox 394 2572 559 2622; x_wconf 85' lang='lat' dir='ltr'>Regia,</span> <span class='ocrx_word' id='word_1_276' title='bbox 583 2571 861 2623; x_wconf 88' lang='lat' dir='ltr'>praesertim</span> <span class='ocrx_word' id='word_1_277' title='bbox 883 2571 1007 2622; x_wconf 91' lang='lat' dir='ltr'>apud</span> <span class='ocrx_word' id='word_1_278' title='bbox 1028 2578 1270 2610; x_wconf 89' lang='lat' dir='ltr'>matronas</span> <span class='ocrx_word' id='word_1_279' title='bbox 1291 2571 1483 2620; x_wconf 90' lang='lat' dir='ltr'>nobiles,</span> <span class='ocrx_word' id='word_1_280' title='bbox 1509 2582 1628 2621; x_wconf 91' lang='lat' dir='ltr'>quae</span> <span class='ocrx_word' id='word_1_281' title='bbox 1650 2571 1715 2610; x_wconf 90' lang='lat' dir='ltr'>illi</span> <span class='ocrx_word' id='word_1_282' title='bbox 1737 2570 2030 2619; x_wconf 84' lang='lat' dir='ltr'>confitentur,</span> 
     </span>
     <span class='ocr_line' id='line_1_34' title="bbox 395 2640 2033 2693; baseline -0.001 -11"><span class='ocrx_word' id='word_1_283' title='bbox 395 2654 455 2682; x_wconf 89' lang='lat' dir='ltr'>ex</span> <span class='ocrx_word' id='word_1_284' title='bbox 485 2641 695 2693; x_wconf 83' lang='lat' dir='ltr'>Reginae</span> <span class='ocrx_word' id='word_1_285' title='bbox 729 2641 920 2681; x_wconf 88' lang='lat' dir='ltr'>familia.</span> <span class='ocrx_word' id='word_1_286' title='bbox 958 2641 1138 2681; x_wconf 90' lang='lat' dir='ltr'>Deinde</span> <span class='ocrx_word' id='word_1_287' title='bbox 1172 2641 1343 2680; x_wconf 91' lang='lat' dir='ltr'>bonam</span> <span class='ocrx_word' id='word_1_288' title='bbox 1371 2647 1642 2681; x_wconf 80' lang='lat' dir='ltr'>nostrorum</span> <span class='ocrx_word' id='word_1_289' title='bbox 1671 2647 1878 2692; x_wconf 88' lang='lat' dir='ltr'>partem,</span> <span class='ocrx_word' id='word_1_290' title='bbox 1909 2640 2033 2681; x_wconf 88' lang='lat' dir='ltr'>domi</span> 
     </span>
     <span class='ocr_line' id='line_1_35' title="bbox 397 2711 1450 2763; baseline -0.001 -10"><span class='ocrx_word' id='word_1_291' title='bbox 397 2713 709 2763; x_wconf 87' lang='lat' dir='ltr'>confitentem,</span> <span class='ocrx_word' id='word_1_292' title='bbox 735 2713 851 2752; x_wconf 90' lang='lat' dir='ltr'>solet</span> <span class='ocrx_word' id='word_1_293' title='bbox 872 2711 1033 2752; x_wconf 89' lang='lat' dir='ltr'>audire</span> <span class='ocrx_word' id='word_1_294' title='bbox 1055 2712 1450 2752; x_wconf 85' lang='lat' dir='ltr'>hebdomadatim.</span> 
     </span>
    </p>

    <p class='ocr_par' dir='ltr' id='par_1_5' title="bbox 477 2782 2033 2835">
     <span class='ocr_line' id='line_1_36' title="bbox 477 2782 2033 2835; baseline -0.001 -12"><span class='ocrx_word' id='word_1_295' title='bbox 477 2783 614 2824; x_wconf 89' lang='lat' dir='ltr'>Circa</span> <span class='ocrx_word' id='word_1_296' title='bbox 634 2783 776 2824; x_wconf 89' lang='lat' dir='ltr'>ferias</span> <span class='ocrx_word' id='word_1_297' title='bbox 798 2783 984 2835; x_wconf 87' lang='lat' dir='ltr'>quidem</span> <span class='ocrx_word' id='word_1_298' title='bbox 1014 2783 1098 2822; x_wconf 80' lang='lat' dir='ltr'>has</span> <span class='ocrx_word' id='word_1_299' title='bbox 1121 2782 1295 2822; x_wconf 88' lang='lat' dir='ltr'>Christi</span> <span class='ocrx_word' id='word_1_300' title='bbox 1325 2784 1564 2824; x_wconf 88' lang='lat' dir='ltr'>natalitias</span> <span class='ocrx_word' id='word_1_301' title='bbox 1594 2795 1732 2824; x_wconf 87' lang='lat' dir='ltr'>rarae</span> <span class='ocrx_word' id='word_1_302' title='bbox 1764 2783 1898 2823; x_wconf 89' lang='lat' dir='ltr'>nobis</span> <span class='ocrx_word' id='word_1_303' title='bbox 1927 2790 2033 2823; x_wconf 87' lang='lat' dir='ltr'>&#39;con-</span> 
     </span>
    </p>
   </div>
   <div class='ocr_carea' id='block_1_3' title="bbox 449 2942 2036 3112">
    <p class='ocr_par' dir='ltr' id='par_1_6' title="bbox 449 2942 2036 3021">
     <span class='ocr_line' id='line_1_37' title="bbox 449 2942 2036 2978; baseline 0.001 -9"><span class='ocrx_word' id='word_1_304' title='bbox 449 2942 459 2960; x_wconf 90' lang='lat'>¹</span> <span class='ocrx_word' id='word_1_305' title='bbox 500 2942 565 2970; x_wconf 88' lang='lat' dir='ltr'>Ubi</span> <span class='ocrx_word' id='word_1_306' title='bbox 582 2943 748 2970; x_wconf 87' lang='lat' dir='ltr'>Polancus</span> <span class='ocrx_word' id='word_1_307' title='bbox 762 2943 899 2977; x_wconf 88' lang='lat' dir='ltr'>scripsit</span> <span class='ocrx_word' id='word_1_308' title='bbox 913 2947 1002 2978; x_wconf 71' lang='lat' dir='ltr'>prae</span> <span class='ocrx_word' id='word_1_309' title='bbox 1017 2944 1176 2977; x_wconf 76' lang='lat' dir='ltr'>seseral,</span> <span class='ocrx_word' id='word_1_310' title='bbox 1187 2944 1373 2977; x_wconf 75' lang='lat' dir='ltr'>scripserat</span> <span class='ocrx_word' id='word_1_311' title='bbox 1389 2943 1556 2970; x_wconf 83' lang='lat' dir='ltr'>Martinus</span> <span class='ocrx_word' id='word_1_312' title='bbox 1571 2944 1709 2971; x_wconf 75' lang='lat' dir='ltr'>cunctis</span> <span class='ocrx_word' id='word_1_313' title='bbox 1725 2943 1888 2970; x_wconf 69' lang='lat' dir='ltr'>exhibere</span> <span class='ocrx_word' id='word_1_314' title='bbox 1909 2945 2036 2978; x_wconf 80' lang='lat' dir='ltr'>possit.</span> 
     </span>
     <span class='ocr_line' id='line_1_38' title="bbox 450 2990 800 3021; baseline 0.006 -5"><span class='ocrx_word' id='word_1_315' title='bbox 450 2991 464 3009; x_wconf 72' lang='lat'><strong>2</strong></span> <span class='ocrx_word' id='word_1_316' title='bbox 506 2993 542 3016; x_wconf 76' lang='lat' dir='ltr'>ut</span> <span class='ocrx_word' id='word_1_317' title='bbox 560 2999 609 3021; x_wconf 73' lang='lat' dir='ltr'>eo,</span> <span class='ocrx_word' id='word_1_318' title='bbox 623 2990 800 3018; x_wconf 75' lang='lat' dir='ltr'>Martinus.</span> 
     </span>
    </p>

    <p class='ocr_par' dir='ltr' id='par_1_7' title="bbox 453 3038 994 3073">
     <span class='ocr_line' id='line_1_39' title="bbox 453 3038 994 3073; baseline -0.002 -8"><span class='ocrx_word' id='word_1_319' title='bbox 453 3039 466 3057; x_wconf 67' lang='lat'><strong>5</strong></span> <span class='ocrx_word' id='word_1_320' title='bbox 505 3038 732 3073; x_wconf 79' lang='lat' dir='ltr'>Hieronymus</span> <span class='ocrx_word' id='word_1_321' title='bbox 748 3038 994 3072; x_wconf 85' lang='lat' dir='ltr'>Martinengus.</span> 
     </span>
    </p>

    <p class='ocr_par' dir='ltr' id='par_1_8' title="bbox 458 3084 842 3112">
     <span class='ocr_line' id='line_1_40' title="bbox 458 3084 842 3112; baseline -0.003 0"><span class='ocrx_word' id='word_1_322' title='bbox 458 3086 465 3104; x_wconf 76' lang='lat'>&#39;⁴</span> <span class='ocrx_word' id='word_1_323' title='bbox 504 3084 651 3112; x_wconf 67' lang='lat' dir='ltr'>Michael</span> <span class='ocrx_word' id='word_1_324' title='bbox 667 3085 842 3112; x_wconf 81' lang='lat' dir='ltr'>Surianus.</span> 
     </span>
    </p>
   </div>
  </div>
 </body>
</html>
