2168 3437
356 192 424 229 102
866 191 1095 228 LITTERAE
1122 201 1486 234 QUADRIMESTRES

354 288 436 339 pit,
452 287 599 328 divini
610 288 813 328 numinis
835 287 1077 339 aspirante
1093 288 1265 339 gratia,
1282 288 1524 340 proposita
1541 288 1837 339 perfectioris
1855 299 1910 328 ac
1925 299 2005 340 pu-

354 360 493 400 rioris
509 360 634 400 vitae
652 360 957 412 institutione,
970 359 1211 401 diversum
1227 365 1385 400 tamen
1401 360 1529 400 vitae
1544 360 1807 400 institutum
1827 372 1853 400 a
1871 360 2007 400 caeli·

355 431 486 482 batu‚
508 432 554 471 in
572 443 663 483 quo
688 432 917 472 hactenus
944 437 1165 472 versatus
1182 437 1266 481 est,
1292 431 1511 483 amplecti
1539 431 1748 472 nondum
1779 431 2003 472 decrevit.

435 502 629 544 Sextum
650 503 805 543 locum
827 514 969 544 sexus
999 502 1283 554 foemineus,
1316 503 1527 543 Virorum
1556 503 1821 555 quinarium
1850 514 2008 543 nume-

358 586 462 614 rum
486 575 626 626 longe
657 575 911 623 excedens,
943 575 1110 615 merito
1141 575 1229 615 sibi
1257 574 1483 615 vindicat.
1517 574 1811 626 Videturque
1835 574 1894 614 ad
1914 574 2008 626 pie-

357 652 502 686 tatem
522 646 732 697 proclive
753 646 907 697 magis
928 658 983 686 ac
1004 658 1292 698 propensum
1318 646 1563 697 muliebre,
1597 658 1738 698 quam
1769 646 1906 686 virile
1929 657 2007 697 ge—

357 729 465 757 nus:
490 718 621 758 cuius
643 718 836 758 evidens
858 720 1123 770 exemplum
1144 719 1280 758 nobis
1302 719 1490 759 exhibet
1518 718 1722 770 quinque
1750 717 2001 758 viduarum

358 800 468 828 rara
489 795 629 840 atque
651 789 850 840 insignis
870 789 1022 840 pietas
1044 796 1088 830 et
1111 796 1311 842 quatuor
1341 790 1582 841 virginum
1614 789 1839 841 spiritalis
1860 788 2009 840 profe-

358 867 481 910 ctus,
504 872 644 912 quae,
669 872 842 901 novem
862 873 1078 912 numero,
1109 861 1397 913 spiritalibus
1427 861 1665 901 exercitiis
1687 872 1713 900 a
1736 860 1878 900 Patre
1900 859 2007 900 edo-

360 938 483 983 ctae,
507 944 601 972 non
624 932 798 984 absque
821 933 939 973 lucri
956 933 1181 984 spiritalis
1201 934 1529 983 emolumento,
1551 944 1796 973 sacrarum
1813 931 2007 972 medita-

361 1003 540 1044 tionum
569 1003 773 1045 fructum
803 1004 1076 1044 retulerunt.
1109 1005 1294 1047 Etenim
1321 1011 1646 1045 matronarum
1680 1004 1867 1044 illarum
1899 1014 2008 1054 una,

361 1087 481 1127 quae
498 1075 657 1126 filium,
676 1076 721 1115 in
739 1076 828 1116 hac
845 1075 1106 1116 Academia
1127 1076 1225 1117 vita
1247 1075 1538 1126 defunctum,
1564 1075 1788 1116 Societati
1818 1085 2006 1126 pepere-

362 1153 455 1199 rat,
492 1153 598 1199 post
619 1153 854 1187 maturam
875 1147 1263 1188 deliberationem
1293 1147 1553 1199 Religionis
1584 1147 1822 1198 sequelam
1855 1145 2012 1186 decre-

362 1220 448 1270 vit,
473 1231 608 1259 suam
633 1225 790 1259 tamen
816 1220 1108 1259 voluntatem
1128 1219 1282 1259 Patris
1308 1219 1458 1259 nostri
1485 1218 1765 1259 submittens
1793 1216 2004 1268 arbitrio,

362 1291 661 1343 animumque
684 1291 741 1331 ab
763 1291 977 1331 instituto
1006 1297 1315 1341 revocatura,
1350 1290 1389 1330 si
1414 1289 1569 1330 Patris
1598 1300 1872 1341 repugnans
1900 1287 2013 1328 iudi-

363 1363 488 1403 cium
509 1363 763 1403 deliberato
786 1363 934 1414 ipsius
955 1364 1197 1414 proposito
1218 1362 1531 1402 reluctaretur
1554 1374 1560 1402 :
1591 1361 1719 1412 atqui
1749 1360 1904 1400 Patris
1926 1359 2014 1400 suf-

362 1434 517 1486 fragio
539 1435 765 1475 electione
793 1433 1091 1484 confirmata,
1126 1434 1337 1486 corporis
1360 1439 1403 1474 et
1426 1433 1569 1473 animi
1597 1432 1872 1483 obsequium
1898 1442 2014 1471 vero

362 1506 595 1547 sacrificio
618 1506 805 1547 Christo
827 1505 1031 1546 Domino
1054 1506 1288 1556 oblatura,
1312 1505 1667 1553 Monasterium,
1693 1504 1937 1555 virginum
1961 1513 2017 1542 ac

363 1578 611 1619 viduarum
642 1579 686 1626 (a
713 1590 763 1618 se
791 1578 996 1618 invicem
1021 1583 1180 1618 tamen
1209 1583 1537 1629 separatarum
1565 1576 1654 1616 loci
1684 1582 1824 1626 atque
1855 1580 2015 1614 contu-

365 1650 512 1690 bernii
536 1650 805 1700 divisione),
829 1649 915 1690 sub
937 1649 1101 1689 eadem
1131 1649 1388 1689 Abbatissa
1418 1647 1521 1688 Deo
1549 1647 1866 1696 militantium,
1890 1657 2012 1686 com-

366 1734 505 1762 mune
537 1722 902 1773 receptaculum,
941 1721 1162 1772 accessit;
1193 1722 1241 1761 in
1268 1732 1360 1773 quo
1395 1719 1630 1761 constanti
1657 1716 2017 1770 perseverantia

365 1799 629 1846 permanet;
654 1794 788 1834 cuius
810 1800 954 1834 testes
976 1793 1154 1845 aliquot
1175 1793 1398 1845 epistolas
1427 1793 1486 1832 ad
1513 1791 1703 1831 Patrem
1733 1789 2014 1838 transmisit,

365 1866 599 1906 adiunctis
615 1866 762 1905 literis
779 1865 926 1917 ipsius
942 1865 1226 1905 Abbatissae
1240 1864 1429 1904 Patrem
1442 1863 1737 1904 obsecrantis
1749 1868 1812 1911 ut,
1835 1860 2017 1912 spirita-

366 1938 422 1978 lis
442 1937 775 1989 negotiationis
797 1948 958 1988 causa,
978 1937 1318 1977 monasterium
1333 1936 1540 1976 invisere
1560 1946 1653 1974 non
1668 1939 1915 1985 gravetur.
1935 1931 2024 1972 Re-

365 2009 519 2061 liquae
536 2014 736 2060 quatuor
752 2009 939 2058 viduae,
960 2019 1243 2059 quamquam
1266 2007 1314 2047 in
1334 2006 1499 2047 eodem
1514 2006 1638 2045 vitae
1657 2011 1782 2045 statu
1806 2015 2018 2056 perman-

367 2081 527 2131 serint,
550 2081 699 2121 vitam
721 2086 877 2120 tamen
899 2079 1116 2130 religioni
1138 2079 1392 2119 admodum
1417 2077 1600 2117 affinem
1631 2076 1911 2128 profitentur
1931 2086 1938 2114 :
1964 2087 2023 2116 ex

367 2153 520 2193 Patris
542 2151 734 2192 arbitrio
758 2151 929 2200 omnia,
955 2151 1130 2202 absque
1147 2151 1246 2190 eius
1264 2161 1497 2190 consensu
1515 2160 1710 2200 prorsus
1728 2148 1858 2198 nihil,
1883 2158 2022 2198 agen·

367 2232 452 2275 tes,
477 2224 559 2264 sed
580 2224 665 2264 sub
688 2222 981 2263 obedientiae
1004 2222 1152 2273 ipsius
1173 2221 1266 2262 levi
1288 2222 1399 2271 iugo
1421 2220 1522 2260 Deo
1546 2220 1739 2269 servire,
1764 2219 1873 2259 licet
1895 2219 2023 2259 nullo

369 2302 480 2336 voto
511 2294 780 2343 adstrictae,
817 2298 1078 2345 spontaneo
1109 2292 1304 2333 consilio
1336 2302 1613 2343 persuasae3
1646 2302 1845 2342 quarum
1874 2276 2024 2341 digni-

368 2373 463 2407 tate
491 2367 641 2420 prima
669 2366 889 2417 opulenta
921 2370 1004 2413 est,
1039 2363 1372 2415 spectatissimi
1400 2363 1489 2402 viri
1525 2374 1580 2402 ac
1611 2362 1818 2414 equestri
1859 2361 2023 2401 ordine

371 2438 564 2479 illustris
584 2437 741 2488 vidua,
767 2449 887 2489 quae
914 2435 1235 2475 nobilissimas
1258 2434 1438 2485 aliquot
1474 2440 1718 2473 matronas
1748 2434 1805 2474 ad
1837 2443 2024 2473 sacram

370 2510 713 2551 confessionem
734 2508 946 2560 patribus
966 2507 1142 2547 nostris
1164 2513 1408 2558 peractam
1430 2506 1635 2557 pellexit,
1660 2513 1704 2545 et
1737 2504 2019 2557 quatuorde-

370 2582 461 2621 cim
482 2592 736 2633 pauperes,
762 2579 971 2630 exceptis
1001 2578 1193 2629 reliquis
1222 2577 1533 2628 eleemosynis
1556 2577 1757 2628 privatis
1783 2575 2023 2627 impensis,

373 2653 501 2693 fovet
531 2664 587 2692 ac
610 2652 778 2701 nutrit3
816 2650 872 2691 de
902 2649 1141 2690 Societate
1175 2654 1338 2688 nostra
1372 2649 1547 2699 optime
1574 2649 1716 2688 etiam
1753 2647 1934 2696 merita,
1976 2652 2023 2687 et

371 2734 553 2763 summo
574 2722 742 2762 affectu
759 2733 874 2772 erga
892 2732 978 2760 nos
995 2719 1223 2772 praedita.
1245 2718 1469 2770 Reliquae
1482 2726 1576 2759 tres
1594 2719 1777 2767 viduae,
1798 2718 2021 2758 orationi-

372 2795 458 2834 bus
483 2806 538 2834 ac
563 2794 652 2845 piis
675 2793 895 2844 operibus
925 2791 1124 2840 deditae,
1149 2802 1336 2830 sacram
1358 2790 1703 2830 confessionem
1736 2796 1875 2840 atque
1900 2800 2022 2829 com-

376 2866 644 2906 munionem
661 2864 822 2904 diebus
838 2862 1058 2913 singulis,
1078 2861 1166 2901 nisi
1184 2861 1569 2913 impedimentum
1595 2862 1670 2912 pio
1695 2872 1857 2901 earum
1887 2859 2024 2900 affec-

375 2937 442 2977 tui
463 2936 638 2985 obstet,
663 2935 919 2975 observant
947 2945 1039 2973 una
1062 2944 1169 2973 cum
1189 2933 1371 2984 priore:
1396 2945 1513 2984 quas
1535 2944 1646 2973 vere
1667 2932 1836 2972 viduas
1859 2931 2024 2971 merito

377 3007 730 3060 appellaverim.
