2168 3437
343 277 414 315 528
856 273 1082 310 LITTERAE
1109 281 1467 315 QUADRIMESTRES

1021 721 1312 776 CCLXXI

418 952 610 990 Annibal
630 962 655 988 a
674 950 897 989 Coudreto

463 1017 585 1055 Patri
602 1017 771 1064 Ignatio
792 1016 845 1054 de
864 1016 1050 1064 Loyola.

509 1082 737 1129 Messana,
760 1082 805 1119 14
821 1082 1022 1129 Januarii
1042 1082 1133 1118 1554
1155 1082 1178 1117 ¹.

1104 1360 1202 1402 IHS

428 1575 592 1616 Gratia
614 1582 657 1615 et
680 1587 775 1626 pax
797 1581 841 1615 et
862 1575 1184 1615 misericordia
1205 1574 1313 1615 Dni.
1338 1575 1426 1615 nri.
1449 1575 1560 1627 Jesu
1591 1574 1763 1615 Christi
1793 1575 1852 1615 sit
1880 1586 1983 1615 cum

351 1647 567 1686 omnibus
587 1646 737 1686 nobis.
761 1646 928 1686 Amen.

427 1717 600 1757 Parum
621 1723 690 1757 est
713 1717 923 1768 omnino,
948 1717 1023 1758 Pr.
1047 1717 1094 1757 in
1111 1718 1180 1758 X.⁰
1198 1717 1468 1757 colendiss.·³
1493 1750 1501 1768 ,
1526 1716 1744 1769 quicquid
1761 1716 1885 1768 apud
1901 1729 1986 1757 nos

351 1788 442 1828 hoc
464 1789 795 1840 quadrimestri
816 1795 973 1829 actum
1004 1796 1095 1840 est,
1132 1796 1175 1829 et
1203 1789 1327 1841 quod
1353 1789 1517 1840 paucis
1551 1789 1802 1829 admodum
1829 1789 1987 1829 Verbis

351 1860 443 1900 dici
462 1859 599 1900 facile
620 1860 788 1911 possit,
814 1860 903 1900 nisi
924 1872 981 1900 ex
1003 1860 1060 1900 iis
1080 1867 1236 1900 essent
1258 1861 1482 1900 nonnulla
1500 1893 1507 1911 ,
1532 1872 1730 1912 quorum
1756 1860 1983 1910 narratio,

351 1936 402 1971 ut
421 1930 607 1971 facilius
627 1931 937 1982 intelligatur,
961 1931 1098 1971 nobis
1120 1937 1189 1971 est
1209 1932 1347 1983 paulo
1368 1931 1516 1971 fusius
1538 1930 1832 1983 explicanda.

430 2001 481 2042 In
503 2002 590 2042 hoc
612 2013 787 2052 genere
809 2002 918 2042 noui
939 2002 1182 2042 cuiusdam
1203 2002 1476 2042 monasterii
1499 2003 1545 2042 in
1565 2002 1654 2042 hac
1671 2002 1783 2042 urbe
1806 2003 1985 2042 institu-

351 2073 415 2112 tio
451 2079 544 2123 est,
579 2072 634 2112 de
670 2084 760 2124 qua
797 2073 931 2113 nobis
965 2079 1034 2113 est
1068 2073 1219 2125 primo
1248 2074 1353 2113 loco
1384 2074 1648 2113 dicendum.
1679 2073 1793 2113 Erat
1823 2073 1870 2113 in
1899 2074 1986 2113 hac

351 2144 542 2183 ciuitate
565 2144 845 2184 coenobium
867 2143 1102 2195 quoddam
1124 2145 1371 2184 mulierum
1393 2145 1548 2184 multis
1577 2145 1843 2185 nominibus
1873 2144 1985 2185 infa-

350 2226 424 2254 me
445 2214 473 2252 2.
493 2215 644 2255 Huius
661 2215 882 2255 defuncta
899 2215 1177 2266 Abbatissa,
1197 2221 1393 2266 rogatus
1410 2215 1588 2255 Prorex
1604 2214 1617 2233 ⁵
1635 2222 1679 2256 et
1696 2227 1723 2255 a
1739 2215 1840 2255 R.d0
1863 2215 1983 2256 Dno.

352 2286 571 2337 VicariO,
596 2291 640 2326 et
663 2298 689 2326 a
712 2285 994 2337 Magistratu
1015 2286 1220 2326 ciuitatis
1247 2292 1317 2337 ut,
1349 2287 1622 2338 priusquam
1657 2287 1806 2327 altera
1836 2287 1883 2326 in
1914 2286 1986 2327 de·

353 2364 566 2397 mortuae
587 2358 741 2397 locum
763 2358 1123 2408 subrogaretur,
1143 2363 1303 2398 tantae
1321 2358 1540 2398 infamiae
1557 2358 1788 2409 salutique
1804 2358 1988 2398 mulier-

354 2430 566 2469 cularum
585 2429 955 2480 prospiceretur,
979 2441 1079 2469 rem
1101 2441 1287 2469 omnem
1307 2429 1409 2469 R.d0
1434 2430 1482 2469 in
1501 2430 1569 2469 ΚΡ
1588 2429 1680 2469 Pri.
1699 2429 1987 2481 Hieronymo

353 2499 626 2540 Domenech
647 2500 900 2551 commisit3
925 2500 1023 2551 qui,
1046 2506 1301 2552 postquam
1329 2500 1407 2541 diu
1435 2502 1721 2552 multumque
1749 2500 1797 2540 in
1828 2512 1988 2540 omnes

352 2578 511 2622 partes
533 2571 887 2622 circumspexit,
912 2571 1171 2611 absurdum
1192 2571 1314 2622 fore,
1333 2572 1475 2611 immo
1493 2572 1653 2612 inutile
1674 2577 1805 2612 ratus
1825 2572 1988 2611 Vinum

353 2654 527 2682 nouum
562 2642 609 2681 in
640 2649 767 2682 utres
794 2648 980 2682 veteres
1009 2642 1280 2694 immittere,
1310 2642 1535 2683 radicitus
1570 2641 1835 2683 euellendos
1866 2642 1988 2682 illius

355 2713 445 2753 loci
466 2725 621 2753 mores
643 2712 859 2763 credidit;
883 2725 969 2753 nec
990 2712 1295 2753 Abbatissam
1331 2714 1568 2764 (quamvis
1595 2725 1650 2754 ea
1678 2713 1852 2764 optima
1882 2724 1984 2753 san—

356 2784 656 2835 ctissimaque
698 2784 954 2835 legeretur)
990 2785 1132 2824 ullam
1167 2784 1348 2825 efficere
1387 2796 1525 2836 posse
1564 2790 1612 2824 ut
1631 2816 1638 2835 ‚
1682 2784 1848 2836 quibus
1883 2784 1988 2824 illae

408 2943 418 2962 ¹
459 2944 706 2978 Apographum
721 2943 754 2971 in
769 2944 847 2971 solio
863 2944 1001 2978 duplici,
1016 2952 1069 2971 nn.
1087 2944 1137 2971 153
1152 2948 1185 2971 et
1204 2945 1262 2973 154.

409 2991 422 3009 ἓ
461 2990 576 3018 Sermo
592 2996 642 3018 est
659 2992 697 3018 de
714 2991 931 3024 monasterio,
948 2991 1035 3025 quod
1056 2991 1234 3019 dicebatur
1250 2992 1483 3027 Ascensionis,
1501 2993 1540 3020 de
1562 3000 1626 3027 quo
1646 2992 1781 3026 saepius
1802 2992 1874 3027 jam
1888 2992 1920 3019 in
1936 2991 1989 3019 his

356 3038 678 3071 Quadrimestribus‚
696 3039 773 3065 etin
788 3039 936 3066 POLANc1
959 3038 1123 3067 Chronico
1139 3043 1172 3067 ct
1188 3039 1220 3067 in
1237 3039 1361 3067 Cartas
1380 3041 1421 3068 de
1438 3040 1509 3067 San
1525 3040 1680 3075 Ignacz'o.

409 3085 422 3104 3
461 3085 607 3118 joannes
623 3086 661 3112 de
681 3086 787 3119 Vega.
