2168 3437
327 186 399 223 702
841 184 1069 221 LITTERAE
1096 194 1455 227 QUADRIMESTRES

326 282 449 321 bona
471 280 658 332 quidem
678 279 949 320 valetudine
975 279 1199 329 fruentes,
1222 280 1270 320 in
1300 281 1393 321 tuis
1420 280 1664 322 sacrificiis
1694 287 1833 334 atque
1863 295 1962 324 ora·

326 352 531 393 tionibus
552 350 755 390 Domino
777 350 953 391 habeas
976 351 1343 392 commendatos

410 422 456 461 17
479 421 702 462 calendas
721 421 847 475 Junii
874 434 998 462 anno
1025 421 1141 463 1554.

404 493 478 533 Ex
499 493 832 533 commissione
853 492 903 532 P.
926 493 1140 545 Mironis,

402 564 550 604 Filius
571 564 792 615 indignus
815 564 944 604 Tuae
965 564 1033 615 P.‚

1174 707 1415 748 ANTONIUS
1445 721 1478 749 A
1508 707 1748 759 QUADRos.

404 918 467 958 In
489 924 663 971 quarta
678 920 894 971 pagina:
917 920 990 961 Ex
1011 921 1315 974 Ulyssipona.

404 990 708 1032 Alz'cvmcmn:
733 992 848 1032 1554.
875 992 1024 1043 Quad.
1049 993 1353 1046 Ulyssipona,
1381 994 1430 1034 16
1449 993 1577 1035 Maii.

1006 1421 1288 1476 GOXOVI

395 1651 588 1689 Annibal
608 1662 634 1688 a
653 1650 878 1689 Coudreto

441 1716 564 1754 Patri
581 1717 751 1764 Ignatio
771 1716 824 1755 de
844 1716 1030 1764 Loyola.

487 1781 713 1830 Messana,
735 1782 777 1819 21
799 1782 906 1830 Maji
925 1783 1018 1819 1554
1038 1783 1062 1818 ¹.

1091 1992 1189 2045 Jhs.

401 2204 547 2244 Molto
568 2203 847 2245 Reverendo
875 2206 923 2246 in
944 2205 1133 2247 Christo
1154 2206 1320 2248 Padre.

399 2275 468 2316 La
488 2276 653 2326 gracia
675 2282 719 2316 et
741 2289 858 2328 pace
880 2278 926 2318 di
948 2277 1133 2319 Christo
1154 2284 1316 2319 nostro
1337 2278 1537 2330 Signore
1560 2290 1744 2331 sempre
1775 2278 1844 2318 sia
1875 2289 1966 2318 con

321 2347 430 2388 tutti
449 2348 543 2388 noi,
567 2347 735 2388 Amen.

399 2418 452 2459 In
472 2420 625 2470 questi
654 2425 843 2471 quattro
874 2421 990 2461 mesi
1015 2433 1109 2462 non
1134 2423 1170 2462 s'
1201 2421 1263 2461 ha
1291 2422 1409 2462 fatto
1443 2433 1553 2462 cosa
1584 2433 1759 2462 nuova.
1787 2421 1845 2461 Et
1875 2433 1963 2472 pur

318 2490 428 2530 nelli
461 2491 583 2531 soliti
617 2492 846 2532 essercitii
885 2492 931 2532 di
966 2493 1207 2543 prediche‚
1246 2493 1426 2534 lettioni
1460 2497 1505 2534 et
1540 2492 1823 2534 confessioni
1857 2491 1962 2532 hasi

317 2561 434 2602 fatto
455 2567 587 2603 tanto
608 2562 762 2605 buono
783 2575 1053 2616 progresso,
1076 2577 1160 2616 per
1180 2566 1336 2616 gratia
1358 2565 1431 2605 del
1452 2564 1672 2616 Signore‚
1696 2563 1782 2604 che
1803 2567 1827 2603 'e
1850 2574 1963 2603 cosa

320 2645 402 2685 per
437 2634 550 2674 dare
583 2636 740 2685 gratia
776 2636 868 2675 alla
896 2647 981 2676 sua
1013 2636 1173 2676 divina
1201 2636 1540 2677 misericordia.
1580 2634 1854 2687 Imperoche
1886 2635 1967 2685 gia

322 2705 407 2746 che
435 2705 482 2746 in
514 2706 797 2757 particolare
833 2719 927 2747 non
954 2719 1072 2748 sono
1100 2719 1208 2748 cose
1237 2708 1296 2749 da
1325 2708 1411 2760 dir,
1444 2708 1492 2748 in
1521 2707 1715 2759 general
1745 2706 1847 2746 diro
1876 2706 1967 2745 alla

320 2777 376 2817 R.
404 2777 454 2819 P.
484 2777 556 2819 V.-
576 2778 661 2818 che
689 2779 819 2819 molti
846 2779 891 2820 di
918 2780 1073 2831 quelli,
1104 2780 1191 2820 che
1212 2779 1520 2832 frequentano
1541 2780 1587 2819 la
1607 2784 1768 2819 nostra
1790 2777 1966 2827 chiesa,

321 2849 399 2899 piu
426 2849 583 2889 hanno
614 2849 765 2890 forma
793 2849 839 2890 di
865 2851 1009 2891 buoni
1035 2851 1244 2902 religiosi
1271 2851 1357 2891 che
1387 2851 1432 2891 di
1454 2850 1666 2891 secolari.
1692 2849 1749 2890 Et
1769 2849 1860 2889 ben
1882 2847 1968 2888 che

375 3010 385 3030 ¹
425 3011 684 3046 Autographae,
703 3015 796 3039 totae
813 3019 914 3039 manu
930 3012 964 3039 P.
983 3012 1162 3040 Annibalis
1178 3013 1210 3040 in
1225 3012 1304 3039 folio
1321 3010 1456 3046 duplici,
1472 3017 1502 3037 n.
1521 3008 1572 3036 155
1586 3012 1620 3036 et
1644 3008 1702 3035 156.
