2168 3437
821 266 905 302 AN.
936 265 1028 303 1554
1676 264 1746 301 595

106 362 300 402 fundere
322 361 464 402 corda
495 361 703 411 discant,
740 362 961 413 quoniam
986 373 1081 401 non
1108 361 1322 401 omnibus
1351 361 1627 401 satisfacere
1658 372 1744 400 nos

107 444 371 485 possumus.
401 431 472 472 De
501 432 622 472 laico
656 438 812 471 autern
845 433 1017 484 populo
1052 433 1168 472 haec
1197 432 1444 472 scribenda
1473 437 1741 482 occurrunt,

109 516 269 544 omnes
295 515 381 543 nos
409 509 538 543 tanto
565 503 741 542 honore
774 514 830 542 ac
859 504 1184 543 aestimatione
1205 504 1449 555 prosequi,
1474 510 1523 543 ut
1544 503 1641 542 fere
1663 513 1747 554 per

108 576 288 627 plateas
308 575 524 614 incedere
545 574 699 625 pudet.
724 573 958 623 Dignetur
979 572 1214 614 Dominus
1240 575 1404 625 largiri
1431 580 1480 614 ut
1507 575 1555 614 in
1581 574 1653 614 die
1682 574 1747 613 iu-

109 645 222 686 dicii
252 657 337 685 sua
365 645 520 695 gratia
553 645 670 685 tales
704 644 999 684 inveniamur
1035 645 1197 696 quales
1233 645 1309 685 hic
1345 657 1468 685 nunc
1501 645 1743 685 habemur.

109 716 274 756 Plures
290 716 380 755 hac
397 715 759 767 quadragesima
774 715 916 755 totius
933 715 1059 754 vitae
1078 715 1420 756 confessionem
1439 722 1744 766 renovarunt,

110 787 332 839 quoniam
353 799 380 826 a
404 788 546 837 longo
568 793 778 838 tempore
799 798 892 826 non
914 792 992 825 aut
1015 798 1254 837 nunquam
1275 788 1409 838 plene
1432 787 1634 827 confessi
1653 786 1746 827 fue-

110 865 232 899 runt.
257 857 500 908 Quaedam
523 857 793 909 religiosae,
817 857 1072 907 instigante
1094 857 1295 908 diabolo,
1320 865 1363 898 et
1386 865 1558 898 statum
1581 865 1624 898 et
1646 870 1748 910 pro-

109 930 362 970 fessionem
381 929 646 980 relinquere
666 934 950 976 statuerunt;
976 929 1217 968 venientes
1249 930 1308 969 ad
1336 941 1423 969 nos
1450 937 1498 969 ut
1525 930 1573 969 vi
1603 929 1748 969 indul-

110 1001 377 1052 gentiarum
399 1012 426 1039 a
447 1001 571 1040 votis
592 1001 689 1040 suis
710 1000 960 1040 exonerari
986 1006 1194 1051 possent,
1217 1000 1298 1040 sed
1321 1001 1408 1040 hoc
1438 1001 1749 1040 confessionis

111 1072 264 1112 medio
286 1070 483 1111 detectis
505 1071 677 1112 diaboli
697 1071 911 1121 fallaciis,
937 1070 995 1110 ad
1016 1071 1258 1122 propriam
1279 1072 1596 1122 cognitionem
1616 1072 1747 1111 redu-

112 1150 231 1193 ctae,
257 1154 362 1183 cum
383 1142 570 1182 fervore
590 1142 930 1194 professionem
952 1153 1086 1182 suam
1109 1143 1356 1194 amplexae
1378 1151 1498 1182 sunt.
1519 1142 1626 1182 Alia
1647 1143 1749 1182 reli—

111 1215 246 1265 giosa
268 1213 500 1265 professa,
524 1225 644 1265 quae
665 1225 749 1265 pro
771 1220 936 1254 sancta
958 1220 1002 1254 et
1031 1213 1233 1253 mirabili
1266 1213 1393 1253 vitae
1421 1214 1749 1264 singularitate

114 1285 172 1325 ab
195 1285 409 1324 omnibus
429 1285 703 1335 habebatur,
728 1285 812 1324 sub
841 1296 931 1336 qua
961 1285 1117 1335 specie
1148 1296 1230 1335 per
1261 1285 1438 1335 aliquot
1467 1296 1615 1324 annos
1647 1296 1748 1324 exe-

114 1356 336 1396 crabilem
357 1356 404 1395 in
424 1356 676 1396 multorum
695 1356 1025 1406 religiosorum
1046 1356 1302 1406 perniciem
1325 1356 1472 1395 vitam
1493 1356 1609 1405 egit,
1636 1367 1748 1395 casu

115 1427 331 1479 quodam,
352 1427 434 1467 sed
454 1426 614 1467 divino
635 1427 760 1467 intus
782 1426 922 1467 ducta
943 1427 1124 1478 spiritu,
1145 1432 1193 1466 ut
1214 1438 1474 1478 speramus,
1495 1425 1554 1466 ad
1571 1437 1658 1466 nos
1675 1438 1750 1465 ve-

112 1498 260 1548 niens,
285 1497 345 1537 ad
365 1503 565 1547 tantam,
589 1497 749 1537 divina
770 1498 1064 1549 operatione,
1089 1498 1160 1537 sui
1181 1498 1498 1548 cognitionem
1520 1504 1564 1537 et
1584 1508 1750 1548 pecca-

112 1576 269 1609 torum
290 1569 633 1619 displicentiam
652 1568 878 1620 perducta
899 1575 982 1618 est,
1007 1576 1055 1608 ut
1077 1569 1235 1608 statim
1256 1568 1518 1608 detestabili
1538 1568 1752 1608 luxuriae

115 1640 214 1680 Vita
238 1640 446 1690 deserta,
471 1639 529 1680 ad
551 1651 735 1680 omnem
758 1651 871 1680 suae
900 1639 1207 1691 professionis
1240 1639 1621 1679 constitutionem
1649 1639 1753 1679 stri-

117 1717 191 1751 cte
215 1711 561 1751 observandam
581 1722 630 1750 se
652 1722 791 1762 quam
811 1711 1160 1762 paratissimam
1183 1712 1452 1762 praeberet;
1480 1718 1754 1761 perseverat

116 1782 164 1822 in
187 1782 443 1833 lachrymis
465 1788 509 1822 et
529 1783 711 1822 occulta
733 1782 1039 1836 poenitentia,
1063 1782 1197 1822 freno
1219 1783 1374 1833 potius
1396 1793 1535 1833 quam
1563 1782 1754 1822 calcari-

114 1854 201 1893 bus
222 1852 403 1904 indiga;
427 1853 496 1893 sic
526 1854 650 1893 enim
678 1853 792 1893 mihi
820 1860 984 1905 postea
1014 1854 1170 1893 retulit
1198 1864 1373 1904 magna
1402 1854 1755 1904 lachrymarum

113 1924 418 1965 inundatione
446 1924 657 1976 perfusa,
695 1936 743 1964 se
769 1925 925 1976 gratia
953 1923 1043 1964 Dei
1072 1925 1211 1964 malle
1238 1925 1363 1964 mille
1391 1925 1547 1964 subire
1578 1932 1753 1964 mortes

115 2007 254 2048 quam
274 2007 418 2035 unum
438 1996 564 2036 Vitae
585 1996 867 2047 praeteritae
889 1996 1115 2036 reiterare
1136 2001 1398 2047 peccatum.

193 2067 374 2107 Verum
394 2078 488 2107 non
508 2067 597 2107 hoc
618 2067 800 2107 silentio
823 2067 1217 2118 praetereundum
1237 2073 1443 2117 autumo,
1464 2067 1587 2118 quod
1611 2067 1753 2106 etiam

114 2138 417 2189 gravioribus
445 2138 672 2178 obnoxios
700 2139 909 2190 peccatis
938 2150 1036 2178 non
1063 2150 1231 2190 parum
1259 2138 1485 2178 exterruit
1514 2138 1753 2189 compulit-

116 2221 205 2261 que
242 2209 301 2249 ad
336 2209 639 2249 maturiorem
671 2209 937 2249 faciendam
972 2209 1341 2259 confessionem,
1380 2209 1620 2257 nimirum,
1658 2216 1755 2249 tam

117 2286 255 2321 nocte
277 2292 418 2332 quam
439 2280 512 2320 die
533 2279 581 2319 z'n
602 2291 743 2320 coena
763 2280 983 2331 Domini,
1005 2281 1206 2321 diversis
1230 2281 1414 2321 Vicibus
1442 2288 1597 2321 tantos
1626 2281 1755 2320 hisce

120 2352 167 2391 in
188 2352 304 2391 locis
327 2351 581 2402 contigisse
601 2358 938 2403 terraemotus,
963 2357 1165 2402 quantos
1185 2363 1212 2391 a
1234 2352 1332 2392 vita
1353 2352 1555 2392 hominis
1576 2351 1658 2391 vix
1679 2351 1761 2391 hic*

122 2422 322 2474 posteris
342 2422 559 2462 relictum
580 2428 778 2463 constet.

198 2493 273 2534 Ad
293 2494 646 2533 venerationem
666 2494 991 2534 sanctissimae
1012 2494 1338 2534 Eucharistiae
1360 2494 1452 2534 hoc
1474 2505 1660 2545 quoque
1682 2505 1755 2533 ac-

118 2565 278 2614 cessit,
312 2564 438 2615 quod
472 2564 607 2616 quasi
640 2564 740 2604 sine
774 2565 1067 2616 reverentia,
1107 2566 1247 2605 unica
1283 2565 1528 2605 dumtaxat
1563 2565 1756 2604 incensa

119 2636 338 2686 candela,
362 2634 420 2674 ad
448 2634 658 2675 infirmos
684 2635 863 2686 portari
884 2636 1023 2685 solet,
1054 2648 1107 2676 eo
1130 2636 1224 2676 iam
1251 2636 1529 2686 perductum
1556 2642 1627 2675 est
1657 2641 1756 2675 tum

118 2706 315 2759 publicis
335 2705 661 2756 concionibus,
685 2717 823 2757 quas,
847 2706 983 2746 solito
1008 2718 1139 2746 more
1160 2707 1276 2746 alias
1299 2706 1521 2756 indicato,
1552 2707 1655 2746 loco
1676 2718 1756 2757 pa-

118 2778 259 2819 storis
278 2788 552 2830 prosequor,
576 2783 676 2816 tum
696 2777 895 2828 privatis
917 2777 1344 2827 adhortationibus,
1375 2783 1424 2817 ut
1445 2778 1595 2818 tribus
1621 2778 1756 2817 later-

119 2851 212 2900 nis,
237 2849 416 2889 duabus
438 2854 517 2888 aut
537 2848 685 2888 tribus
704 2847 886 2888 facibus
913 2849 1045 2888 iuxta
1072 2849 1297 2900 placitum
1317 2849 1571 2900 portantis,
1602 2849 1758 2889 debito

119 2911 299 2961 honore
321 2925 366 2960 et
385 2919 652 2959 reverentia
671 2924 887 2971 portatur
910 2918 969 2959 ad
993 2918 1220 2959 infirmos.

203 2991 352 3043 Saepe
395 2999 624 3031 vocamur
656 2989 715 3030 ad
758 2990 1149 3030 circumiacentes
1190 2991 1406 3031 civitates
1436 2997 1480 3031 et
1513 2991 1755 3042 coenobia,

123 3075 208 3115 pro
229 3073 411 3102 summa
432 3061 628 3101 habetur
648 3061 802 3112 gratia
825 3061 974 3101 sicubi
994 3067 1157 3102 nostra
1188 3060 1323 3102 detur
1350 3062 1618 3113 praesentia
1650 3061 1756 3103 frui.
