2168 3437
856 299 939 336 ΑΝ.
971 299 1064 336 1554
1705 302 1778 339 565

753 748 1133 803 OOLXXVH

199 977 398 1024 Jacobus
418 977 572 1014 Duran

250 1041 371 1080 Patri
388 1042 558 1089 Ignatio
579 1041 632 1079 de
651 1041 836 1089 Loyola.

295 1107 552 1154 Methymna
573 1106 738 1155 Campi,
759 1107 806 1144 25
823 1107 1023 1154 Januarii
1045 1108 1137 1146 1554
1158 1109 1184 1145 ¹.

907 1436 1005 1478 IHS

208 1648 478 1689 Admodum
498 1648 599 1689 Rfle
626 1650 672 1689 in
694 1649 776 1690 X.⁰
798 1649 959 1690 Pater:

209 1719 376 1760 Gratia
406 1727 449 1760 et
484 1732 578 1772 pax
612 1720 784 1761 Christi
817 1721 929 1773 Jesu
961 1720 1152 1761 Domini
1186 1723 1336 1763 nostri
1362 1723 1596 1774 praesidio
1625 1730 1765 1776 atque

126 1791 305 1831 auxilio
327 1791 408 1831 tibi
430 1791 487 1831 sit
510 1803 707 1842 semper.

203 1862 334 1913 Quae
355 1862 430 1902 hic
452 1869 692 1913 gerantur,
712 1874 912 1914 quorum
931 1868 976 1902 te
999 1869 1180 1903 certum
1195 1863 1352 1904 facere
1375 1876 1546 1916 operae
1565 1866 1766 1917 pretium

118 1932 362 1984 duximus,
387 1945 445 1973 ex
465 1933 537 1973 his
558 1933 725 1984 literis,
747 1933 887 1973 Pater
908 1933 1263 1986 benignissime,
1289 1936 1506 1987 accipies.
1532 1936 1583 1977 Id
1610 1943 1767 1977 autern

121 2004 272 2055 primo
301 2016 403 2044 sese
431 2004 565 2044 offert
594 2004 717 2056 quod
750 2005 795 2044 in
823 2004 1019 2056 Collegii
1049 2004 1186 2056 hujus
1214 2013 1313 2046 tum
1341 2007 1465 2046 vivis
1495 2013 1593 2047 tum
1624 2008 1766 2048 etiam

120 2075 320 2115 terrenis
350 2075 580 2127 lapidibus
606 2087 690 2127 per
716 2087 826 2115 suos
853 2076 939 2115 hos
971 2076 1189 2127 indignos
1217 2077 1403 2128 quidem
1431 2077 1548 2118 filios
1577 2080 1764 2130 operari

119 2145 341 2196 dignatus
363 2152 432 2186 est
453 2145 698 2197 Dominus3
722 2146 800 2197 qui
822 2146 860 2186 si
882 2146 1020 2186 modo
1043 2147 1208 2187 adesse
1230 2148 1357 2199 velit,
1384 2149 1442 2188 ad
1464 2161 1660 2201 annum,
1686 2151 1763 2202 qui

118 2216 331 2268 proxime
354 2217 511 2268 instat,
530 2217 702 2257 bonam
724 2229 1040 2270 magnamque
1056 2225 1240 2270 partem
1260 2219 1383 2259 illius
1401 2220 1759 2272 confecerimus,

118 2300 210 2341 quo
227 2287 530 2328 paternitatis
546 2288 674 2329 Tuae
694 2289 772 2340 pia
792 2295 903 2329 Vota
921 2289 1212 2330 commodius
1228 2302 1478 2342 capessere
1495 2292 1758 2343 valeamus,

117 2360 199 2400 ubi
220 2359 406 2411 quidem
425 2360 677 2400 lectionum
706 2360 876 2400 seriem
898 2367 1035 2411 atque
1062 2361 1274 2410 modum,
1305 2373 1443 2413 quem
1472 2362 1596 2402 italis
1625 2364 1760 2403 colle-

119 2430 211 2482 giis
231 2430 331 2470 Tua
352 2430 616 2470 Paternitas
637 2430 865 2471 hactenus
886 2431 1211 2483 praescripsit,
1241 2432 1425 2472 facilius
1455 2445 1759 2484 exequamur.

119 2501 238 2542 Cum
271 2501 395 2541 enim
429 2501 627 2552 collegia
661 2501 841 2554 reliqua
877 2514 935 2541 ex
962 2502 1064 2553 ipsa
1091 2503 1385 2543 nascentium
1416 2503 1570 2544 indole
1600 2504 1761 2556 fruges

119 2573 214 2613 iam
234 2572 550 2624 suppeditent,
574 2572 695 2612 unde
718 2572 828 2623 quid
848 2579 1035 2613 matura
1057 2579 1210 2614 aetate
1233 2580 1277 2613 et
1308 2574 1494 2614 Christo
1522 2575 1640 2615 duce
1669 2576 1761 2616 sint

116 2643 329 2696 paritura
351 2643 397 2682 in
417 2649 637 2694 promptu
658 2648 728 2682 est
759 2654 972 2694 cernere,
1004 2657 1062 2684 ex
1089 2645 1177 2684 hoc
1208 2644 1349 2685 etiam
1378 2646 1529 2695 agello
1561 2657 1759 2697 proven-

114 2720 216 2754 tum
241 2726 334 2754 non
365 2720 615 2765 utcumque
650 2714 862 2764 uberem,
898 2714 1016 2755 faxit
1042 2715 1297 2765 Dominus,
1327 2715 1536 2756 vicissim
1567 2727 1760 2767 sperare

117 2785 292 2836 licebit,
325 2792 421 2825 tam
456 2784 643 2824 assidua
678 2785 878 2825 lectione
914 2797 1054 2837 quam
1090 2798 1176 2837 ope
1213 2785 1422 2826 adhibita
1459 2787 1759 2829 conscientiis

113 2856 399 2896 exulceratis
419 2856 631 2895 virorum
650 2855 742 2895 huc
764 2855 1116 2907 confluentium,
1141 2868 1365 2908 quorum,
1390 2863 1583 2910 propter
1604 2870 1757 2911 empo—

114 2927 236 2967 rium
258 2927 461 2977 celebre,
484 2938 596 2978 pars
616 2937 787 2978 magna
810 2932 896 2968 est.
930 2927 1018 2967 Hic
1041 2927 1164 2968 enim
1184 2928 1404 2980 populus,
1429 2929 1650 2980 quoniam
1676 2942 1757 2971 nu—

170 3064 180 3083 ¹
221 3064 469 3098 Autographae
486 3063 519 3090 in
535 3063 612 3090 folio
628 3063 763 3097 duplici.
778 3070 808 3089 n.
825 3062 997 3090 32l.-Eas
1013 3070 1134 3091 severe
1145 3062 1334 3098 castigavit
1347 3065 1482 3099 ignotus
1495 3065 1643 3099 quidam,
1656 3067 1755 3101 plura

112 3111 231 3137 delens
246 3116 280 3137 et
296 3111 486 3138 deletorum
500 3111 574 3137 loco
590 3111 756 3145 quaedam
779 3110 1001 3144 substituens,
1017 3115 1053 3137 ut
1074 3110 1191 3137 videre
1204 3114 1256 3138 est
1272 3111 1372 3139 infra.
