2168 3437
861 275 944 313 AN.
976 276 1067 313 1553
1717 278 1781 316 131

150 371 223 412 nis
245 383 373 412 more
391 372 573 423 patriae
601 378 790 412 nostrae
818 372 983 412 offerre
1010 372 1098 412 hoc
1126 384 1250 412 novo
1277 372 1387 412 anni
1414 372 1561 412 initio.
1595 372 1667 413 Oh
1694 373 1781 413 fra-

151 449 247 483 tres
267 443 416 483 nostri
436 443 482 482 in
504 442 690 483 Christo
712 443 814 483 Iesu
837 442 1142 492 dilectissimi,
1167 444 1316 483 obviis
1333 444 1534 495 excipite
1553 445 1673 484 ulnis
1693 444 1782 484 fra-

151 521 312 554 ternae
335 514 594 554 dilectionis
622 514 872 563 xeniolum,
904 514 1027 565 quod
1057 515 1329 565 pauperculi
1356 514 1526 555 fratres
1557 516 1704 555 vestri
1725 528 1785 555 ex

151 585 325 626 intimis
361 584 515 625 cordis
557 585 873 636 penetralibus
915 584 1128 625 offerunt:
1166 585 1436 626 Mellifluum
1470 598 1640 626 nomen
1680 587 1784 627 Iesu

152 668 257 696 cum
292 657 470 696 corolla
497 662 541 696 et
569 656 743 696 ambitu
771 667 829 696 ex
863 656 991 696 hisce
1026 656 1215 696 floribus
1243 664 1287 696 et
1320 659 1518 708 gemmis
1550 665 1780 698 conserta.

150 727 254 767 Iesu
280 739 451 767 nomen
486 727 625 767 corde
656 727 916 777 colendum,
955 739 1034 767 ore
1056 728 1358 778 laudandum,
1393 730 1600 769 moribus
1635 729 1784 780 expri-

150 797 384 838 mendum.
403 798 489 838 Eia
506 798 664 849 igitur,
685 810 711 838 o
725 797 895 838 fratres
913 797 1192 848 charissimi,
1211 798 1393 839 fortiter
1411 800 1590 850 pergite
1609 800 1674 850 (ut
1690 800 1785 841 feli-

151 869 267 909 citer
302 869 537 920 coepistis)
573 881 745 909 nomen
780 869 883 909 Iesu
912 869 972 909 ad
997 876 1125 909 astra
1162 870 1337 920 tollere,
1371 870 1523 910 [esum
1554 883 1686 922 voce,
1723 872 1786 912 Ie-

151 951 254 979 sum
279 952 395 980 sana
423 940 659 989 doctrina,
690 940 842 980 Iesum
877 940 1097 991 operibus
1133 940 1408 991 praedicare
1437 942 1520 981 toti
1551 949 1782 983 terrarum

150 1010 265 1061 orbi,
290 1023 349 1051 ex
369 1023 459 1062 quo
482 1011 574 1051 iam
596 1023 714 1062 pene
735 1011 958 1051 exulavit.
986 1010 1214 1062 Optamus
1242 1023 1330 1052 vos
1358 1014 1683 1053 communibus
1704 1026 1784 1054 vo-

150 1081 207 1122 tis
229 1093 370 1133 quarn
391 1082 564 1133 optime
584 1082 630 1122 in
652 1082 931 1122 Iesuchristo
955 1093 1118 1122 omnes
1138 1083 1312 1133 valere,
1337 1084 1570 1134 supplices
1593 1092 1783 1125 orantes

149 1158 198 1192 ut
215 1158 428 1193 nostrum
448 1153 494 1193 in
516 1153 825 1193 sanctissimis
845 1153 1018 1193 vestris
1038 1154 1256 1204 precibus
1277 1166 1509 1195 memores
1531 1156 1650 1195 sitis.

230 1224 358 1264 Tuae
380 1224 659 1275 sanctitatis,
681 1225 975 1265 observande
993 1224 1148 1275 Pater,
1168 1225 1547 1276 flagrantissimis
1565 1228 1784 1267 orationi-

150 1295 235 1335 bus
255 1307 341 1336 nos
376 1307 538 1336 omnes
560 1295 729 1336 devote
765 1296 1162 1345 commendamus,
1187 1308 1303 1348 quos
1324 1297 1376 1337 T.
1410 1297 1459 1336 P.
1490 1299 1670 1348 gremio
1700 1310 1785 1338 suo

150 1366 402 1407 confovere
423 1378 516 1406 non
538 1366 735 1417 desinat,
759 1378 899 1418 quam
920 1368 1056 1407 nobis
1072 1367 1350 1408 incolumem
1371 1379 1510 1418 quam
1527 1368 1788 1410 diutissime

149 1431 402 1478 conservet
422 1438 608 1478 bonitas
629 1437 914 1478 Iesuchristi.
1379 1430 1381 1432 ’

232 1509 468 1560 Coloniae,
493 1521 616 1550 anno
636 1510 752 1560 1553,
772 1509 797 1548 4
816 1509 875 1550 id.
896 1510 1055 1550 Ianua.

230 1580 303 1621 Ex
323 1581 545 1621 mandato
562 1580 827 1621 Reverendi
849 1581 897 1621 P.
916 1582 1166 1621 Leonardi.

231 1651 359 1692 Tuus
382 1652 429 1692 in
455 1651 642 1692 Christo
659 1652 762 1692 Iesu
784 1652 966 1703 filiolus,

662 1794 919 1835 GERARDUS
941 1795 1188 1846 BRASSICA,
1212 1808 1572 1837 DORDRACENSIS.

234 2007 619 2059 Superscrz‘ptz'o:
650 2007 751 2048 R.d0
779 2009 902 2059 patri
929 2009 1111 2060 Ignatio
1140 2009 1196 2050 de
1217 2010 1393 2061 Loiola,
1427 2010 1676 2051 Societatis
1710 2022 1790 2050 no-

152 2078 290 2119 minis
311 2078 412 2119 Iesu
435 2079 633 2119 antistiti
652 2079 1029 2130 vigilantissimo,
1054 2079 1244 2121 Romae.

232 2149 344 2190 Alia
365 2161 536 2190 manu:
560 2149 676 2207 1553.
699 2149 849 2201 Quad.
873 2150 1059 2202 Coloni,
1083 2151 1108 2190 4
1130 2151 1188 2192 id.
1209 2151 1304 2192 Ian.

233 2221 298 2260 Et
313 2220 410 2261 alia
421 2233 435 2261 .·
455 2220 608 2260 R.-5.
