2168 3437
927 298 1010 333 Ax.
1042 297 1132 335 1553
1778 299 1845 334 471

211 399 335 444 sunt,
356 393 677 434 traducantur:
695 394 792 445 sed,
810 406 869 434 ne
889 406 993 435 eam
1014 395 1073 435 ad
1094 395 1219 435 hunc
1241 407 1385 447 usque
1406 396 1528 436 diem
1550 396 1843 446 concederet,

213 464 444 516 quaedam
465 471 634 504 eventa
654 464 955 516 impedivere:
975 477 1087 517 prae
1104 477 1153 506 se
1174 465 1263 506 fert
1284 472 1440 506 tamen
1461 467 1507 507 id
1527 466 1729 507 faciendi
1751 467 1845 506 ani-

213 545 341 574 mum
374 535 532 575 statim
562 541 611 576 ut
641 547 723 587 per
753 541 934 587 tempus
960 536 1156 576 licuerit.
1186 537 1412 577 Melchior
1443 537 1715 578 Lamesides
1746 536 1755 556 ¹
1787 536 1847 577 ad

210 617 286 645 me
307 606 493 657 scripsit
513 617 563 646 se
585 606 644 646 ad
665 605 821 647 Gades
838 607 1058 647 nuncium
1079 618 1185 647 cum
1205 608 1412 659 epistolis
1434 608 1615 648 misisse
1635 607 1662 657 ²3
1688 614 1846 648 utrum

215 677 397 717 venerit
417 677 542 717 haud
564 678 778 729 equidem
798 677 909 717 scio.
932 677 1043 718 Sum
1065 678 1403 729 aliquantulum
1424 679 1605 729 anxius,
1626 691 1732 719 cum
1752 679 1846 719 ani-

214 747 508 787 madvertam
528 748 754 799 pecuniae
776 748 958 788 debitae
979 748 1101 788 diem
1127 749 1298 800 partim
1329 749 1518 800 exiisse,
1548 750 1719 801 partim
1744 761 1847 801 pro-

216 817 397 868 pediem
425 819 680 870 exiturum,
714 830 804 870 quo
834 818 882 859 fit
909 824 959 858 ut
989 817 1235 859 soenorum
1262 831 1379 859 onus
1408 820 1455 860 in
1482 832 1555 860 me
1582 821 1778 871 gravius
1802 821 1849 860 in

210 888 313 928 dies
339 889 544 929 inclinet.
575 888 720 941 Spero
749 896 904 930 tamen
933 889 1189 930 Dominum
1215 896 1429 930 nostrum
1457 891 1631 943 aliquid
1656 891 1849 931 remedii

213 960 262 999 in
282 965 413 1000 tanta
434 961 713 1000 necessitate
735 962 999 1001 allaturum:
1019 972 1125 1000 cum
1141 962 1422 1012 praesertim
1441 962 1669 1013 intelligat
1691 963 1847 1002 omnia

213 1030 275 1071 ad
294 1030 571 1071 miserarum
593 1032 855 1072 animarum
877 1032 1074 1071 salutem
1095 1031 1269 1082 parari,
1292 1044 1349 1071 ne
1372 1038 1580 1083 pereant.

291 1100 493 1142 Puerum
519 1102 766 1152 quemdam
793 1096 1044 1142 lusitanum
1074 1114 1132 1142 ex
1161 1112 1277 1153 agro
1306 1102 1558 1153 Eborensi,
1589 1108 1722 1154 patre
1753 1115 1846 1143 ma<

212 1178 376 1224 treque
407 1173 643 1222 orbatum,
674 1184 729 1212 ac
760 1173 972 1213 omnibus
1002 1178 1248 1224 praeterea
1277 1173 1416 1212 rebus
1442 1173 1739 1224 destitutum,
1773 1174 1847 1214 hic

215 1243 402 1283 tertium
435 1243 530 1283 iam
559 1245 663 1295 plus
697 1244 850 1283 minus
877 1255 1086 1284 mensem
1112 1244 1237 1294 apud
1266 1255 1338 1283 me
1373 1243 1664 1295 redemptum
1698 1244 1847 1285 habeo

209 1326 377 1355 veorum
397 1315 606 1365 nomine,
631 1314 797 1366 quibus
823 1315 1017 1367 Joannis
1043 1314 1260 1354 Monterii
1286 1314 1492 1354 doctoris
1518 1320 1847 1355 testamentum

214 1397 356 1426 curae
377 1393 461 1426 est.
487 1385 634 1436 Quem
654 1386 879 1426 liberasse
901 1386 985 1426 fuit
1005 1385 1215 1437 profecto
1237 1387 1470 1426 maximae
1500 1385 1707 1436 pietatis,
1742 1398 1848 1426 cum

213 1468 437 1508 magnum
459 1457 500 1497 ei
520 1457 778 1508 periculum
808 1456 1084 1496 immineret.
1112 1456 1284 1507 Mauri,
1314 1457 1361 1496 in
1389 1469 1588 1509 quorum
1614 1457 1848 1508 mancipio

212 1529 289 1568 ille
310 1528 476 1577 fuerat,
501 1528 590 1567 huc
612 1527 672 1568 ad
693 1527 973 1579 exigendam
994 1528 1242 1579 pecuniam
1263 1539 1451 1578 venere,
1475 1535 1523 1568 ut
1545 1529 1732 1568 omnino
1754 1541 1847 1568 non

211 1602 443 1651 potuerim
464 1599 574 1651 quin
590 1605 771 1650 partem
792 1600 858 1639 eis
876 1599 1079 1651 aliquam
1092 1600 1426 1650 persolverem.
1450 1598 1664 1639 Admone
1680 1606 1743 1650 tu,
1763 1599 1845 1639 Pa-

210 1676 296 1721 ter,
316 1682 396 1711 eos
417 1670 542 1710 hunc
564 1671 798 1722 captivum
822 1671 959 1710 simul
980 1682 1086 1710 cum
1107 1670 1224 1720 aliis,
1246 1670 1323 1722 qui
1342 1682 1486 1722 penes
1507 1681 1579 1710 me
1601 1676 1722 1721 sunt,
1742 1682 1844 1722 pro-

209 1741 392 1793 pediem
419 1742 624 1793 Abylam
655 1741 668 1759 ⁵
696 1742 1032 1793 profecturum,
1063 1742 1170 1782 inde
1200 1742 1248 1781 in
1277 1742 1416 1781 istam
1446 1742 1685 1782 civitatem
1716 1748 1764 1782 ut
1794 1753 1843 1781 se

208 1813 364 1864 sistat;
387 1825 532 1853 unum
552 1813 598 1853 id
618 1813 874 1864 expectari,
897 1819 946 1853 ut
968 1813 1102 1853 huius
1124 1813 1302 1853 castelli
1323 1812 1588 1864 praefectus
1608 1813 1843 1853 licentiam

210 1884 308 1924 eius
343 1884 411 1924 rei
441 1884 689 1924 concedat:
720 1896 845 1932 eum,
876 1885 1095 1935 expensis
1125 1884 1402 1935 tributisque
1432 1884 1708 1933 numeratis,
1742 1885 1843 1936 plus

206 1955 466 2006 nonaginta
487 1955 641 1995 aureis
663 1961 903 1996 constare:
928 1967 1046 2007 quae
1068 1956 1107 1995 si
1127 1955 1264 1995 nimis
1286 1955 1375 1995 illis
1403 1955 1598 2006 grandis
1628 1955 1842 1997 videatur

209 2026 407 2078 pecunia
428 2027 660 2078 (quamvis
680 2038 790 2067 raro
813 2033 892 2067 aut
922 2038 1161 2078 nunquam
1188 2027 1344 2066 evenit
1369 2032 1419 2066 ut
1446 2027 1699 2066 Lusitanus
1728 2039 1842 2078 puer

209 2097 403 2138 minoris
424 2097 706 2148 addicatur),
731 2098 971 2149 octoginta
1000 2097 1202 2147 mittant,
1236 2098 1440 2149 reliquos
1472 2109 1559 2149 ego
1587 2098 1685 2149 ipse
1712 2110 1738 2138 a
1769 2109 1841 2137 me

207 2168 413 2208 solvam:
437 2167 518 2208 sed
540 2169 578 2208 si
599 2168 989 2209 animadverteris
1010 2181 1089 2209 eos
1110 2169 1297 2209 nonnisi
1318 2181 1376 2208 ex
1397 2169 1639 2220 promissis
1659 2174 1840 2220 septua-

206 2239 339 2289 ginta
360 2239 472 2279 dare
493 2240 632 2288 velle,
657 2240 880 2291 accipito:
904 2251 1187 2292 quamquam
1207 2246 1318 2291 quot
1339 2239 1453 2280 mihi
1474 2239 1841 2279 subveniendum

206 2310 268 2350 sit
287 2311 644 2351 necessitatibus
665 2312 791 2351 solus
812 2311 910 2363 ipse
932 2311 1059 2351 Deus
1079 2311 1225 2351 novit.
1250 2311 1310 2351 Hi
1339 2323 1540 2362 namque
1567 2310 1743 2362 captivi
1772 2316 1839 2350 tot

206 2393 237 2420 a
257 2392 351 2431 me,
374 2387 472 2421 tum
492 2382 702 2433 scriptis,
725 2389 822 2422 tum
843 2382 1024 2431 verbis,
1048 2384 1298 2433 postulant,
1323 2388 1371 2421 ut
1392 2382 1557 2421 videns
1579 2393 1650 2421 me
1672 2393 1731 2421 ex
1751 2382 1840 2421 illis

207 2463 371 2492 eorum
401 2452 608 2492 omnium
636 2453 993 2493 necessitatibus
1020 2453 1245 2493 auxilium
1273 2452 1438 2492 afferre
1471 2452 1659 2492 minime
1686 2464 1836 2503 posse,

208 2534 421 2563 moerore
442 2535 558 2574 pene
581 2523 822 2564 conficiar:
845 2524 926 2564 sed
953 2525 1096 2564 multo
1126 2524 1367 2575 graviore,
1404 2535 1509 2563 cum
1530 2523 1666 2563 video
1699 2535 1839 2575 quam

207 2594 380 2634 multae
403 2594 607 2645 animae,
633 2594 722 2634 hoc
743 2595 841 2635 solo
864 2595 1070 2646 nomine,
1096 2595 1204 2647 quia
1224 2606 1318 2634 non
1339 2601 1445 2634 sunt
1465 2594 1716 2646 pecuniae,
1748 2594 1840 2635 sint

205 2665 416 2705 interitui
443 2665 701 2716 proximae.
735 2664 890 2717 Atque
925 2666 1047 2706 hanc
1079 2666 1326 2717 pecuniam
1360 2676 1442 2716 per
1476 2666 1750 2716 syngrapha
1780 2665 1839 2705 ad

205 2735 494 2776 Clementem
525 2735 835 2776 Claudianum
865 2734 899 2785 ⁴,
937 2737 1015 2788 qui
1048 2736 1256 2777 Gadibus
1288 2742 1494 2787 praeest,
1533 2736 1645 2775 mihi
1680 2736 1839 2776 mittas

209 2807 362 2846 velim.

261 2919 272 2939 ¹
311 2919 496 2953 Hispanice
518 2922 570 2946 est
591 2918 746 2946 Melchor
766 2920 808 2946 de
829 2919 863 2946 Ia
885 2919 1032 2951 illeside,
1055 2924 1088 2947 et
1112 2927 1184 2947 esse
1206 2919 1341 2946 videtur
1364 2917 1522 2944 banchus
1544 2925 1603 2944 seu
1623 2918 1840 2946 bancharz'us

206 2966 358 3000 quidam,
374 2966 430 3001 qui
445 2965 649 3002 Ulyssipone
665 2971 698 2993 et
714 2967 834 3000 Abylae
850 2967 985 3000 (Ceuta)
1000 2967 1085 2994 haec
1101 2974 1162 3000 pro
1177 2966 1278 2993 Patre
1294 2965 1408 2993 Nuficz
1424 2965 1562 2999 negotia
1577 2966 1731 3000 gerebat.

260 3013 274 3032 ²
311 3013 495 3048 Hispanice
511 3014 690 3047 embz'arci,
707 3014 903 3041 missurum
915 3021 928 3045 ,·
948 3018 983 3041 at
1002 3013 1114 3042 sensui
1138 3017 1170 3040 et
1186 3013 1360 3040 contextui
1376 3012 1495 3039 melius
1513 3013 1654 3039 misisse
1669 3015 1837 3047 congruit.

258 3060 273 3080 ³
310 3061 439 3089 Urbem
455 3061 573 3088 Cezcta.

258 3108 273 3128 4
311 3108 398 3136 Vide
414 3116 528 3144 supra,
544 3116 622 3144 pag.
634 3109 687 3137 405
701 3113 734 3137 et
749 3110 811 3136 406.
