2168 3437
396 191 442 229 24
909 195 1139 233 LlTTERAE
1165 205 1524 239 QUADmMEsTREs

397 299 527 340 sens;
551 295 595 329 et
615 290 778 331 hortus
801 283 1002 332 iste‘non
1030 293 1194 343 procul
1222 292 1279 331 ab
1300 292 1396 332 'hac
1424 298 1585 332 nostra
1615 292 1751 334 domo
1782 300 1825 334 et
1854 307 1880 334 a
1909 295 2034 335 dicto

398 360 596 411 collegio
618 361 774 402 distat.
798 363 975 403 Hortus
996 363 1071 402 ille
1093 369 1189 402 tam
1210 368 1279 403 est
1302 364 1506 415 amplus,
1529 369 1578 404 ut
1599 365 1741 404 etiam
1761 366 1916 417 amplo
1944 366 2034 406 001-

398 431 523 482 legio
544 432 757 473 sufficere
778 440 956 485 posset,
981 434 1064 474 sed
1084 434 1317 474 modicum
1339 434 1455 474 situs
1477 439 1546 476 est
1572 441 1706 489 extra
1739 447 2033 477 communem

397 503 546 554 viam,
583 503 629 543 in
665 504 835 556 oppido
870 512 1048 556 tamen,
1086 517 1172 545 nec
1207 512 1304 545 tam
1338 507 1501 557 procul
1536 519 1563 546 a
1586 492 1759 549 *nostra
1790 508 2030 559 parochia,

397 585 539 625 quam
568 576 691 626 apud
718 588 805 616 vos
841 575 1042 616 Sanctus
1076 576 1265 616 Marcus
1296 589 1322 616 a
1350 583 1508 617 vestro
1544 579 1741 630 collegio
1771 578 1797 619 ¹.
1828 578 1965 630 Quod
1995 579 2034 619 si

397 646 551 696 placet
571 645 625 686 R.
650 647 709 687 V.
733 653 782 687 ut
803 646 914 687 dicti
934 647 1110 687 domini
1131 654 1331 699 pergant
1353 648 1399 687 in
1428 649 1517 689 1100
1539 660 1700 700 opere,
1732 661 1955 701 rogamus
1983 656 2034 690 ut

397 717 531 757 nobis
570 717 839 769 significare
879 719 1111 770 dignetur.
1154 718 1335 759 Norunt
1373 719 1544 759 fratres
1588 721 1798 772 romani,
1841 721 1917 773 qui
1956 721 2034 761 ali-

397 788 583 840 quando
613 790 813 829 Lovanii
843 795 1061 841 egerunt,
1092 789 1202 841 quid
1229 790 1288 830 sit
1320 790 1375 830 de
1403 790 1492 830 hoc
1521 790 1729 842 Collegio
1757 803 1839 832 seu
1866 792 2033 844 paeda-

399 859 540 911 gogio
574 860 779 901 Liliensi.
817 861 1018 913 Cuperet
1049 860 1236 911 Regens
1265 873 1350 901 nos
1385 862 1447 901 ibi
1480 862 1714 913 habitare,
1752 863 2035 903 constituere

397 937 658 982 regentem,
690 939 733 973 et
761 933 946 983 plenam
971 931 1346 983 jurisdictionem
1380 933 1576 985 habere,
1610 934 1732 974 sicut
1761 933 2035 975 Standonici

397 1003 445 1042 in
474 1001 777 1055 Paedagogio
810 1003 1035 1044 Porcensi
1054 1003 1082 1041 ⁸².
1113 1004 1184 1044 De
1210 1003 1299 1044 hoc
1330 1015 1444 1055 ergo
1473 1005 1602 1045 satis.
1641 1005 1744 1045 Hoc
1778 1006 1927 1045 solum
1958 1006 2033 1046 ad-

398 1074 533 1123 dam,
557 1074 680 1126 quod
700 1075 748 1114 hi
769 1075 879 1115 dicti
902 1075 1077 1115 domini
1099 1081 1317 1126 optarent
1347 1087 1489 1115 unum
1518 1088 1575 1115 ex
1602 1076 1815 1127 patribus
1844 1077 2032 1127 nostris,

396 1144 477 1196 qui
494 1144 775 1185 Germanice
791 1146 1164 1189 concionaretur:
1191 1146 1257 1186 sic
1275 1146 1493 1186 nimirum
1509 1146 1716 1187 futurum
1734 1153 1783 1187 ut
1799 1147 2035 1188 licentiam

399 1216 457 1256 ab
479 1215 789 1268 Imperatore,
814 1222 858 1257 et
880 1217 1052 1269 oppido
1075 1223 1119 1257 et
1139 1218 1282 1269 vulgo
1306 1217 1443 1257 facile
1465 1218 1809 1269 impetraretur.

474 1287 608 1338 Quod
629 1288 688 1327 ad
708 1288 1024 1328 exercitantes
1044 1291 1232 1339 attinet,
1267 1290 1416 1329 solum
1446 1290 1636 1330 unicum
1663 1291 1765 1331 istis
1795 1291 2032 1331 mensibus

396 1357 645 1398 habuimus
667 1359 714 1398 in
735 1359 972 1399 exercitiis
993 1360 1071 1411 qui
1092 1365 1161 1400 est
1188 1360 1368 1411 primus
1400 1361 1567 1401 domus
1595 1361 1666 1411 (ut
1695 1364 1891 1410 vocant)
1923 1361 2035 1402 dicti

396 1428 684 1481 Paedagogii
720 1429 958 1481 Lssiensis,
988 1431 1077 1471 hoc
1109 1442 1231 1471 anno
1255 1443 1361 1472 cum
1390 1432 1615 1472 fratribus
1646 1433 1821 1473 nostris
1853 1444 2034 1484 promo-

392 1500 588 1551 vendus,
612 1500 714 1541 Deo
732 1502 931 1541 volente.

471 1571 556 1612 Est
573 1571 762 1623 juvenis
782 1572 950 1623 viginti
973 1584 1223 1623 annorum,
1255 1585 1452 1624 corpore
1482 1585 1682 1626 magnus
1709 1587 1765 1615 ac
1795 1575 2028 1626 robustus,

392 1642 530 1682 valde
551 1643 659 1683 boni
680 1643 856 1694 ingenii
878 1649 922 1683 et
943 1644 1060 1684 bene
1081 1643 1271 1695 doctuS,
1305 1646 1479 1696 probus
1508 1652 1552 1686 et
1584 1646 1844 1697 modestus,
1879 1647 1957 1699 qui
1988 1653 2033 1687 et

391 1724 442 1753 se
457 1714 591 1754 nobis
608 1713 820 1765 adjunxit
841 1721 886 1755 et
909 1715 1151 1756 nobiscum
1172 1716 1365 1756 habitat.
1387 1715 1639 1757 Praeterea
1656 1717 1810 1758 adhuc
1832 1723 2035 1769 quatuor

390 1785 470 1825 alii
491 1797 541 1825 se
567 1785 702 1826 nobis
731 1785 1069 1838 adjunxerunt,
1103 1799 1161 1827 ex
1190 1787 1357 1839 quibus
1392 1788 1483 1828 duo
1515 1789 1734 1829 videlicet
1764 1789 2036 1830 sacerdotes

391 1862 498 1897 ante
519 1856 605 1897 hos
632 1869 816 1897 menses
846 1857 1109 1898 habuerunt
1139 1859 1389 1899 exercitia:
1420 1860 1585 1911 reliqui
1617 1860 1707 1900 duo
1741 1873 1835 1901 non
1864 1861 2033 1901 habue-

389 1933 521 1979 runt,
559 1928 668 1980 quia
703 1929 909 1969 instabat
935 1934 1118 1980 tempus
1150 1941 1239 1980 quo
1271 1929 1470 1970 Romam
1498 1943 1604 1971 cum
1640 1932 1745 1972 aliis
1779 1931 2035 1984 profecturi

391 2005 542 2039 erant.

469 2070 522 2110 29
549 2070 753 2122 Augusti
781 2069 904 2111 R.dus
932 2071 1004 2111 P.r
1037 2071 1266 2112 Dominus
1296 2072 1571 2114 licenciatus
1605 2073 1856 2125 Quintinus
1883 2073 1897 2092 ³
1928 2086 2035 2115 cum

394 2141 576 2182 duobus
608 2142 712 2182 aliis
740 2141 1087 2190 sacerdotibus,
1119 2142 1323 2193 publicis.
1346 2143 1716 2194 confessoribus,
1749 2150 1793 2184 et
1820 2156 1926 2185 cum
1951 2157 2034 2185 sex

393 2225 489 2254 non
510 2203 854 2259 sacerdotibus.
879 2212 1168 2253 charissimis
1196 2213 1243 2253 in
1271 2213 1458 2254 Christo
1486 2214 1710 2255 fratribus
1743 2216 1941 2266 nostris,
1978 2228 2037 2256 ex

397 2289 563 2324 sancta
585 2283 848 2323 obedientia
869 2283 977 2323 hinc
1007 2283 1204 2324 Romam
1233 2296 1400 2324 versus
1430 2285 1490 2325 ad
1520 2285 1570 2326 P.
1594 2286 1653 2326 V.
1686 2286 1883 2337 profecti
1912 2293 2033 2337 sunt;

396 2361 441 2395 et
476 2365 775 2394 remanemus
810 2354 885 2394 hic
921 2361 1027 2394 octo
1061 2354 1245 2395 fratres.
1284 2354 1517 2396 Sacerdos
1551 2356 1740 2408 quidam
1778 2358 1824 2397 in
1861 2357 2038 2398 artibus

393 2430 658 2477 promotus,
697 2425 773 2477 qui
807 2430 851 2464 et
878 2425 977 2476 ipse
1003 2425 1165 2465 habuit
1194 2426 1422 2466 exercitia
1449 2432 1493 2466 et
1516 2426 1613 2479 jam
1640 2428 1962 2469 confessorem
1993 2434 2037 2469 et

393 2497 776 2537 concionatorem
797 2496 844 2536 in
866 2507 948 2535 sua
971 2496 1124 2546 patria
1153 2497 1272 2548 agit,
1306 2497 1378 2537 his
1409 2498 1574 2538 diebus
1601 2499 1791 2551 scripsit
1822 2499 1955 2550 mihi,
1988 2511 2038 2539 50

394 2569 515 2607 velle
554 2567 779 2608 Societati
818 2565 1025 2618 adjungi.
1063 2567 1198 2610 Alius
1233 2568 1423 2619 quidam
1457 2568 1578 2610 filius
1618 2570 1930 2611 confessionis
1959 2582 2036 2610 no-

394 2644 544 2688 strae,
568 2639 701 2678 brevi
722 2638 769 2678 in
791 2644 990 2689 utroque
1007 2637 1110 2689 jure
1132 2638 1465 2688 licentiandus,
1490 2640 1591 2680 istis
1613 2641 1777 2682 diebus
1803 2641 2038 2681 consuluit

395 2720 469 2749 me
499 2708 664 2748 eadem
695 2709 751 2749 de
777 2720 850 2760 re,
875 2708 956 2748 sed
978 2708 1220 2749 commode
1248 2716 1356 2749 ante
1385 2721 1518 2751 suam
1549 2712 1787 2752 licentiam
1817 2712 1915 2752 fieri
1942 2724 2037 2752 non

450 2868 459 2890 ¹
500 2868 657 2902 Intellige
679 2869 854 2901 quantum
876 2868 987 2895 distat
1012 2868 1134 2895 Sancti
1158 2867 1274 2896 Marci
1293 2869 1466 2903 templum
1490 2869 1624 2897 Romae
1639 2878 1660 2897 a
1675 2871 1836 2899 Romano
1852 2872 2040 2899 societatis

393 2916 556 2950 Collegio.

449 2963 463 2984 ²
500 2963 550 2991 De
565 2963 619 2990 his
632 2963 710 2991 vide
724 2970 838 2998 supra¹
855 2967 879 2990 t.
896 2971 918 2997 1,
934 2970 1012 2997 pag.
1027 2963 1088 2990 565.

451 3011 466 3031 ὅ
504 3011 539 3038 Ρ.
558 3010 737 3044 Quintinus
754 3010 928 3044 Charlart,
945 3011 984 3037 de
1000 3018 1063 3044 quo
1079 3010 1215 3045 saepius
1231 3011 1323 3038 faeta
1339 3016 1389 3039 est
1406 3012 1528 3047 fietque
1544 3015 1682 3042 mentio.
