2168 3437
861 243 945 281 AN.
976 242 1069 281 1553
1717 244 1784 281 109

147 351 297 391 neque
319 339 445 379 aliud
466 339 660 390 aliquid,
686 340 809 391 quod
838 340 886 379 in
907 340 1243 391 poenitentiam
1268 340 1602 390 iniungeretur‚
1627 340 1783 380 facere

152 416 323 462 posset.
347 410 478 449 Haec
499 421 630 460 verO,
655 410 732 449 ubi
754 411 1001 462 aliquoties
1022 411 1236 450 confessa
1255 417 1338 459 est,
1362 411 1427 450 ita
1448 411 1574 450 vires
1596 423 1781 463 recupe-

150 481 288 531 ravit,
312 486 360 520 ut
381 492 475 520 non
495 480 588 520 iam
610 481 674 520 illi
696 481 812 520 satis
832 481 938 531 sint,
964 492 1083 532 quae
1105 493 1131 520 a
1154 481 1442 521 confessario
1465 481 1782 533 imponuntur;

144 552 256 603 quin
277 537 412 602 plura
435 562 575 602 quam
597 551 653 590 ab
675 563 728 590 eo
750 552 1101 602 permittantur,
1126 563 1209 591 sua
1233 558 1398 602 sponte
1425 552 1666 603 suscipiat.
1690 552 1777 592 No-

145 623 247 662 bilis
279 621 513 673 quaedam
535 628 751 662 matrona
770 621 939 671 (dicam
956 622 1078 661 enim
1095 622 1151 662 de
1168 608 1413 662 mulierum
1431 623 1571 663 etiam
1592 624 1781 675 pietate,

146 693 331 744 quando
367 693 457 732 huc
489 693 756 743 incidimus,
788 693 910 744 quod
943 693 1183 744 occurrit),
1207 705 1312 733 cum
1346 694 1490 745 ipsius
1521 695 1726 734 animum
1755 706 1782 734 a

146 763 318 803 nostris
340 763 642 803 concionibus
661 764 733 803 vir
751 763 848 803 eius
871 764 1009 803 vellet
1031 770 1262 813 avertere,
1281 765 1586 816 laudaretque
1604 766 1781 816 magni-

146 834 251 884 fice,
286 846 423 885 quem
454 835 552 885 ipse
583 834 822 884 audiebat,
861 835 1261 884 concionatorem,
1300 836 1541 886 respondit
1576 837 1784 876 modeste

146 904 353 956 quidem,
378 905 459 945 sed
481 912 637 944 tamen
659 910 815 945 acute:
835 916 918 944 cur
939 912 987 944 tu
1016 905 1159 956 igitur
1184 905 1575 957 quemadmodum
1608 918 1695 957 ego
1719 908 1786 947 vi-

149 976 289 1015 vendi
316 976 547 1015 rationem
573 988 667 1015 non
687 976 869 1015 mutas?
889 976 1032 1027 pluat,
1057 976 1219 1027 inquit,
1244 988 1376 1027 saxa3
1401 975 1447 1016 S.
1472 977 1655 1017 Nicolai
1680 990 1784 1017 con-

147 1047 305 1086 ciones
331 1058 425 1086 non
453 1047 680 1086 deseram.
711 1046 871 1098 Neque
898 1059 1012 1087 vero
1041 1059 1135 1087 non
1168 1048 1310 1087 etiam
1341 1048 1418 1087 alii
1447 1060 1585 1099 quam
1612 1048 1783 1089 idiotae

148 1117 281 1157 nobis
303 1117 418 1156 bene
440 1123 546 1157 sunt
568 1117 741 1168 affecti,
776 1118 867 1157 imo
896 1129 1011 1158 vero
1042 1123 1087 1157 et
1113 1118 1237 1158 docti
1267 1125 1312 1158 et
1342 1119 1567 1169 religiosi.
1603 1118 1787 1160 Scimus

146 1187 470 1227 franciscanos
490 1187 676 1238 fratres,
704 1189 1034 1228 observantiae
1054 1189 1198 1240 vulgo
1217 1188 1380 1239 dictos,
1407 1190 1658 1240 aliquando
1681 1191 1782 1230 soli-

147 1264 220 1298 tos
236 1257 379 1298 fuisse
397 1259 530 1298 nobis
543 1259 790 1299 detrahere
807 1260 1152 1310 multorumque
1169 1260 1351 1299 animos
1369 1260 1540 1300 anobis
1552 1266 1783 1301 avertere.

146 1328 280 1369 Nunc
301 1335 457 1369 tamen
478 1330 542 1369 ita
563 1336 768 1369 mutatos
789 1330 944 1370 animo
967 1342 1068 1370 esse
1090 1336 1294 1381 constat,
1319 1337 1368 1370 ut
1389 1331 1488 1370 eius
1511 1333 1783 1371 monasterii

147 1411 359 1452 praeses,
383 1401 460 1451 qui
481 1401 604 1441 idem
635 1401 983 1441 concionatoris
1004 1413 1127 1441 nunc
1149 1401 1358 1452 fungitur
1390 1414 1602 1453 munere,
1628 1404 1785 1453 palam

147 1472 267 1511 inter
288 1471 661 1511 concionandum
681 1472 844 1523 paucis
865 1478 971 1511 ante
993 1472 1154 1512 diebus
1181 1473 1485 1523 lachrymans
1514 1473 1783 1513 hortaretur

146 1548 197 1582 ut
218 1542 277 1582 ad
298 1553 383 1582 nos
405 1542 702 1592 accederent,
727 1543 873 1582 multa
895 1543 1081 1583 interim
1103 1550 1147 1583 et
1178 1543 1480 1594 amplissimis
1512 1551 1555 1583 et
1587 1544 1783 1584 ornatis-

148 1612 276 1652 simis
305 1612 463 1652 verbis
485 1613 541 1653 de
570 1619 759 1653 nostrae
781 1612 1029 1654 Societatis
1049 1614 1187 1654 laude
1210 1614 1459 1665 disserens,
1486 1620 1624 1666 atque
1644 1615 1785 1654 etiam

147 1683 258 1723 illud
278 1683 471 1724 adderet
493 1695 747 1736 numquam
770 1684 973 1724 defuisse
996 1695 1229 1724 summum
1252 1690 1492 1736 pastorem
1520 1685 1657 1736 gregi
1683 1697 1785 1733 suo,

146 1754 257 1806 quin
290 1754 332 1793 ei
366 1754 482 1794 fidos
516 1755 648 1794 Verbi
671 1754 760 1794 Dei
787 1755 1025 1795 ministros
1056 1755 1379 1807 suppeditaret
1401 1763 1445 1795 et
1468 1756 1704 1803 doctores,
1729 1768 1787 1796 ac

146 1837 268 1865 nunc
289 1837 472 1876 quoque
495 1825 628 1865 istius
648 1824 895 1866 Societatis
917 1838 1060 1877 opera
1083 1825 1310 1865 mundum
1335 1827 1554 1866 statuisse
1577 1828 1784 1867 restitue-

146 1907 210 1936 re.
242 1896 369 1936 Idem
397 1896 636 1947 professus
664 1902 733 1936 est
760 1897 843 1936 vix
870 1897 927 1936 ab
957 1897 1059 1936 aliis
1086 1897 1435 1948 eleemosynam
1466 1897 1525 1937 ad
1556 1905 1786 1938 monaste-

145 1967 266 2007 rium
287 1967 477 2018 deferri,
502 1979 642 2018 quam
664 1968 721 2008 ab
748 1968 804 2007 iis
833 1969 909 2019 qui
941 1968 1064 2019 apud
1092 1967 1204 2008 Divi
1230 1968 1413 2008 Nicolai
1442 1968 1709 2020 frequenter
1739 1977 1785 2009 et

147 2038 451 2078 concionibus
485 2039 715 2078 intersunt
751 2045 795 2078 et
832 2039 1124 2079 confitentur.
1154 2038 1285 2079 Haec
1314 2039 1409 2079 sere
1441 2039 1703 2079 Messanae.
1734 2040 1785 2080 In

147 2108 351 2149 Abbatia
371 2121 484 2149 vero
506 2109 643 2149 Dom.
668 2110 854 2150 Ioannis
882 2109 1039 2150 Osorii
1061 2109 1118 2149 D.
1149 2110 1390 2161 Philippus
1418 2110 1425 2128 ¹
1455 2110 1616 2150 diebus
1638 2111 1784 2150 domi-

146 2179 263 2219 nicis
294 2192 423 2220 more
456 2181 590 2220 solito
627 2181 932 2221 concionatus
967 2187 1057 2229 est,
1094 2187 1138 2221 et
1164 2181 1378 2232 proximo
1410 2180 1619 2221 Natalitii
1648 2182 1781 2231 festo,

147 2250 307 2290 diebus
325 2251 500 2302 aliquot
521 2251 582 2291 ibi
604 2263 784 2291 moram
804 2251 914 2291 fecit
936 2251 1180 2292 audiendis
1202 2252 1573 2292 confessionibus
1595 2252 1782 2303 impedi-

146 2327 234 2361 tus.
271 2321 393 2361 Nihil
419 2322 512 2361 iam
547 2322 686 2362 credo
723 2328 934 2374 superest
961 2322 1015 2362 R.
1047 2323 1094 2362 in
1120 2322 1204 2362 X.⁰
1232 2322 1386 2363 Pater.
1414 2323 1544 2362 Haec
1573 2330 1678 2362 sunt
1705 2335 1782 2363 no-

145 2398 271 2431 strae
292 2392 608 2443 negligentiae
629 2399 673 2432 et
695 2393 889 2433 inertiae
912 2393 1106 2442 indicia,
1131 2405 1249 2445 quae
1279 2394 1466 2445 quidem
1495 2394 1783 2433 tolerabilior

146 2462 305 2512 fuerit,
338 2463 378 2502 si
398 2475 483 2503 nos
503 2475 614 2502 vere
643 2464 828 2504 inutiles
856 2476 1020 2504 servos
1049 2476 1364 2515 agnoscamus
1392 2464 1645 2515 demusque
1678 2476 1781 2516 ope—

147 2545 247 2573 ram
269 2540 318 2573 ut
339 2534 559 2584 deinceps
579 2534 702 2574 hanc
724 2535 972 2575 emendare
994 2542 1038 2575 et
1059 2535 1379 2586 diligentiores
1400 2546 1502 2575 esse
1530 2535 1781 2586 possimus.

149 2603 284 2654 Quod
305 2610 354 2644 ut
383 2603 462 2644 fiat
488 2605 580 2644 tuis
607 2617 692 2645 nos
718 2606 935 2656 precibus
964 2617 1018 2646 ac
1047 2606 1356 2646 sanctissimis
1388 2605 1631 2646 sacrificiis
1663 2618 1780 2646 voce

147 2675 323 2726 pariter
345 2681 483 2726 atque
506 2675 660 2715 animo
682 2676 880 2727 supplici
901 2677 1299 2717 commendamus.

225 2745 487 2796 Messanae,
511 2746 575 2785 53.ss
596 2746 814 2797 Ianuarii,
842 2746 957 2787 1553.

227 2816 275 2857 Ρ.
299 2817 351 2857 T.
375 2817 599 2868 Indignus
620 2817 740 2857 filius
763 2824 806 2857 et
827 2818 1001 2858 inutilis
1024 2830 1214 2868 servus,

1027 2902 1265 2942 ANTONius
1296 2901 1448 2942 V1Nc1<
1482 2901 1510 2938 ².

203 3000 211 3019 ¹
252 3000 287 3028 P.
301 3000 448 3033 Joannes
459 3000 636 3034 Philippus
646 2999 799 3027 Casinus.
812 3000 898 3027 Vide
916 3001 1082 3035 Pomm-co,
1097 3002 1266 3034 Clerom‘c„
1277 3006 1299 3028 t.
1317 3009 1351 3032 11.
1370 3009 1448 3036 pag.
1462 3001 1530 3035 541,
1546 3009 1576 3028 n.
1592 3000 1645 3027 305
1661 3005 1693 3028 et
1706 3009 1777 3035 seq.

203 3048 216 3066 ·-'
253 3048 346 3075 Haec
361 3056 381 3075 a
395 3048 536 3075 vocibus
548 3048 584 3074 P.
600 3047 634 3075 T.
647 3048 848 3081 subscripsit
864 3056 963 3075 manu
976 3049 1114 3082 propria
1126 3049 1249 3082 Vinck,
1262 3049 1487 3077 Messanensis
1499 3049 1616 3076 domus
1627 3055 1781 3082 praeses.
