2168 3437
333 245 406 282 448
843 242 1070 279 LITTERAE
1096 252 1456 285 QUADRIMESTRES

330 346 488 381 rantes
522 350 753 379 summum
786 338 914 377 illum
945 349 1102 378 rerum
1129 338 1336 378 omnium
1371 338 1601 389 opificem,
1634 337 1807 389 Deum,
1846 350 1965 379 sum-

331 422 545 462 mamque
566 415 610 449 et
630 408 859 448 infinitam
880 408 1160 459 sapientiam
1181 408 1345 449 eodem
1377 409 1514 449 modo
1543 408 1823 449 Societatem
1842 408 1967 449 hanc

329 481 569 522 minimam
589 484 634 519 et
655 490 938 519 conservare
959 484 1004 518 et
1026 489 1221 530 augere,
1247 491 1336 531 quo
1359 479 1503 519 filium
1524 490 1681 530 suum,
1713 479 1801 529 cui,
1826 490 1966 519 sacco

328 553 417 592 hoc
443 556 632 591 nostrae
662 550 960 589 mortalitatis
981 549 1167 600 induto,
1192 549 1465 601 opprobria,
1491 549 1820 600 contumelias,
1843 550 1966 590 labo-

328 634 422 672 res,
448 621 684 661 cruciatus
706 632 762 660 ac
783 620 884 660 dira
907 620 1105 672 denique
1127 626 1469 660 tormentorum
1498 631 1674 671 genera
1701 620 1967 671 largissime

327 692 561 744 praebuit,
587 691 754 743 quibus
782 691 1016 740 toleratis,
1047 691 1095 731 in
1122 702 1257 731 suam
1281 692 1621 731 conscenderet
1648 691 1968 731 felicissimam

328 763 543 814 patriam,
565 768 703 813 atque
720 762 800 813 ita,
821 763 878 802 ab
898 762 1111 802 omnibus
1129 762 1348 813 cognitus
1363 767 1407 801 et
1424 763 1590 812 cultus,
1611 762 1837 802 ecclesiae
1854 773 1969 802 suae

327 839 489 885 ageret
522 832 848 883 fundamenta3
889 826 1125 873 laetamur
1157 833 1299 872 etiam
1332 832 1438 872 dum
1468 832 1702 872 intuemur
1730 832 1969 873 Christum

325 904 495 955 Iesum,
520 904 585 944 ita
606 910 656 944 ut
672 903 977 944 charissimae
995 915 1108 943 suae
1125 915 1342 955 sponsae,
1363 903 1592 943 ecclesiae
1613 903 1792 943 scilicet
1814 903 1965 943 ortho-

325 974 498 1025 doxae,
521 974 840 1025 fundamenta,
865 980 1136 1014 sanctorum
1157 975 1368 1014 Virorum
1397 980 1546 1014 morte
1576 981 1620 1014 et
1648 985 1811 1014 eorum
1841 985 1968 1014 acer-

325 1046 529 1086 bissimis
551 1046 955 1097 persecutionibus
981 1046 1136 1097 posuit
1155 1078 1162 1096 ,
1187 1046 1254 1086 sic
1277 1057 1459 1097 quoque
1481 1045 1722 1085 minimam
1743 1045 1864 1085 hanc
1888 1044 1968 1085 So-

325 1118 563 1168 cietatem,
588 1129 673 1168 pro
694 1117 899 1157 maximo
921 1128 1036 1168 erga
1054 1128 1139 1157 nos
1157 1128 1343 1168 amore,
1364 1116 1530 1156 eadem
1552 1116 1739 1156 ratione
1754 1115 1969 1167 fundare;

325 1200 523 1240 quorum
545 1187 862 1228 consideratio
885 1199 1107 1239 magnam
1129 1187 1177 1227 in
1198 1187 1395 1239 Collegii
1424 1187 1745 1228 Conimbriani
1766 1186 1969 1227 adversi-

324 1265 418 1300 tate
446 1259 579 1299 nobis
606 1270 736 1310 spem
763 1258 924 1310 dabat,
952 1270 1076 1299 nunc
1102 1270 1216 1298 vero
1252 1258 1441 1298 tandem
1467 1264 1627 1309 aperte
1658 1258 1704 1298 id
1735 1257 1965 1305 videmus,

325 1330 448 1382 quod
475 1336 585 1370 tunc
615 1330 848 1381 (quamvis
876 1342 903 1370 a
930 1330 1064 1370 nobis
1092 1330 1290 1380 intelligi
1315 1330 1453 1381 plane
1479 1341 1573 1369 non
1598 1329 1797 1380 poterat)
1829 1329 1972 1368 omni-

324 1402 528 1453 potentis
558 1412 725 1441 manus
755 1401 872 1441 miro
907 1401 1070 1441 ordine
1098 1401 1413 1441 constituebat
1452 1406 1590 1452 atque
1628 1399 1864 1450 firmabat,
1898 1401 1974 1440 cui

325 1473 409 1513 soli
430 1472 610 1524 gratias
631 1483 773 1523 agere
795 1471 1031 1512 debemus.
1061 1472 1225 1513 Voluit
1254 1472 1484 1523 siquidem
1511 1471 1783 1511 misericors
1810 1471 1886 1510 ille
1918 1482 1972 1510 ac

325 1543 699 1595 sapientissimus
731 1542 861 1583 Deus
892 1555 982 1595 qua
1010 1543 1191 1584 ratione
1222 1542 1463 1583 Christum
1491 1542 1664 1593 Iesum,
1698 1553 1789 1594 qua
1818 1542 1973 1582 ortho-

325 1614 499 1655 doxam
520 1614 790 1664 ecclesiam,
815 1626 905 1665 qua
926 1613 1115 1654 Patrem
1137 1626 1193 1654 ac
1215 1613 1540 1665 Praepositum
1570 1612 1870 1663 Generalem,
1894 1625 1972 1652 no-

325 1691 450 1726 strae
483 1685 724 1736 religionis
757 1685 1075 1736 fundatorem,
1109 1697 1200 1737 qua
1232 1685 1434 1736 denique
1465 1684 1738 1724 universam
1768 1683 1972 1724 Societa-

324 1763 417 1797 tem
445 1757 748 1797 conservavit
777 1763 821 1796 et
850 1757 1003 1807 auxit,
1038 1756 1202 1797 eadem
1230 1757 1542 1808 perexiguam
1571 1756 1694 1795 hanc
1723 1754 1973 1795 Societatis

326 1834 509 1880 partem
530 1827 766 1868 moderari
788 1839 843 1868 ac
859 1839 1041 1879 regere.

400 1899 531 1939 Haec
552 1900 708 1950 itaque
729 1904 982 1950 tempestas
1000 1898 1175 1939 oboriri
1195 1904 1305 1938 tunc
1331 1898 1534 1949 primum
1552 1897 1720 1949 coepit,
1740 1909 1847 1937 cum
1863 1902 1973 1937 tuae

323 1970 423 2010 Pstis
448 1971 576 2010 iussu
598 1969 646 2010 P.
672 1969 871 2022 Symon,
894 1969 1196 2021 Praepositus
1216 1969 1466 2009 Provincia
1477 1969 1531 2008 lis
1558 1969 1855 2017 constitutuS,
1879 1967 1972 2008 Va—

321 2042 512 2082 lentiam
533 2042 704 2081 missus
726 2047 812 2081 est.
836 2040 1108 2081 Perturbari
1137 2052 1339 2092 namque
1370 2040 1493 2080 illico
1526 2039 1663 2080 multi
1694 2050 1752 2078 ex
1781 2039 1971 2089 nostris,

325 2114 399 2152 vel
436 2112 592 2164 potius
633 2112 710 2163 qui
744 2111 989 2152 nobiscum
1023 2118 1186 2162 erant,
1228 2118 1272 2151 et
1306 2110 1636 2162 quamplurimi
1674 2121 1731 2149 ex
1766 2109 1974 2149 externis

325 2183 479 2223 animo
501 2183 621 2223 affici
642 2189 916 2234 coeperunt,
941 2194 1141 2234 quorum
1164 2182 1306 2233 <quod
1326 2194 1401 2222 res
1423 2182 1524 2233 ipsa
1553 2180 1828 2230 declaravit)
1857 2191 1972 2232 erga

325 2267 431 2295 eum
446 2255 773 2294 benevolentia
789 2254 1153 2306 haudquaquam
1172 2266 1227 2294 ea
1246 2260 1361 2304 erat,
1378 2265 1519 2305 quam
1537 2253 1636 2304 ipse
1655 2252 1969 2301 existimabam

324 2339 411 2366 nec
441 2326 564 2366 enim
593 2325 1052 2376 animadvertebant,
1084 2325 1132 2365 in
1158 2331 1266 2365 tuae
1298 2324 1397 2364 Ρ.ῒίὃ
1427 2325 1674 2364 voluntate
1702 2329 1747 2363 et
1777 2323 1970 2363 arbitrio

326 2409 427 2438 esse
447 2404 517 2447 ut,
541 2408 678 2449 quem
707 2398 872 2445 velles,
903 2397 1224 2448 praepositum
1251 2396 1593 2448 provincialem
1620 2400 1850 2444 mutares;
1884 2405 1969 2434 nec

325 2470 468 2509 etiam
489 2469 700 2509 ordinem
721 2473 988 2519 statutaque
1008 2467 1259 2508 Societatis
1281 2467 1662 2516 considerabant,
1687 2465 1853 2518 quibus
1874 2471 1970 2505 tres

326 2546 507 2581 tantum
529 2551 678 2579 annos
695 2539 991 2591 praepositus
1007 2539 1313 2590 provincialis
1336 2539 1547 2588 regimen
1571 2537 1779 2577 obtinere
1799 2541 1967 2588 potest.

328 2611 423 2652 Nec
446 2611 557 2651 illud
578 2616 821 2662 praeterea
838 2610 1189 2662 perpendebant
1208 2615 1435 2662 quantum
1453 2609 1573 2649 ratio
1595 2615 1735 2659 atque
1758 2607 1972 2659 aequitas

336 2684 438 2735 ipsa
471 2682 811 2733 Societatisque
844 2682 958 2722 ordo
987 2693 1091 2737 eam
1120 2681 1425 2721 mutationem
1463 2680 1560 2720 sine
1597 2680 1689 2719 ulla
1725 2679 1801 2719 vel
1828 2678 1971 2730 suspi-

331 2754 463 2794 cione
486 2753 669 2804 peccati
691 2753 950 2803 exigerent.

408 2824 459 2864 In
494 2824 580 2864 sibi
613 2824 802 2864 tandem
833 2823 1131 2863 commissam
1157 2823 1399 2874 regionem
1419 2821 1660 2874 profectus
1695 2825 1784 2871 est,
1816 2820 1866 2860 P.
1890 2819 1973 2871 Sy-

328 2908 450 2936 mon.
471 2895 797 2935 Conimbricae
815 2906 928 2934 vero
946 2900 1077 2934 tanta
1095 2900 1195 2934 erat
1211 2893 1459 2934 multitudo
1477 2899 1680 2944 recepta,
1700 2898 1749 2931 ut
1771 2891 1968 2931 difficilis

328 2966 681 3017 laboriosusque
709 2972 753 3006 et
780 2966 827 3005 in
854 2965 1093 3016 seligendo
1125 2965 1336 3005 delectus
1365 2971 1408 3005 et
1438 2965 1484 3004 in
1512 2962 1819 3015 gubernando
1852 2962 1967 3002 ordo

329 3038 480 3078 fuerit.
505 3037 723 3077 Nonnulli
744 3044 876 3082 tunc,
907 3049 964 3076 ex
991 3037 1201 3077 discessu
1231 3035 1385 3077 Patris
1418 3034 1637 3086 Symonis
1670 3033 1968 3074 occasionem
