2168 3437
399 279 448 318 32
913 283 1142 320 LITTERAE
1169 292 1530 326 QUADRIMESTRES

397 381 566 428 agant.
591 377 721 430 Quae
739 379 880 420 ¹modo
900 379 1158 420 nuntianda
1180 391 1282 419 sese
1303 375 1502 420 offerunt
1529 380 1594 431 (ut
1622 375 1935 433 obedientiae,
1960 382 2043 422 cm'

399 459 578 489 morem
597 461 768 500 gerere
781 450 880 502 piis
906 450 1155 490 desideriis
1183 454 1429 502 optamus,
1457 450 1686 492 faciamus
1716 452 1846 496 satis)
1867 453 2034 504 paucis

398 520 785 571 perstringemus.

479 590 570 642 Qui
602 591 650 631 in
684 591 891 644 Collegio
921 592 1010 633 hoc
1045 593 1241 644 degunt,
1275 604 1527 644 suppresso
1561 598 1724 633 nostro
1763 594 2038 634 venerando

397 661 446 702 P.
471 662 643 703 Torres
666 662 692 714 ¹,
723 663 996 716 duobusque
1022 664 1244 705 fratribus
1274 663 1385 704 alibi
1414 665 1836 716 commorantibus,
1867 665 2037 717 vigesi-

395 744 523 773 mum
541 745 787 775 numerum
808 736 1062 787 complent,
1086 747 1285 787 quorum
1306 736 1466 775 decem
1487 735 1610 775 intra
1637 747 1721 775 sex
1750 747 1934 776 menses
1956 735 2036 776 So-

397 804 554 844 cietati
574 817 623 844 se
644 805 959 857 devoverunt,
981 807 1197 858 bonaque
1219 818 1329 858 pars
1359 807 1546 846 illorum
1575 818 1762 846 sacram
1791 806 2037 858 profitetur

397 874 705 927 theologiam;
730 888 849 928 quos
870 877 929 917 ad
950 877 1156 917 maxima
1178 889 1279 917 esse
1300 883 1436 918 natos
1457 877 1607 929 dices,
1640 878 1762 917 inter
1783 889 1897 929 quos
1917 890 2039 918 unus

398 952 733 987 annumeratur
754 947 852 999 qui,
884 954 985 988 esto
1016 948 1281 999 quindecim
1309 954 1492 988 tantum
1521 949 1580 988 sit
1611 960 1862 1000 annorum,
1886 950 2040 1000 probi-

397 1022 493 1056 tate
528 1022 687 1058 tamen
721 1024 766 1058 et
801 1018 901 1058 acri
931 1018 1106 1070 judicio
1141 1026 1211 1059 est
1249 1020 1605 1069 cohonestatus;
1643 1031 1753 1059 nam
1789 1025 1833 1060 et
1868 1020 2039 1060 artium

399 1087 662 1128 liberalium
701 1089 985 1129 curriculum
1024 1090 1142 1129 mira
1177 1102 1283 1130 cum
1318 1090 1597 1130 dexteritate
1636 1096 1681 1130 et
1719 1091 1928 1130 omnium
1962 1102 2039 1142 ap-

396 1160 565 1210 plausu
602 1160 807 1211 peregit,
844 1165 914 1211 et,
953 1166 1203 1212 antequam
1237 1173 1286 1201 56
1327 1160 1551 1201 Societati
1592 1168 1914 1212 consecraret,
1952 1173 2037 1213 per

397 1230 509 1270 anni
541 1230 744 1281 spatium
770 1237 939 1271 octavo
971 1243 1153 1283 quoque
1189 1232 1285 1281 die,
1320 1245 1346 1272 a
1378 1232 1615 1283 sordibus,
1653 1232 1692 1272 si
1726 1244 1845 1284 quae
1881 1233 1927 1272 in
1959 1233 2038 1272 illo

397 1307 555 1352 erant,
578 1307 778 1352 purgata
811 1302 1123 1353 conscientia,
1151 1303 1499 1343 Eucharistiam
1528 1304 1606 1355 pia
1637 1303 1942 1343 veneratione
1964 1315 2036 1343 su-

395 1372 566 1412 mebat.
599 1371 704 1412 Duo
732 1384 846 1413 vero
882 1373 962 1413 alii
998 1385 1103 1413 cum
1139 1375 1350 1425 apprime
1382 1374 1550 1414 divites
1586 1380 1686 1414 arte
1720 1374 2037 1415 foeneratoria

395 1443 563 1483 irretiti
584 1449 759 1492 essent,
789 1444 837 1483 in
857 1443 1063 1495 urbeque
1094 1444 1185 1494 (cui
1216 1450 1285 1484 est
1314 1456 1486 1485 nomen
1515 1445 1712 1485 inditum
1743 1445 1935 1485 Medma
1963 1445 2040 1485 del

404 1513 598 1565 Campo)
621 1514 912 1563 victitarent,
936 1520 980 1554 et
1000 1514 1049 1555 P.
1073 1515 1286 1566 Baptista
1308 1515 1336 1566 ‘·',
1364 1516 1434 1556 vir
1466 1528 1605 1556 rarae
1625 1516 1897 1567 probitatis,
1931 1528 2036 1556 cum

396 1585 443 1625 in
464 1585 567 1625 foro
589 1585 862 1625 concionem
888 1585 1100 1636 haberet,
1126 1592 1169 1625 et
1190 1586 1470 1627 firmissimis
1496 1587 1721 1627 lateribus
1751 1587 1798 1627 in
1829 1586 2039 1627 foenera—

395 1662 522 1696 tores
544 1656 866 1707 inveheretur,
891 1662 1015 1696 metu
1046 1657 1333 1697 consternati
1361 1658 1541 1707 divino,
1572 1657 1761 1698 domum
1786 1665 2039 1709 pergentes

395 1727 662 1767 indicarunt
682 1727 795 1778 ipsis
817 1727 864 1767 in
884 1727 1007 1767 Votis
1038 1739 1140 1768 esse
1168 1727 1451 1768 Societatem
1481 1729 1686 1780 ingredi,
1710 1730 2039 1781 supplicesque

395 1798 692 1849 postularunt
713 1809 770 1837 ne
792 1798 946 1838 aditus
975 1799 1041 1838 eis
1070 1799 1391 1850 clauderetur-3
1423 1805 1467 1839 et
1498 1800 1755 1851 exploratis
1784 1800 1954 1840 animis
1974 1800 2037 1840 fa-

395 1875 563 1920 ctoque
583 1869 790 1920 periculo
812 1881 872 1908 an
893 1869 1052 1909 divino
1074 1876 1327 1920 agerentur
1361 1871 1547 1922 spiritu,
1572 1871 1631 1911 ad
1650 1883 1735 1911 nos
1753 1903 1760 1922 ,
1784 1883 1842 1911 ne
1864 1882 2034 1922 cogna-

395 1946 551 1981 torum
572 1951 665 1979 non
687 1939 844 1979 minus
865 1939 1093 1991 improbis
1113 1952 1254 1991 qnam
1276 1940 1462 1981 blandis
1480 1942 1697 1992 precibus
1714 1942 2029 1993 flecterentur,
2053 1940 2055 1943 ’

395 2012 645 2062 miserunt3
669 2018 713 2051 et
735 2016 834 2051 esto
856 2011 914 2051 ab
936 2011 1099 2051 amicis
1121 2018 1165 2051 et
1188 2013 1551 2063 consanguineis
1573 2013 1777 2065 undique
1800 2014 2033 2054 obruenti-

395 2083 504 2132 bus,
541 2088 591 2122 ut
619 2082 793 2134 aliquid
826 2083 997 2122 veneni
1031 2083 1079 2122 in
1113 2083 1297 2123 illorum
1330 2084 1514 2123 animos
1550 2085 1865 2131 insibilarent,
1899 2085 2035 2124 varia

396 2153 524 2205 passi
554 2164 735 2204 sumus,
769 2164 826 2193 ne
854 2153 900 2193 id
929 2152 1060 2193 fieret
1089 2165 1183 2193 non
1213 2154 1435 2194 mediocri
1463 2167 1489 2194 a
1517 2155 1650 2195 nobis
1682 2156 1890 2195 adhibita
1922 2167 2035 2196 cura

397 2223 649 2264 effecimus.

475 2294 751 2346 Nuperrime
786 2306 900 2334 vero
935 2294 1025 2334 duo
1060 2295 1139 2335 alii
1172 2295 1231 2335 ad
1265 2307 1351 2335 nos
1386 2303 1493 2335 sunt
1524 2296 1803 2347 intromissi,
1836 2309 2036 2349 quorum

398 2378 544 2417 unus,
569 2377 708 2406 cursu
724 2364 842 2416 juris
864 2365 1081 2405 canonici
1101 2377 1311 2416 emenso,
1345 2367 1403 2407 ad
1424 2367 1814 2408 baccalaureatus
1833 2368 2036 2419 gradum

395 2438 481 2478 fuit
521 2442 780 2488 promotus.
822 2435 981 2476 Alium
1016 2436 1206 2487 insuper
1242 2436 1463 2488 juvenem
1497 2444 1660 2478 nostro
1695 2439 2036 2479 associavimus

397 2509 555 2559 gregi,
579 2519 777 2559 corpore
798 2507 975 2559 pariter
997 2512 1041 2547 et
1062 2508 1218 2547 animo
1241 2509 1637 2560 robustissimum,
1670 2516 1719 2550 ut
1747 2511 1815 2550 rei
1842 2510 2035 2551 familia·

400 2580 466 2619 ris
498 2591 660 2619 curam
693 2584 892 2630 gereret.
933 2577 1106 2618 Omnes
1143 2590 1255 2618 vero
1291 2580 1477 2619 virtutis
1513 2581 1666 2621 allecti
1697 2592 1878 2632 amore,
1915 2580 2033 2621 miro

400 2662 505 2690 cum
540 2650 694 2690 fructu
729 2661 783 2689 ac
821 2649 1143 2689 aestuantibus
1184 2650 1447 2701 desideriis,
1489 2663 1683 2692 munera
1719 2650 2035 2702 abjectissima

397 2722 629 2771 tractant,
669 2726 712 2760 et
748 2720 805 2760 ab
838 2720 1123 2770 hominibus,
1154 2726 1204 2760 ut
1231 2727 1443 2761 stercora
1472 2724 1741 2763 conculcari
1768 2723 2036 2774 eisdemque

451 2904 460 2924 ¹
500 2904 534 2931 P.
548 2903 691 2931 Micha‘cl
708 2904 747 2930 de
763 2903 897 2931 Torres.
921 2903 980 2931 “In
996 2903 1256 2931 Salmanticensi
1274 2905 1425 2938 Collegio
1449 2908 1570 2934 bonam
1592 2911 1726 2941 partem
1747 2907 1847 2942 hujus
1869 2907 1946 2934 anni
1969 2906 2036 2934 Do-

362 2971 371 2983 .
395 2955 470 2978 ctor
485 2950 672 2978 Turrianus
688 2952 818 2985 exegit:
835 2951 990 2985 quamvis
1011 2951 1087 2978 aliis
1111 2951 1143 2978 in
1164 2953 1264 2978 rebus
1285 2956 1318 2978 et
1340 2952 1371 2978 in
1389 2954 1582 2982 valetudine
1602 2955 1848 2988 recuperanda,
1864 2962 1942 2981 nam
1958 2953 2030 2981 Sal-

395 2998 565 3025 manticae
582 2998 696 3024 dolore
711 2998 834 3031 capitis
849 2997 904 3024 diu
925 3002 1072 3025 vexatus
1094 2997 1222 3032 suerat,
1245 2998 1377 3032 aliquot
1398 3008 1537 3028 mcnses
1556 3004 1658 3029 extra
1680 3002 1941 3029 salmanticam
1951 3001 2034 3036 sue-

397 3046 479 3079 rit.„
495 3044 680 3078 PoLANcus,
698 3043 833 3076 Chron„
848 3049 869 3071 t.
885 3051 920 3078 11,
936 3051 1014 3078 pag.
1029 3044 1092 3077 013,
1107 3051 1160 3071 an.
1178 3045 1255 3075 1552,
1273 3052 1302 3073 n.
1320 3046 1381 3072 455.

449 3092 463 3111 ‘2
501 3091 535 3119 P.
550 3091 695 3124 Joarmes
711 3091 870 3125 Baptista
886 3090 1049 3117 Sanchez.
