2168 3437
332 242 402 279 632
844 241 893 276 L·
903 251 1071 277 TTERAE
1098 251 1455 283 QUADRIMESTRES

332 337 571 388 respondit
592 336 681 375 sibi
703 335 797 386 jam
826 347 921 375 non
942 347 1027 376 suo
1054 336 1246 376 arbitrio
1272 337 1526 377 vivendum
1554 349 1677 389 esse;
1706 340 1963 380 relaturum

333 419 380 447 se
404 408 560 447 omnia
577 418 647 457 ea,
668 418 786 458 quae
804 407 1026 457 dicerent,
1047 407 1106 446 ad
1123 406 1404 458 Praelatum,
1425 407 1556 459 cujus
1568 407 1740 459 judicio
1758 421 1833 450 res
1850 422 1964 451 suae

331 478 431 529 geri
455 478 700 528 deberent;
730 483 775 517 et
802 489 892 529 quo
920 489 995 517 res
1022 477 1193 518 divinis
1224 479 1445 530 auspiciis
1471 486 1736 531 gereretur,
1769 481 1966 522 duarum

332 550 555 588 horarum
576 548 788 588 inducias
810 548 868 588 ab
889 548 979 588 illis
1001 549 1205 599 exigere,
1230 549 1396 600 quibus
1416 550 1656 601 negotium
1670 551 1761 591 hoc
1779 551 1968 593 Christo

330 619 439 672 Jesu
462 618 827 669 commendaret,
852 631 994 670 seque
1016 619 1119 659 illos
1139 625 1188 659 ut
1208 619 1460 660 identidem
1480 619 1689 661 facerent
1706 622 1874 662 obnixe
1895 635 1965 663 ro-

331 701 460 741 gare.
486 689 672 730 Nullam
694 690 835 729 aliam
856 696 1045 740 praeter
1066 691 1187 730 hanc
1210 682 1351 730 unam
1373 703 1540 731 vocem
1562 692 1841 744 lachrimae,
1867 706 1969 745 pre-

331 774 424 812 ces,
450 767 728 811 commenta,
752 761 906 801 minae
929 761 1142 812 denique,
1167 762 1332 813 quibus
1349 761 1446 813 jam
1473 769 1640 814 coepta
1667 770 1737 804 est
1766 776 1841 804 res
1873 765 1966 816 agi,

331 838 612 884 extorquere
648 845 674 872 a
700 831 871 884 juvene
898 838 1163 884 potuerunt.
1201 833 1329 873 Vicit
1364 833 1562 885 denique
1598 833 1733 885 hujus
1770 836 1969 887 simplex

330 903 595 943 obedientia
620 903 804 943 illorum
827 903 1064 951 astutiam,
1089 903 1226 954 hujus
1247 909 1469 944 constans
1498 906 1851 956 perseverantia
1873 906 1970 947 illo-

330 986 433 1014 rum
450 974 739 1025 impietatem
761 981 805 1014 et
822 974 1130 1025 iniquitatem3
1150 974 1353 1026 victique
1370 987 1537 1015 manus
1554 975 1801 1027 dederunt,
1825 988 1880 1017 ac
1897 977 1970 1017 die

331 1046 478 1085 altera
515 1044 647 1085 dolos
675 1051 720 1085 et
749 1051 1015 1085 commenta
1051 1045 1129 1084 illa
1161 1045 1398 1096 detegunt,
1434 1045 1560 1086 facta
1596 1058 1697 1086 esse
1729 1048 1886 1087 omnia
1922 1053 1971 1087 ut

330 1117 459 1156 illum
481 1129 506 1156 a
529 1117 774 1168 proposito
797 1122 1068 1156 avocarent.
1102 1116 1304 1156 Veniam
1332 1130 1358 1156 3
1382 1116 1555 1168 juvene
1581 1124 1744 1170 petunt
1773 1119 1970 1160 confusi-

330 1201 418 1240 que
440 1189 714 1228 discessere.
738 1187 992 1228 Pulchrum
1012 1188 1223 1240 profecto
1241 1189 1527 1241 triumphum
1545 1189 1829 1242 dignumque
1846 1197 1969 1231 vete-

332 1273 449 1301 rano
471 1261 612 1301 etiam
633 1260 807 1300 Christi
828 1260 986 1300 milite.

409 1332 574 1373 Studia
609 1344 731 1372 nunc
762 1332 882 1371 inter
917 1331 1089 1371 fratres
1124 1330 1291 1382 majori
1318 1344 1410 1384 qua
1438 1339 1642 1384 possunt,
1669 1345 1775 1388 cum
1810 1334 1965 1385 quiete

331 1404 678 1455 praecipuoque
701 1403 869 1443 ardore
898 1408 1176 1443 tractantur.
1207 1402 1591 1456 persuadereque
1619 1405 1710 1444 sibi
1742 1405 1971 1456 incipiunt

330 1475 540 1515 nonnulli
562 1474 749 1514 studere
770 1485 869 1514 nos.
895 1473 986 1524 Qui
1007 1474 1130 1514 enim
1152 1474 1335 1525 logicae
1363 1475 1572 1525 student,
1596 1475 1773 1526 primas
1793 1482 1967 1526 tenent,

331 1547 540 1597 ipsorum
579 1546 721 1586 etiam
761 1545 1130 1586 commilitonum
1169 1546 1459 1597 testimonio,
1502 1547 1621 1587 inter
1661 1559 1777 1598 quos
1820 1548 1972 1588 nostri

331 1619 477 1659 multo
500 1630 606 1658 cum
627 1616 888 1657 studiorum
909 1617 1095 1657 nomine
1117 1623 1161 1656 et
1182 1617 1466 1668 integritatis
1487 1625 1754 1658 versantur.

412 1690 500 1731 Sed
523 1689 648 1741 quod
675 1689 969 1741 potissimum
997 1689 1056 1728 ad
1084 1695 1127 1729 te
1150 1689 1448 1729 scribendum
1470 1689 1733 1740 videbatur,
1759 1691 1971 1730 consulto

333 1763 378 1802 in
400 1762 521 1802 hanc
544 1761 754 1801 ultimam
776 1761 1001 1812 epistolae
1022 1766 1204 1811 partem
1224 1760 1380 1811 rejeci:
1404 1766 1455 1800 ut
1482 1761 1538 1800 de
1566 1761 1772 1801 adventu
1802 1761 1851 1801 P.
1881 1760 1970 1801 Na-

334 1833 440 1873 talis
462 1832 521 1872 ad
543 1838 586 1872 te
608 1831 847 1872 referrem.
871 1831 1016 1871 Multa
1040 1831 1158 1871 enim
1183 1831 1296 1871 mihi
1318 1832 1373 1871 de
1395 1831 1488 1882 illo,
1519 1832 1575 1872 de
1603 1832 1690 1883 his,
1723 1844 1842 1884 quae
1874 1832 1967 1872 feli-

334 1904 519 1944 cissime
547 1914 706 1943 mense
734 1903 938 1953 integro,
978 1914 1067 1954 quo
1096 1902 1339 1942 nobiscum
1367 1909 1684 1943 commoratus
1712 1909 1803 1954 est,
1834 1910 1971 1955 gesta

331 1981 452 2025 sunt,
478 1973 727 2015 scribenda
749 1979 1015 2024 suppetunt,
1039 1974 1184 2013 multa
1205 1973 1261 2013 de
1283 1974 1372 2013 tuis
1391 1973 1701 2014 sanctissimis
1717 1975 1908 2014 statutis
1925 1981 1970 2014 et

331 2047 527 2097 legibus,
555 2058 645 2098 qua
667 2046 867 2085 fratrum
889 2045 1229 2096 expectatione,
1254 2057 1344 2096 quo
1363 2045 1626 2085 animarum
1642 2045 1814 2096 gaudio
1833 2057 1966 2091 exce-

332 2124 439 2170 ptae
459 2117 646 2167 fuerint,
674 2122 850 2168 quanta
871 2128 984 2156 cura
1007 2128 1061 2156 ac
1084 2116 1326 2167 diligentia
1348 2127 1439 2156 uno
1463 2128 1624 2156 omnes
1647 2128 1879 2157 consensu
1903 2117 1971 2156 in-

332 2189 613 2229 violabiliter
635 2199 715 2228 eas
737 2199 930 2227 servare
951 2186 1170 2240 studeant
1190 2193 1234 2227 et
1256 2199 1305 2227 se
1326 2187 1387 2227 ad
1406 2187 1591 2227 illarum
1612 2199 1828 2228 normam
1845 2187 1967 2228 effin-

333 2270 460 2310 gere,
486 2271 605 2311 quae
627 2259 768 2299 etiam
799 2270 858 2298 ex
886 2258 1073 2298 illarum
1104 2258 1433 2298 observatione
1465 2258 1609 2298 animi
1635 2258 1967 2310 tranquillitas,

333 2342 442 2383 pax,
468 2331 597 2381 ordo,
622 2330 863 2370 vinculum
884 2329 1143 2379 charitatis,
1167 2336 1368 2380 quantus
1390 2329 1588 2381 denique
1608 2329 1848 2380 profectus
1878 2329 1969 2381 spi-

332 2402 515 2442 ritualis
537 2408 782 2453 sequatur;
810 2412 927 2452 quae
958 2400 1114 2440 omnia
1135 2411 1259 2439 nunc
1280 2400 1590 2451 supprimam,
1616 2400 1837 2452 quoniam
1866 2412 1921 2440 ea
1944 2412 1970 2440 a

334 2472 384 2512 Ρ.
421 2472 576 2512 Natali
608 2472 845 2524 copiosius
875 2483 1013 2511 nosse
1041 2477 1190 2522 potes.
1226 2472 1381 2512 Unum
1409 2471 1542 2521 illud,
1570 2482 1628 2511 ne
1656 2483 1759 2511 meo
1790 2471 1971 2511 muneri

335 2544 497 2583 deesse
519 2544 704 2594 videar,
728 2555 821 2583 non
844 2543 1242 2594 praetermittam:
1264 2541 1562 2582 foelicissime
1584 2542 1660 2582 hic
1683 2554 1709 2582 a
1731 2541 1780 2582 Ρ.
1803 2541 1970 2582 Natale

335 2626 435 2654 rem
457 2614 629 2655 Christi
649 2620 834 2665 gestam
855 2614 1140 2665 multamque
1160 2614 1311 2654 lucem
1328 2619 1373 2653 et
1393 2613 1566 2653 nostris
1588 2619 1632 2653 et
1652 2613 1827 2653 exteris
1847 2613 1969 2653 illius

335 2686 588 2726 adventum
626 2685 672 2725 in
698 2686 838 2725 rebus
867 2684 1115 2725 Societatis
1142 2684 1367 2724 attulisse.
1402 2684 1577 2725 Videas
1604 2696 1727 2724 nunc
1764 2684 1971 2724 omnium

335 2757 516 2796 animos
538 2757 585 2796 in
616 2767 839 2807 magnam
875 2756 1249 2807 expectationem
1284 2761 1466 2795 erectos
1500 2762 1545 2795 et
1581 2755 1807 2806 optimam
1828 2754 1972 2795 futuri

335 2828 558 2879 temporis
593 2839 723 2880 spem
752 2840 810 2868 ex
845 2834 941 2867 tam
968 2827 1105 2867 hilari
1133 2827 1298 2866 messis
1319 2826 1449 2866 initio
1485 2827 1771 2878 concepisse.
1801 2826 1970 2866 Nescio

336 2900 460 2938 enim
483 2899 592 2950 quid
613 2910 839 2950 magnum
862 2898 1035 2939 Christi
1054 2898 1166 2950 Jesu
1185 2898 1370 2937 bonitas
1391 2909 1450 2937 ex
1470 2898 1562 2937 tuis
1581 2898 1765 2948 legibus
1786 2897 1969 2948 pollice-

336 2976 410 3009 tur
442 2977 485 3009 et
517 2978 742 3022 tanquam
777 2982 836 3010 ex
863 2981 1017 3020 ungue
1047 2970 1229 3009 leonem
1259 2968 1368 3020 quid
1395 2969 1442 3009 in
1469 2974 1710 3020 posterum
1735 2968 1890 3009 futura
1912 2968 1970 3008 sit

336 3040 548 3081 Societas
582 3041 982 3081 subolfaciendum
1018 3040 1234 3080 ostendit.
1263 3040 1414 3081 Tuum
1443 3046 1512 3080 est
1546 3051 1690 3091 nunc,
1714 3039 1873 3090 Pater,
1909 3039 1969 3079 ad
