2168 3437
852 249 936 286 AN.
968 248 1060 286 1553
1715 247 1782 283 177

137 349 346 403 perutile
366 353 466 389 tum
487 351 608 388 certe
629 345 949 387 necessarimm
967 349 1018 385 ut
1037 356 1197 385 omnes
1221 343 1353 384 ultra
1374 349 1560 395 semper
1575 349 1668 395 pro
1673 355 1781 394 gre-

147 422 356 461 diantur.
380 418 562 470 Reliqui
577 418 763 467 fratres,
784 417 863 468 qui
878 417 986 456 huic
1003 416 1199 456 docendi
1218 415 1400 456 muneri
1416 427 1509 454 non
1527 420 1633 454 sunt
1650 426 1780 466 prae-

148 493 272 542 fecti,
297 490 513 543 quamvis
535 489 831 540 implicantur
854 487 1124 527 domesticis
1153 487 1313 538 rebus,
1347 498 1441 526 non
1467 493 1625 526 tamen
1651 497 1784 537 prae-

148 563 406 604 termittunt
426 559 803 600 christianorum
824 557 1187 598 institutionem.
1212 558 1396 598 Etenim
1423 558 1482 608 is,
1508 558 1586 609 qui
1607 568 1683 597 res
1709 569 1784 597 ne·

149 634 379 674 cessarias
420 632 529 672 emit
550 664 558 682 ,
602 632 723 671 inter
765 629 1137 681 comparandum
1179 641 1371 680 operam
1413 629 1492 669 dat
1539 635 1785 680 quaestum

151 706 341 757 spiritus
361 704 534 753 facere,
557 702 815 742 adhortans
833 701 952 750 illos,
972 712 999 739 a
1018 700 1184 752 quibus
1203 700 1312 751 quid
1329 702 1453 750 emit,
1472 704 1516 739 et
1532 699 1590 740 ad
1608 699 1786 739 confes—

150 778 330 818 sionem
351 775 477 816 etad
505 774 720 826 officium
748 776 791 813 et
818 773 1055 812 virtutem:
1088 783 1180 823 qua
1208 771 1394 823 quidem
1422 778 1521 811 arte
1551 772 1598 811 in
1625 771 1788 822 primis

151 850 451 888 extruuntur
472 851 516 886 et
538 845 597 885 ad
618 844 666 884 id
698 844 933 895 agendum
960 843 1274 894 impelluntur.
1305 842 1431 882 Idem
1458 843 1623 891 frater,
1653 842 1789 882 simul

149 925 291 971 atque
313 919 360 958 in
380 918 503 957 hanc
524 917 688 957 urbem
714 915 1014 963 advenimUS,
1038 914 1234 966 patienti
1263 920 1307 954 et
1334 915 1482 955 alacri
1509 914 1663 953 animo
1694 915 1790 965 plu-

155 990 274 1030 rima
295 989 545 1029 maledicta
566 993 610 1027 et
642 985 948 1026 contumelias
982 986 1028 1025 in
1055 985 1145 1025 viis
1171 985 1380 1036 pertulit,
1415 985 1571 1036 quoad
1598 996 1681 1024 sua
1712 996 1789 1036 pa-

154 1061 317 1102 tientia
340 1071 423 1100 ora
444 1060 812 1099 obtrectatorum
833 1057 1044 1097 occlusit.
1069 1056 1210 1096 Alius
1231 1067 1334 1096 cum
1356 1056 1509 1096 tribus
1526 1059 1790 1107 quatuorve

155 1131 446 1172 distineatur
472 1128 743 1169 domesticis
772 1128 974 1179 officiis,
1005 1140 1057 1167 ea
1086 1132 1243 1167 tamen
1278 1132 1497 1167 accurate
1530 1130 1573 1166 et
1600 1127 1792 1166 honeste

152 1206 320 1243 tuetur
340 1205 384 1242 et
405 1200 550 1251 gerit.
581 1199 915 1250 Unusquisque
936 1199 1274 1238 cousuetudine
1295 1203 1338 1238 et
1360 1198 1656 1238 humanitate
1683 1202 1794 1248 pro-

157 1274 320 1314 ximos
342 1272 585 1312 devinctos
606 1274 649 1311 et
669 1274 921 1310 extructos
941 1273 1097 1309 tenere
1125 1274 1340 1310 conatur.
1366 1270 1463 1310 Iam
1494 1281 1606 1309 vero
1635 1281 1796 1309 omnes

160 1346 206 1385 in
228 1345 386 1394 literis,
412 1343 628 1395 quamvis
649 1342 696 1382 in
718 1342 821 1381 aliis
843 1341 982 1381 rebus
1004 1340 1222 1392 impediti
1244 1341 1342 1380 siut
1357 1374 1369 1391 ,
1387 1341 1612 1391 fructum
1640 1344 1796 1380 tamen

151 1415 361 1467 faciamt.
385 1414 482 1454 Alii
502 1413 659 1453 latinis
681 1419 725 1453 et
742 1413 942 1463 graecis,
963 1413 1041 1452 alii
1058 1413 1214 1452 latinis
1231 1419 1413 1452 tantum
1431 1413 1630 1462 student,
1651 1412 1798 1462 iisque

163 1499 247 1539 pro
260 1486 439 1527 viribus
454 1496 502 1525 se
515 1489 751 1524 exercent.
771 1483 904 1534 Quod
919 1489 1074 1523 autem
1087 1490 1268 1535 spectat
1286 1484 1345 1523 ad
1360 1495 1603 1523 numerum
1620 1495 1796 1532 eorum,

165 1557 243 1609 qui
263 1557 339 1597 hic
362 1556 560 1607 agimus,
585 1555 726 1594 iidem
747 1566 1010 1603 manemus,
1034 1555 1112 1605 qui
1135 1567 1161 1594 a
1182 1562 1248 1605 te,
1279 1554 1437 1605 Pater,
1468 1555 1639 1594 fuimus
1671 1554 1800 1593 missi

167 1632 219 1668 ut
247 1627 332 1667 lzoc
363 1626 626 1677 Collegium
644 1626 988 1676 fundaremus.
1018 1625 1271 1677 Speramus
1299 1632 1454 1666 tamen
1482 1626 1615 1666 brevi
1644 1637 1799 1665 nume-

168 1711 271 1740 rum
305 1697 586 1750 augendum.
623 1697 811 1736 Etenim
844 1701 915 1736 est
948 1697 1223 1737 adolescens
1249 1697 1440 1748 quidam
1468 1696 1807 1747 duodeviginti

169 1781 323 1810 annos
343 1773 506 1820 natus,
527 1768 611 1820 qui
627 1780 729 1808 sese
747 1768 796 1807 iu
818 1768 904 1808 luzc
925 1768 1155 1808 Societate
1191 1768 1376 1808 Christo
1406 1773 1557 1808 totum
1583 1767 1802 1817 tradidit,

171 1840 548 1881 necessariorum
576 1851 803 1890 assensu,
831 1843 970 1890 atque
997 1840 1137 1879 etiam
1158 1844 1301 1891 pater
1327 1840 1429 1879 eius
1457 1841 1519 1879 ad
1547 1851 1633 1879 uos
1661 1839 1803 1879 1101111-

172 1923 275 1952 nem
304 1911 513 1951 adduxit
546 1914 598 1951 ut
628 1910 678 1950 iu
715 1910 991 1951 Societatem
1027 1911 1391 1951 adscriberetur.
1437 1912 1681 1951 Caeterum
1711 1922 1804 1950 nou

172 1983 462 2033 adiungitur
482 1982 543 2021 ad
564 1993 669 2033 uos,
685 1981 973 2033 priusquam
994 1982 1096 2022 eius
1112 1983 1383 2022 constantia
1394 1988 1484 2034 per
1500 1982 1687 2033 aliquos
1707 1982 1807 2021 dies

172 2057 412 2094 cernatur.
443 2053 624 2093 Paucis
653 2057 811 2093 tamen
845 2053 1011 2093 ablu'uc
1040 2054 1200 2093 diebus
1234 2054 1453 2094 adveniet
1483 2058 1535 2094 ut
1568 2053 1806 2093 uobiscum

174 2129 313 2177 agat:
335 2124 671 2176 grammaticis
693 2128 763 2164 est
784 2125 992 2164 imbutus
1014 2136 1067 2164 ac
1087 2126 1370 2177 parentibus
1399 2125 1612 2166 honestis
1640 2129 1684 2165 et
1711 2129 1807 2165 stu-

180 2195 330 2236 diosis
351 2199 505 2236 ortus.
1067 2250 1071 2254 .

258 2266 390 2307 Satis
411 2266 563 2306 multa
584 2266 749 2306 videor
768 2267 1023 2318 scripsisse
1043 2269 1098 2307 de
1120 2268 1586 2318 uostrisfratribus,·
1604 2280 1725 2308 nunc
1741 2279 1808 2308 rc-

179 2339 356 2390 liquum
377 2345 445 2377 cst
466 2343 514 2377 ut
535 2338 699 2389 paucis
721 2344 764 2378 te
787 2339 1035 2378 certiorem
1064 2339 1237 2379 faciam
1259 2346 1357 2379 tum
1379 2340 1434 2379 de
1455 2340 1698 2379 literarum
1719 2346 1808 2378 stu-

181 2409 269 2449 diis
290 2415 388 2448 tum
409 2409 464 2448 de
487 2407 795 2460 scholasticis,
819 2410 898 2461 qui
914 2411 1457 2461 nostramfrequeutant
1474 2411 1697 2450 scholam.
1717 2409 1811 2449 Pri-

183 2491 310 2520 mum
331 2479 473 2531 igitur
495 2479 599 2519 dico
621 2491 868 2520 numerum
887 2481 1204 2522 studiosorum
1226 2483 1273 2522 in
1293 2489 1494 2533 quatuor
1515 2482 1812 2522 distributum

180 2562 286 2591 *esse
308 2551 496 2601 classes,
517 2556 561 2590 et
579 2550 625 2590 in
641 2551 837 2602 singulis
854 2563 955 2592 esse
973 2553 1251 2593 constitutos
1265 2560 1612 2604 praeceptoreS,
1633 2553 1813 2604 quipro

185 2622 521 2672 discipulorum
542 2620 589 2660 in
594 2621 735 2671 genio
757 2623 979 2663 lectiones
1000 2623 1184 2664 liabent.
1208 2624 1270 2663 In
1284 2625 1446 2675 prima
1468 2624 1620 2663 classe
1635 2636 1699 2663 ex
1717 2623 1815 2664 lite-

187 2692 257 2732 ris
277 2692 405 2732 haud
426 2692 676 2732 mediocris
697 2693 965 2745 percipitur
982 2695 1200 2745 fructus.
1230 2696 1535 2735 Exercentur
1559 2695 1609 2734 in
1638 2700 1816 2747 compo-

188 2763 355 2803 nendis
375 2763 698 2813 orationibus,-
727 2776 896 2816 easque
922 2766 1174 2806 memoriae
1199 2767 1542 2817 commendare,
1577 2769 1629 2806 ut
1658 2766 1819 2807 diebus

179 2835 329 2885 festis
363 2835 492 2886 apud
527 2835 868 2876 commilitones
894 2837 1112 2888 habeant,
1146 2838 1393 2889 incipiunt.
1423 2838 1646 2878 Aliarum
1679 2840 1819 2880 etiam

191 2905 417 2945 classium
437 2906 647 2946 studiosi
663 2906 868 2946 ulterius
888 2908 1301 2959 progrediuntur,
1327 2913 1371 2949 et
1396 2910 1568 2961 paucis
1595 2915 1704 2952 ante
1733 2911 1822 2951 die-

192 2976 278 3015 bus
298 2976 562 3016 exemimus
582 2976 735 3017 decem
756 2977 923 3018 tertiae
943 2978 1117 3018 classis
1133 2983 1176 3018 et
1192 2979 1242 3019 in
1258 2981 1513 3021 secundam
1531 2982 1823 3033 redegimus:

190 3046 350 3086 eodem
371 3047 536 3087 ordine
557 3048 788 3098 quosdam
809 3050 1042 3089 secundae
1061 3050 1110 3089 in
1131 3050 1337 3101 primam
1360 3052 1626 3093 retulimus.
1654 3054 1825 3093 Omnes

388 3123 437 3159 T.
459 3135 500 3158 11.
1575 3139 1612 3163 12
