2168 3437
392 187 457 224 1011
903 189 1130 226 LITTERAE
1158 201 1518 232 QUADRIMESTRES

387 285 685 336 promiscuae
705 285 831 325 Vitae
853 297 935 325 seu
956 285 1120 326 variae
1144 286 1453 337 professionis
1483 287 1747 328 hominibus
1770 289 2028 330 accedenti-

388 356 475 395 bus
496 356 744 396 ministrat.
767 356 979 396 Infirmos
1009 368 1065 396 ac
1086 357 1391 397 moribundos
1412 357 1695 409 frequentat,
1726 360 1892 411 quibus
1923 373 2029 401 con-

388 426 605 467 fessionis
627 439 681 467 ac
703 427 926 478 spiritalis
948 428 1282 468 consolationis
1299 428 1468 468 author
1490 434 1573 480 est,
1597 441 1888 482 quorumque
1923 444 2027 471 con-

388 497 617 538 fessiones
634 498 785 548 audit,
810 498 899 537 nisi
919 497 1126 538 secunda
1148 499 1225 539 illa
1246 505 1352 550 post
1368 499 1670 550 naufragium
1692 501 1850 542 tabula
1866 514 2027 554 pecca-

389 575 543 609 torum
571 575 898 620 tempestatem
918 569 1176 610 incolumes
1211 571 1450 610 evaserint
1479 577 1559 611 aut
1589 571 1637 611 in
1659 573 1849 613 alterius
1876 573 2031 613 sinum

389 640 708 680 conscientiae
731 652 844 680 suae
865 652 1009 680 onera
1032 641 1266 692 deponere
1288 642 1466 682 malint,

468 709 558 751 Sed
575 722 631 750 ne
648 712 909 762 promissae
924 712 1170 752 brevitatis
1187 713 1355 752 limites
1373 713 1650 764 spiritalium
1668 715 2029 766 occupationum

387 782 627 821 enarratio
650 788 893 833 excurrat,
915 783 974 822 ad
992 783 1305 835 negotiorum,
1329 784 1566 835 privilegii
1593 785 1909 837 consequendi
1938 792 2030 827 stu-

388 852 515 892 dium
537 859 579 892 et
602 853 797 904 Collegii
819 854 1102 894 erectionem
1129 855 1455 906 spectantium,
1481 856 1842 906 explicationem
1863 869 2027 908 prope-

388 936 561 974 ramus,
600 936 740 976 quam
779 925 911 964 brevi
945 925 1163 965 methodo
1198 937 1542 977 percurremus.
1581 926 1778 978 Collegii
1813 928 2027 979 erigendi

387 995 675 1046 facultatem,
699 996 792 1036 iam
814 1003 920 1036 ante
947 997 1185 1036 biennium
1212 997 1322 1047 fere,
1355 1009 1381 1036 a
1413 997 1542 1048 Rege
1573 997 1973 1039 Christianissimo
2001 1000 2024 1051 ¹,

388 1066 787 1107 Reverendissimi
825 1067 1089 1107 Cardinalis
1129 1067 1409 1119 Lotharingi
1443 1067 1456 1086 ‘·'
1484 1070 1769 1121 patrocinio,
1806 1069 2031 1111 Societati

387 1149 678 1189 concessam,
699 1139 746 1178 in
770 1138 1030 1179 Academia
1051 1138 1320 1190 Parisiensi‚
1343 1139 1543 1180 Senatus
1564 1140 1844 1182 Parisiensis
1865 1141 2027 1182 suffra-

387 1209 516 1259 gium
532 1210 732 1249 necdum
749 1210 1059 1260 confirmavit,
1079 1211 1255 1261 negotii
1272 1222 1518 1251 successus
1541 1212 1785 1263 aliquoties
1808 1212 1935 1253 facto
1957 1225 2033 1264 pe-

388 1281 535 1321 riculo
558 1293 724 1332 parum
750 1281 884 1321 nobis
914 1287 1161 1321 annuente.
1196 1281 1341 1333 Atqui
1367 1281 1489 1322 Rſslus
1512 1282 1650 1323 Pater
1681 1290 1856 1334 noster,
1885 1283 2035 1325 divini

387 1352 611 1404 praesidii
644 1358 688 1392 et
719 1352 979 1392 amicorum
1005 1352 1175 1392 fiducia
1204 1353 1366 1404 fretus,
1396 1354 1573 1405 negotii
1608 1354 1859 1396 admodum
1892 1356 2030 1396 ardui

388 1424 465 1464 diu
488 1430 699 1475 optatum
722 1423 858 1463 finem
879 1423 1035 1463 facere
1058 1425 1273 1475 proximo
1300 1424 1443 1475 Regis
1466 1426 1671 1466 adventu
1702 1427 1930 1467 sollicitus
1960 1439 2030 1467 sa-

386 1501 537 1545 taget,
578 1495 716 1546 idque
752 1494 870 1534 Rmi.
909 1495 1173 1535 Cardinalis
1211 1497 1357 1536 altera
1393 1496 1728 1538 intercessione
1768 1498 2026 1549 efflagitata

388 1567 542 1618 (quem
580 1578 671 1606 una
708 1578 814 1606 cum
848 1565 976 1617 Rege
1014 1567 1285 1618 propediem
1312 1568 1388 1607 hic
1416 1570 1787 1619 praestolamur)
1806 1600 1812 1618 ,
1853 1576 2031 1621 utpote,

388 1637 779 1690 quemadmodum
802 1649 850 1677 se
867 1637 1116 1678 Societatis
1134 1645 1453 1690 protectorem
1470 1640 1727 1691 professus,
1747 1640 1991 1692 Privilegii
2005 1654 2033 1682 a

387 1709 517 1760 Rege
548 1709 783 1759 impetrati
809 1715 914 1760 post
943 1709 1095 1749 Deum
1123 1711 1258 1750 nobis
1288 1711 1456 1751 author
1490 1712 1718 1762 extiterit,
1752 1713 1816 1752 ita
1847 1724 2034 1764 quoque

388 1781 537 1821 altera
558 1781 662 1820 vice
688 1779 969 1831 persuadeat
989 1780 1109 1831 Regi
1129 1787 1178 1820 ut
1203 1780 1426 1821 Senatum
1449 1782 1495 1821 in
1517 1781 1759 1833 Privilegii
1789 1783 2036 1826 confirma-

388 1852 561 1892 tionem
579 1852 807 1891 inducere
824 1858 868 1891 et
883 1850 1130 1891 Societatis
1149 1853 1494 1903 promotionem
1510 1854 1569 1893 ad
1586 1853 1834 1906 Evangelii
1856 1855 2037 1895 uberio-

387 1935 489 1963 rem
509 1922 717 1962 fructum
739 1922 1024 1974 persuadere
1044 1923 1279 1974 dignetur,
1301 1924 1359 1963 ad
1376 1924 1479 1964 Iesu
1497 1924 1689 1976 Christi,
1713 1926 1880 1966 summi
1895 1926 2040 1977 Regis

389 2007 445 2035 ac
479 1994 782 2043 Monarchae,
815 1994 1075 2044 gloriosum
1103 2006 1273 2034 nomen
1304 1996 1689 2046 propagandum.
1719 1997 1858 2037 Faxit
1880 1996 2041 2037 divina

387 2066 597 2117 potentia
618 2071 667 2105 ut
689 2076 805 2116 opus
833 2065 956 2104 istud
983 2065 1186 2116 grande,
1212 2078 1238 2105 a
1260 2066 1398 2106 Patre
1420 2066 1633 2118 Baptista
1664 2080 1888 2120 prospere
1922 2068 2034 2108 huc-

388 2148 533 2188 usque
555 2136 846 2187 perductum‚
867 2135 1020 2176 Patris
1037 2136 1279 2177 Paschasii
1299 2149 1441 2189 opera
1457 2138 1725 2179 felicissime
1743 2139 2033 2191 perficiatur,

388 2208 522 2248 cuius
542 2207 643 2259 pios
671 2212 868 2246 conatus
895 2206 1018 2246 R.<³ae
1042 2206 1176 2247 Pat.is
1198 2213 1305 2247 tuae
1325 2207 1511 2249 Sanctis
1533 2210 1825 2250 orationibus
1847 2222 2039 2262 promo-

394 2278 574 2319 vendos
596 2289 854 2330 speramus.

471 2349 914 2390 Reverendissimus
937 2348 1166 2389 Dominus
1189 2350 1449 2401 Episcopus
1471 2350 1878 2392 Claramontensis
1908 2351 1936 2403 ⁵,
1961 2352 2039 2393 So-

395 2421 579 2461 cietatis
601 2426 791 2460 nostrae
813 2425 1054 2471 patronus,
1077 2420 1265 2460 domum
1282 2421 1586 2462 habitationis
1602 2430 1812 2472 nostrae,
1830 2424 2038 2475 gratuita

396 2492 541 2543 ipsius
559 2491 864 2532 concessione
880 2491 1015 2531 nobis
1031 2492 1325 2542 permissam.
1343 2493 1502 2543 elapso
1516 2505 1674 2534 mense
1694 2495 1935 2546 ingressus
1954 2500 2037 2535 est:

392 2569 556 2603 nostro
581 2563 829 2614 colloquio,
853 2562 991 2602 Patre
1027 2562 1233 2613 absente,
1266 2563 1557 2604 familiariter
1585 2565 1867 2606 delectatus:
1900 2578 2041 2618 quam

392 2635 531 2674 nobis
549 2634 672 2674 dono
689 2633 979 2685 promittere,
999 2633 1160 2673 habita
1176 2634 1370 2685 Collegii
1388 2636 1599 2686 erigendi
1614 2642 1844 2687 potestate
1861 2637 1917 2676 ab
1937 2637 2038 2688 ipso
2074 2640 2078 2644 “

398 2704 587 2755 Senatu,
613 2710 904 2756 perseverat,
931 2710 975 2744 et
996 2703 1227 2744 Dominae
1252 2701 1733 2759 Margaretae,Regis
1759 2708 1911 2747 sorori
1932 2720 2038 2759 pru-

452 2868 459 2887 ¹
503 2867 670 2894 Henricus
686 2867 727 2894 11.

449 2916 462 2933 2
501 2915 643 2942 Carolus
667 2915 706 2941 de
729 2915 851 2947 Guisa,
876 2914 1045 2942 Guisanus
1070 2913 1280 2946 Cardinalis
1304 2915 1361 2941 scd
1383 2916 1425 2942 ab
1447 2923 1534 2942 anno
1559 2916 1627 2943 1550
1647 2916 1894 2952 Lotharingius
1917 2918 2041 2945 dictus.

401 2962 489 2989 Vide
505 2962 673 2995 Pomxco,
693 2962 826 2995 Chron„
845 2967 868 2989 t.
885 2970 918 2995 Π,
935 2969 1014 2996 pag.
1030 2962 1074 2995 90,
1091 2966 1159 2988 not.
1177 2962 1200 2988 1.

450 3010 463 3028 ³
506 3009 706 3036 Guilielmus
723 3010 765 3036 du
781 3010 875 3036 Prat.
