2168 3437
849 285 932 322 AN.
965 285 1056 322 1553
1698 281 1765 318 241

62 413 68 418 -
128 387 307 439 aliquot
328 385 576 426 visibiliter
593 395 699 424 cum
721 382 947 423 daemone
965 382 1232 423 conversati
1249 387 1372 431 sunt,
1392 381 1470 433 qui
1486 392 1568 433 per
1589 379 1766 421 confes-

131 460 311 499 sionem
333 463 377 497 et
399 455 683 496 sanctissimi
704 454 915 505 corporis
936 453 1009 494 Χῖ
1038 453 1349 504 sumptionem
1369 453 1518 493 vitam
1538 452 1585 492 in
1605 451 1770 492 melius

104 556 107 560 ,
129 533 482 569 converterunt.
506 526 786 566 Benedictus
807 524 949 564 Deus.
974 524 1093 564 Aliis
1123 524 1265 564 etiam
1292 524 1559 564 hominibus
1588 522 1772 562 afflictis

134 599 276 649 adfui,
319 599 396 650 qui
430 597 680 649 plurimum
718 596 765 636 in
799 595 987 636 domino
1027 595 1257 634 consolati
1297 600 1418 634 sunt.
1461 594 1594 634 Multi
1632 594 1773 634 etiam

135 670 383 711 adfuerunt
417 668 551 708 nobis
580 666 866 716 consulendi,
899 665 1169 715 confitendi,
1203 665 1313 705 boni
1348 665 1522 716 aliquid
1556 664 1774 705 audiendi

129 742 291 794 *gratia
314 741 372 781 ad
393 740 541 779 vitam
563 737 907 789 corrigendam.
926 737 1085 777 Bonus
1107 737 1221 777 odor
1243 736 1492 777 Societatis
1508 742 1707 787 augetur
1728 736 1774 776 in

137 813 251 863 dies,
276 811 356 851 sed
378 823 472 851 non
493 809 663 850 dormit
684 809 898 859 daemon,
922 808 1000 860 qui
1018 808 1194 859 optima
1212 819 1396 859 semper
1413 814 1609 848 conatur
1625 808 1773 848 inver-

138 890 251 934 tere,
285 888 364 922 aut
392 881 631 932 impedire.
663 879 814 930 Quam
842 890 958 919 vera
985 879 1044 918 sit
1072 879 1290 930 Apostoli
1311 879 1540 918 sententia
1563 879 1775 919 dicentis:

139 953 311 1005 quipse
329 953 379 992 iu
408 951 594 991 Christo
617 950 788 990 volunt
815 949 993 1001 vivere,
1015 949 1393 1001 persecutionem
1414 949 1681 1000 patientur,
1703 962 1776 990 ex-

140 1025 346 1077 perimur
367 1023 587 1075 quotidie,
609 1021 888 1062 Benedictus
910 1021 1154 1072 Dominus,
1179 1026 1229 1061 ut
1250 1021 1289 1060 si
1312 1021 1391 1073 qui
1412 1032 1461 1060 se
1482 1019 1556 1061 Xfi
1585 1021 1777 1061 servitio

142 1095 412 1146 mancipare
446 1093 711 1143 intendunt,
750 1097 970 1144 parentes
1006 1097 1056 1132 ut
1090 1092 1250 1132 leones
1281 1103 1502 1144 rapaces,
1539 1092 1586 1132 in
1616 1104 1777 1132 eorum

141 1168 260 1208 filios
287 1171 502 1217 surgunt,
541 1177 596 1205 ac
629 1165 755 1205 omni
785 1169 957 1204 conatu
985 1163 1253 1214 retrahunt;
1291 1163 1415 1214 quod
1448 1164 1487 1204 si
1522 1164 1778 1204 terroribus

138 1245 283 1289 atque
304 1237 543 1277 blanditiis
563 1248 656 1276 non
678 1241 887 1287 possunt,
905 1236 1131 1275 invocant
1147 1234 1394 1275 brachium
1411 1236 1654 1275 saeculare
1671 1241 1720 1275 ut
1734 1236 1781 1275 vi

143 1309 458 1359 retrahantur,
498 1320 553 1348 ac
580 1308 696 1348 bene
730 1307 918 1358 incepta
948 1307 1237 1358 relinquant,
1274 1312 1324 1346 ut
1350 1306 1638 1358 experientia
1669 1307 1782 1346 satis

141 1380 302 1430 didici,
326 1380 404 1431 qui
425 1379 501 1419 hic
523 1379 643 1419 ΚΑΜ
663 1378 792 1430 sequi
813 1377 939 1428 velit,
962 1377 1051 1418 hoc
1078 1377 1125 1417 in
1147 1377 1331 1417 silentio
1353 1377 1509 1418 facere
1533 1376 1543 1396 ¹
1566 1377 1716 1429 debet,
1739 1384 1783 1418 et

146 1451 336 1492 tandem
357 1451 511 1491 adhuc
533 1451 654 1489 clam
674 1448 837 1500 fugere
860 1449 1058 1500 cogitur,
1083 1449 1190 1501 quia
1211 1449 1436 1489 mundum
1457 1449 1718 1500 relinquere
1739 1456 1784 1489 et

147 1528 339 1563 sanctae
376 1521 667 1561 obedientiae
701 1521 812 1571 iugo
847 1532 896 1560 se
929 1520 1201 1560 submittere
1243 1520 1475 1560 insaniam
1506 1526 1550 1560 et
1583 1521 1785 1560 dedecus

146 1605 370 1645 magnum
401 1598 634 1644 reputant.
671 1591 821 1632 Tanta
848 1598 917 1631 est
944 1591 1020 1631 hic
1051 1591 1293 1631 hominum
1326 1591 1545 1632 caecitas.
1578 1592 1634 1632 Et
1668 1592 1785 1632 haec

146 1676 239 1705 una
262 1676 405 1705 causa
426 1664 526 1713 fuit,
559 1674 705 1715 quare
728 1662 989 1703 confratres
1018 1663 1166 1702 nostri
1195 1662 1424 1714 Magister
1450 1662 1656 1715 Joannes
1680 1675 1786 1703 cum

148 1736 251 1776 aliis
273 1735 413 1776 sociis
434 1734 461 1785 ²,
488 1735 648 1775 insciis
668 1734 954 1786 parentibus,
979 1735 1101 1774 clam
1122 1733 1320 1774 Romam
1342 1734 1541 1786 profecti
1568 1735 1657 1774 sint
1685 1735 1784 1775 ulti-

143 1819 223 1848 ma
239 1807 412 1857 Martii,
436 1806 544 1857 quia
566 1806 737 1845 bonum
761 1816 877 1856 opus
895 1804 1263 1856 impedivissent,
1285 1805 1378 1857 qui,
1398 1812 1502 1857 post
1520 1818 1681 1846 eorum
1698 1806 1785 1846 dis-

149 1890 347 1929 cessum,
379 1877 673 1928 tragoediam
700 1877 909 1916 excitare
939 1876 1096 1917 conati
1118 1883 1240 1927 sunt,
1274 1876 1357 1917 sed
1387 1877 1603 1917 dominus
1632 1878 1787 1918 omnia

148 1949 290 1989 vertit
311 1949 358 1988 in
388 1949 568 1998 melius,
601 1949 664 1988 ita
699 1953 748 1987 ut
782 1947 968 1999 plurimi
998 1958 1160 1987 eorum
1195 1947 1320 1987 bona
1352 1948 1583 1988 desideria
1617 1949 1789 1989 imitari

148 2020 352 2061 maxime
376 2020 655 2060 desiderent.
689 2019 765 2059 Ad
792 2026 1007 2059 senatum
1036 2024 1237 2059 vocatus
1258 2019 1339 2069 fui,
1371 2020 1453 2060 sed
1480 2020 1543 2060 ita
1575 2020 1790 2061 dominus

146 2091 276 2132 dedit
296 2091 437 2142 loqui,
463 2097 512 2131 ut
534 2092 688 2131 nullus
704 2090 896 2130 haberet
914 2090 1128 2142 amplius,
1148 2089 1270 2141 quod
1287 2090 1478 2131 diceret.
1509 2091 1676 2132 Omnia
1698 2092 1790 2133 iam

150 2169 319 2214 pacata
341 2169 462 2202 sunt.

230 2232 403 2284 Magna
416 2233 552 2273 nobis
569 2244 676 2284 spes
689 2239 760 2273 est
776 2232 852 2272 hic
866 2233 1051 2283 collegii
1068 2232 1283 2283 habendi,
1299 2234 1423 2285 quod
1440 2235 1571 2274 multi
1588 2235 1791 2275 maxime

151 2309 391 2355 cuperent,
404 2310 454 2344 ut
466 2304 522 2344 de
534 2304 815 2345 necessariis
831 2304 895 2344 illi
908 2304 1159 2356 providere
1170 2287 1366 2356 p‘ossint.
1378 2305 1500 2346 Rflus
1511 2306 1650 2346 Pater
1664 2307 1790 2358 prior

150 2375 421 2416 carthusiae
450 2374 464 2393 ⁵
487 2387 593 2416 cum
621 2375 1133 2427 primumintellexerit
1161 2387 1469 2428 progressum
1498 2378 1682 2429 collegii
1714 2390 1790 2418 no-

153 2446 238 2487 stri
260 2446 384 2498 apud
405 2446 741 2497 Lovanienses,
765 2446 961 2486 intendit
982 2458 1212 2487 summam
1233 2445 1249 2465 ‘²
1269 2448 1495 2500 pecuniae
1517 2448 1576 2488 ad
1597 2461 1676 2489 eos
1693 2449 1792 2490 mit-

154 2523 274 2568 tere;
297 2517 422 2557 idem
451 2517 652 2557 intendit
670 2523 715 2557 et
745 2517 967 2558 Coloniae
990 2518 1162 2570 facere,
1187 2530 1293 2559 cum
1313 2520 1514 2571 primum
1535 2520 1683 2560 nostri
1703 2520 1791 2560 col-

154 2589 264 2640 legii
280 2588 511 2640 principia
528 2588 839 2640 prospexerit,
852 2589 931 2641 qui
946 2589 1197 2641 plurimum
1215 2590 1509 2630 commendat
1524 2602 1573 2630 se
1589 2590 1638 2630 P.
1653 2589 1730 2642 V.,
1749 2597 1793 2631 et

155 2659 277 2700 R.d¹1S
298 2659 530 2700 Dominus
552 2660 730 2700 Doctor
748 2659 1037 2712 Grupperus,
1057 2661 1311 2712 singularis
1330 2662 1509 2702 amicus
1525 2668 1684 2702 noster
1701 2660 1730 2714 ⁵,
1749 2669 1793 2703 et

156 2742 243 2770 nos
265 2742 428 2771 omnes
456 2730 839 2771 commendamus
867 2730 915 2771 P.
946 2731 1005 2772 V.
1036 2743 1235 2784 semper.

214 2867 225 2887 ¹
261 2867 352 2901 fieri.
370 2867 503 2895 Kessel.

214 2913 228 2933 2
265 2914 383 2942 Verba
404 2916 490 2942 haec
506 2915 681 2949 Magister
700 2914 860 2949 „Ioannes
875 2923 953 2943 cum
973 2916 1057 2943 aliis
1071 2917 1179 2943 socz'z's
1198 2916 1397 2944 interseruit
1412 2917 1666 2952 perspicuitatis
1681 2921 1797 2954 gratia

164 2962 343 2997 Polancus,
360 2963 456 2997 cujus
467 2963 544 2990 vide
563 2962 768 2994 Chronicon,
782 2966 805 2989 t.
820 2970 869 2997 111,
885 2971 963 2998 pag.
979 2964 1042 2998 266,
1060 2972 1090 2991 n.
1106 2964 1168 2991 595.

214 3009 228 3029 5
268 3009 479 3037 Cartlzusz'ae
494 3010 648 3037 additum
665 3018 685 3038 a
700 3010 859 3039 Polanco.

217 3058 232 3078 4
270 3058 396 3084 bonam
413 3065 590 3085 summam.
604 3058 784 3085 Polancus.

217 3104 232 3125 5
265 3106 443 3139 patronus
458 3105 643 3139 scripserat
658 3104 777 3132 Kessel
792 3105 847 3132 ubi
862 3105 1030 3134 Polaticus
1046 3107 1186 3134 amicus
1201 3109 1330 3135 noster.

356 3164 405 3198 Τ.
438 3176 480 3198 11.
1416 3159 1418 3161 ¹
1523 3168 1563 3202 16
