2168 3437
273 215 346 253 128
788 215 1015 252 LITTERAE
1043 226 1405 259 QUADmMESTREs

273 314 322 354 in
343 313 546 354 Domino
564 313 789 363 gaudeat?
814 313 1076 353 Nonnullae
1093 320 1339 354 matronae
1355 315 1534 355 nobiles
1551 316 1682 356 iuxta
1699 328 1754 356 ac
1777 316 1916 357 hone-

272 392 373 426 stae
394 385 523 426 Patri
543 386 729 426 xeniola
750 386 839 424 hoc
860 385 1015 425 fausto
1039 386 1149 426 anni
1170 387 1399 438 principio
1421 387 1610 439 misere,
1636 400 1777 440 quae,
1808 389 1917 429 licet

271 469 443 508 parva,
467 468 689 508 magnam
710 463 868 497 tamen
889 468 1004 508 erga
1025 469 1111 497 nos
1133 458 1509 499 benevolentiam
1530 459 1789 500 declarant.
1814 460 1916 500 Hae

273 528 415 568 etiam
449 540 598 579 parva
627 533 790 568 nostra
821 528 981 568 limina
1007 534 1167 569 tenere
1195 541 1288 570 non
1317 530 1646 582 dedignantur.
1675 531 1824 571 Porro
1852 532 1916 571 vi-

271 598 362 638 cini
384 598 532 638 nostri
553 609 726 650 magno
760 599 937 639 honore
958 611 1044 640 nos
1074 600 1292 652 indignos
1322 608 1686 653 prosequuntur.
1718 603 1917 643 Multum

268 681 356 709 nos
378 676 551 709 amant.
572 670 916 710 Lubentissime
938 677 982 710 et
1004 683 1110 711 cum
1131 672 1363 712 desiderio
1381 671 1571 713 Patrem
1588 673 1782 714 audiunt
1799 674 1914 714 eius-

271 752 360 792 que
382 741 588 780 consiliis
610 753 789 781 morem
809 748 994 793 gerunt.
1021 742 1191 783 Omnia
1213 744 1407 784 meliora
1435 745 1726 796 promittunt.

352 810 548 864 Saepius
572 812 825 853 confitendi
846 814 1245 865 opportunitatem
1266 821 1513 856 venantur.
1538 816 1663 856 Inter
1685 827 1801 868 quos
1822 828 1915 856 mu-

269 884 354 924 lier
376 884 607 936 quaedam
627 885 753 925 haud
779 885 966 925 infimae
994 893 1152 937 notae,
1185 898 1304 938 quae
1332 898 1479 939 usque
1511 887 1569 927 ad
1598 899 1743 928 canos
1770 888 1917 928 vitam

270 967 365 995 non
387 955 501 995 satis
523 956 719 1007 probam
741 962 783 996 et
806 956 1052 997 honestam
1076 957 1222 1008 duxit;
1245 958 1431 1009 iamque
1453 959 1589 999 annis
1611 959 1851 1010 decrepita
1872 959 1918 998 in

271 1027 374 1066 istis
395 1027 610 1066 sordibus
632 1028 750 1078 suis,
771 1028 906 1079 quasi
924 1028 1269 1069 conclamatum
1287 1035 1409 1069 esset
1427 1029 1483 1070 de
1500 1030 1672 1080 salute,
1697 1030 1791 1070 iam
1807 1030 1917 1070 Tar-

270 1097 361 1138 tari
380 1098 558 1141 soribus
579 1099 842 1150 propinqua
867 1100 1298 1151 computrescebat,
1322 1101 1482 1152 ignitis
1499 1101 1547 1141 P.
1570 1101 1805 1142 Leonardi
1823 1113 1918 1142 ser-

270 1169 484 1209 monibus
507 1170 624 1209 adeo
647 1170 853 1210 excitata
874 1169 980 1219 fuit,
1005 1176 1055 1211 ut
1077 1171 1229 1211 subito
1256 1171 1303 1211 in
1332 1172 1473 1212 aliam
1500 1178 1681 1212 mutata
1711 1173 1790 1223 sit;
1825 1173 1918 1213 iam

270 1240 368 1291 flet,
393 1241 487 1281 iam
509 1241 658 1292 luget,
682 1241 776 1281 iam
797 1248 891 1281 stat
913 1242 960 1282 in
981 1242 1116 1282 firma
1133 1243 1277 1283 animi
1293 1245 1525 1284 sententia
1542 1245 1772 1296 reliquum
1792 1245 1919 1285 vitae

270 1312 318 1351 in
349 1312 660 1352 amaritudine
689 1314 896 1362 animae,
928 1321 1124 1364 peccata
1153 1326 1236 1354 sua
1266 1315 1537 1366 recolendo,
1571 1316 1840 1366 traducere,
1874 1323 1919 1356 et

273 1384 470 1435 singulis
488 1384 793 1424 hebdomadis
816 1391 1080 1436 expurgato
1102 1386 1244 1426 corde
1259 1399 1343 1438 per
1363 1387 1727 1439 confessionem,
1747 1388 1916 1428 saluta-

269 1466 320 1495 re
344 1467 517 1507 corpus
539 1456 825 1496 dominicum
846 1468 1031 1497 sumere
1052 1458 1098 1497 in
1119 1458 1382 1509 gratiarum
1404 1459 1638 1499 actionem
1657 1471 1743 1511 pro
1775 1460 1917 1499 tantis

269 1526 526 1577 beneficiis,
552 1528 598 1567 in
618 1528 848 1579 propositi
870 1529 1206 1580 constantiam,
1237 1530 1422 1570 animae
1452 1531 1593 1570 robur
1623 1537 1667 1570 et
1697 1542 1916 1582 augmen-

270 1604 370 1638 tum
390 1598 588 1649 gratiae.
614 1598 830 1639 Profecto
854 1600 1049 1640 mutatio
1071 1601 1188 1641 haec
1212 1601 1436 1641 dexterae
1463 1602 1651 1642 excelsi.
1683 1601 1919 1654 Sapientis

271 1669 393 1709 enim
421 1670 720 1710 verissimum
754 1671 950 1711 dictum:
982 1671 1271 1722 adolescens,
1302 1672 1434 1712 iuxta
1463 1673 1589 1713 viam
1612 1685 1766 1724 suam,
1791 1685 1918 1715 sene-

271 1751 428 1791 scens,
454 1752 548 1781 non
570 1742 756 1782 recedet
779 1742 835 1781 ab
858 1754 928 1782 ea.
952 1742 1197 1783 Difficilius
1219 1744 1342 1783 enim
1363 1743 1491 1795 nihil,
1516 1751 1565 1784 ut
1587 1745 1633 1785 in
1663 1746 1917 1797 proverbio

269 1817 362 1863 est,
388 1823 553 1852 canem
576 1819 784 1853 veterem
815 1825 1089 1854 assuescere
1116 1815 1245 1854 loris.
1276 1814 1368 1855 Sed
1394 1815 1510 1855 nihil
1540 1816 1826 1867 impossibile
1858 1818 1913 1865 ei,

271 1883 403 1924 cuius
424 1884 557 1924 nutui
579 1885 735 1924 omnia
758 1885 1016 1925 subiacent.
1039 1885 1267 1937 Magnum
1288 1886 1377 1926 hoc
1399 1886 1487 1927 Dei
1507 1887 1783 1928 beneficium
1804 1886 1830 1926 ¹.
1851 1888 1914 1928 At

272 1955 424 1995 maius
445 1956 568 2006 quod
591 1956 816 2007 sequitur.

351 2026 553 2066 Famosa
583 2028 815 2078 quaedam
844 2029 1088 2077 meretrix,
1117 2029 1192 2069 ahl
1218 2030 1327 2081 quid
1349 2030 1446 2070 dixi
1468 2031 1720 2071 meretrix?
1746 2032 1839 2071 imo
1861 2044 1918 2071 ne

273 2109 378 2138 cum
409 2098 790 2149 impudicissimis
821 2100 992 2140 scortis
1023 2100 1365 2152 comparanda;
1397 2102 1560 2141 cloaca
1589 2102 1847 2142 eluviei-um
1875 2110 1918 2142 et

271 2169 607 2221 nequitiarum,
641 2171 812 2210 multos
841 2183 989 2211 annos
1019 2171 1166 2211 vitam
1193 2172 1557 2223 perditissimam
1590 2173 1741 2224 duxit,
1771 2174 1918 2214 donec

271 2252 376 2280 eam
391 2240 560 2290 inedia,
580 2248 836 2292 paupertas
858 2248 901 2282 et
924 2243 1170 2283 innumera
1193 2242 1395 2283 adversa
1418 2252 1773 2296 oppresserunt,
1799 2257 1918 2297 quae

267 2311 428 2352 cordis
449 2313 630 2363 oculos,
664 2323 782 2363 quos
804 2314 1022 2364 voluptas
1044 2315 1328 2363 occluserat,
1352 2323 1648 2356 reserarunt:
1674 2317 1784 2367 quid
1805 2318 1919 2357 mul-

272 2383 351 2423 tis?
379 2383 431 2423 In
456 2384 732 2424 memoriam
760 2384 831 2423 sui
859 2384 1118 2435 reducitur,
1151 2385 1210 2424 ad
1241 2397 1322 2424 cor
1351 2385 1500 2427 redit:
1538 2386 1597 2426 oh
1630 2387 1916 2428 faustissima

274 2454 549 2494 infortunia!
592 2454 682 2496 Sed
719 2455 854 2507 quid?
891 2456 1002 2495 heu!
1041 2467 1215 2506 magna
1250 2462 1555 2507 peccatorum
1590 2459 1734 2498 moles
1773 2459 1916 2499 nimio

271 2525 478 2576 pondere
509 2526 568 2566 ad
598 2526 939 2578 desperationis
968 2526 1245 2566 barathrum
1274 2527 1518 2578 deprimit:
1555 2535 1602 2568 at
1637 2529 1915 2570 inexhausta

274 2596 363 2637 Dei
396 2597 664 2649 clementia,
696 2609 816 2649 quae
848 2609 952 2637 eam
981 2597 1028 2637 in
1058 2609 1145 2637 vas
1176 2610 1288 2638 suae
1320 2599 1543 2639 bonitatis
1571 2600 1790 2652 parabat,
1824 2613 1917 2641 non

274 2667 483 2708 destituit
501 2669 711 2709 consilio.
731 2669 915 2709 Etenim
934 2680 1037 2708 eam
1056 2669 1225 2709 direxit
1245 2669 1304 2709 ad
1320 2669 1368 2710 Ρ.
1389 2670 1709 2722 Leonardum3
1733 2672 1914 2723 lachry-

275 2745 431 2779 matur
451 2751 631 2780 amare:
658 2740 820 2780 intima
844 2739 999 2780 cordis
1021 2751 1195 2780 arcana
1217 2741 1391 2792 pandit.
1416 2741 1480 2782 At
1502 2742 1579 2782 ubi
1609 2742 1917 2783 suavissimus

330 2849 340 2868 ¹
381 2849 474 2877 Haec
505 2852 610 2879 etiam
622 2873 628 2885 ,
648 2860 667 2879 a
682 2853 799 2880 verbis
815 2852 916 2880 Inter
932 2859 1027 2886 quOS,
1042 2853 1250 2880 cancellavit
1266 2853 1395 2880 flander
1411 2857 1444 2880 et
1460 2861 1576 2880 eorum
1592 2855 1666 2881 loco
1680 2855 1917 2883 substituenda

276 2898 432 2931 apposuit
451 2898 484 2924 in
500 2899 654 2933 margine
672 2901 860 2934 sequentia:
880 2900 980 2927 Inter
996 2907 1079 2934 quos
1102 2900 1232 2926 mulie»
1247 2902 1423 2933 quaedam
1441 2909 1508 2928 non
1525 2901 1671 2933 infimae
1686 2904 1808 2936 notae,
1828 2910 1917 2936 quae

277 2945 323 2971 ad
344 2952 450 2971 canos
472 2953 580 2980 usqne
605 2948 719 2974 vitam
739 2951 890 2981 prorsus
908 2948 1164 2982 poenitendam
1191 2948 1311 2979 duxit,
1336 2950 1459 2981 ignitis
1486 2948 1521 2975 P.
1544 2948 1587 2976 L.
1615 2950 1841 2977 sermonibus
1864 2951 1915 2977 ita

270 2992 433 3019 ⁴&vocitata
447 2995 551 3019 estut
566 2994 798 3027 dignissimos
820 2997 1064 3030 poenitentiae
1080 2995 1228 3030 fructus
1257 3004 1323 3022 mm
1346 2999 1458 3023 cesset
1482 2997 1643 3030 operari,
1663 2997 1753 3031 quod
1773 2998 1916 3025 silentio

276 3040 464 3067 brevitatis
479 3048 588 3068 causa
599 3045 798 3076 praetereo.
