2168 3437
846 188 928 225 AN.
960 189 1053 225 1552
1718 189 1767 225 47

131 286 298 327 nandis
333 285 391 326 ad
425 285 632 325 debitum
659 285 812 336 finem,
842 297 928 325 nec
950 297 1098 336 parvo
1131 295 1236 325 cum
1256 284 1432 335 fructu,
1462 290 1510 324 ut
1541 285 1769 336 intelligo;

132 356 319 409 plurimi
354 357 477 395 enim
511 355 657 396 vitam
685 356 732 395 in
759 357 924 396 melius
959 355 1196 406 corrigere
1227 355 1474 406 incipiunt,
1504 361 1548 394 et
1583 355 1772 407 saepius

133 439 219 467 nos
239 426 551 478 frequentare.
586 426 717 467 Multi
746 427 835 467 hoc
863 438 1022 466 mense
1054 425 1255 466 Romam
1282 425 1480 477 profecti
1508 432 1639 475 sunt,
1673 427 1771 478 qui-

134 498 219 537 bus
240 497 400 537 literas
421 496 828 537 commendatitias
849 496 1149 547 tradidimus3
1174 497 1294 536 bona
1323 508 1404 547 spe
1425 496 1623 548 profecti
1645 504 1767 547 sunt,

137 569 183 608 in
213 567 415 608 Domino
451 567 736 608 confidentes
764 568 873 619 quia
899 579 986 607 nos
1013 566 1126 606 nihil
1154 567 1267 618 ipsis
1296 567 1658 607 certificavimus
1691 567 1776 617 (de

136 638 431 678 inferioribus
467 637 717 678 Germanis
746 638 953 690 loquor),
987 638 1095 688 quia
1126 637 1315 678 dubium
1349 638 1461 678 illud
1497 637 1649 678 adhuc
1685 650 1770 678 nos

136 715 262 750 tenet
283 721 342 749 an
362 709 608 749 inferiores
628 709 914 761 recipiantur
935 720 1097 748 necne.
1121 707 1171 749 Si
1192 709 1314 748 enim
1337 709 1393 748 ab
1415 709 1504 749 hoc
1535 709 1672 750 dubio
1704 721 1772 749 re-

136 780 275 820 soluti
295 792 517 831 essemus,
541 781 729 832 plurimi
750 779 1071 820 adolescentes
1088 780 1380 820 naturalibus
1401 781 1517 820 bene
1540 780 1772 832 dispositi,

136 851 182 891 in
204 851 419 891 ianuario
440 863 634 891 romano
656 851 811 891 itineri
828 862 930 891 sese
951 850 1254 900 accingerent
1279 849 1304 887 ¹.

214 921 407 962 Plurimi
429 922 571 962 etiam
592 922 862 962 sacerdotes
883 921 1092 961 seniores
1114 932 1221 960 curn
1241 920 1500 960 iunioribus
1531 932 1617 961 nos
1644 933 1775 961 acce-

135 992 249 1033 dunt
284 993 591 1043 corrigendae
627 993 752 1032 vitae
787 993 1018 1032 rationem
1049 992 1396 1043 quaerentibus.
1428 991 1694 1043 Numquam
1726 993 1774 1031 in

136 1063 338 1104 Domino
360 1069 539 1103 tantam
560 1064 754 1115 concepi
782 1075 912 1114 spem
940 1063 1111 1103 bonam
1138 1063 1193 1102 de
1220 1069 1383 1103 nostra
1411 1063 1606 1103 Colonia
1636 1063 1778 1103 sicuti

135 1135 276 1175 modo
294 1146 302 1185 3
320 1136 468 1175 bonus
490 1134 604 1174 odor
625 1134 872 1175 Societatis
894 1135 942 1174 in
962 1134 1061 1174 dies
1082 1134 1323 1186 spargitur
1354 1134 1506 1184 magis
1536 1146 1592 1174 ac
1621 1135 1775 1185 magis

136 1206 203 1246 ita
222 1212 273 1245 ut
292 1205 577 1256 adversarii,
610 1206 755 1245 velint
782 1205 951 1256 nolint,
984 1206 1312 1245 obmutescere
1342 1205 1556 1245 debeant.
1590 1205 1777 1245 Benedi-

140 1282 242 1317 ctus
264 1276 322 1316 sit
339 1276 569 1316 Dominus
590 1276 637 1316 in
655 1276 885 1316 omnibus.

218 1348 451 1399 Egregius
473 1348 770 1398 adolescens,
794 1347 1086 1387 naturalibus
1107 1347 1223 1387 bene
1246 1346 1452 1397 dotatus,
1478 1347 1524 1387 in
1550 1347 1777 1398 politiori-

138 1420 225 1459 bus
258 1419 406 1459 literis
440 1420 556 1459 bene
593 1420 871 1467 instructus,
910 1418 1123 1459 Lovanio
1153 1419 1244 1458 huc
1273 1418 1333 1457 ad
1361 1429 1448 1458 nos
1475 1419 1604 1458 Venit
1632 1430 1777 1462 causa

138 1490 338 1530 faciendi
363 1491 609 1541 exercitia,
634 1491 709 1530 cui
729 1491 790 1531 M.
815 1490 1057 1531 Gerardus
1079 1489 1092 1508 Β
1115 1489 1195 1530 dat
1224 1489 1464 1530 exercitia.
1496 1490 1620 1530 Bene
1645 1488 1783 1541 profi·

139 1562 224 1610 cit,
261 1568 330 1601 est
365 1562 489 1602 enim
517 1562 563 1601 in
599 1563 750 1613 prima
785 1561 1108 1608 hebdomada;
1145 1561 1237 1600 iam
1273 1561 1405 1600 brevi
1442 1561 1558 1600 alius
1595 1561 1784 1612 quidem

140 1638 367 1673 venturus
389 1639 459 1673 est
479 1640 724 1685 promotus
742 1632 1079 1683 Lovaniensis,
1104 1631 1160 1671 de
1183 1632 1350 1683 quibus
1373 1631 1490 1671 alias
1511 1632 1662 1683 plura.

217 1704 359 1744 Hisce
390 1704 554 1744 diebus
585 1704 716 1744 affuit
750 1704 884 1744 nobis
920 1704 1085 1743 mulier
1116 1702 1348 1754 quaedam
1377 1703 1508 1754 peior
1536 1703 1784 1743 meretrice

139 1775 315 1827 aliqua,
342 1786 461 1827 quae
484 1775 685 1815 mirabili
705 1774 794 1815 Dei
813 1775 969 1826 gratia
992 1774 1056 1814 ita
1078 1774 1226 1814 vitam
1247 1774 1293 1813 in
1324 1773 1490 1813 melius
1523 1782 1778 1814 commuta-

138 1847 228 1897 vit,
263 1831 312 1886 ut
341 1847 554 1886 omnibus
589 1847 647 1886 sit
674 1846 890 1897 exemplo
922 1853 965 1885 et
997 1845 1323 1893 admirationi,
1354 1845 1507 1885 Deum
1535 1845 1782 1895 laudantes

137 1917 245 1968 (sic)
281 1917 337 1958 de
363 1924 460 1958 tam
487 1918 687 1958 mirabili
715 1918 1023 1957 conversione
1055 1917 1191 1957 huius
1221 1917 1449 1967 mulieris,
1488 1928 1606 1968 quae
1641 1923 1781 1956 antea

137 1989 314 2040 omnia,
339 2001 458 2041 quae
480 1989 539 2029 ad
561 2001 730 2040 corpus
751 1989 1060 2040 pertinebant,
1090 1989 1136 2027 in
1159 1987 1445 2028 abundantia
1472 2000 1527 2028 ac
1549 1987 1778 2028 delicatis-

136 2060 254 2100 sima
274 2060 459 2111 habuit,
491 2061 584 2100 iam
614 2072 737 2111 aqua
760 2066 803 2099 et
823 2071 960 2110 pane,
985 2070 1126 2110 supra
1155 2059 1356 2098 stamina
1382 2070 1465 2110 per
1496 2059 1672 2110 aliquot
1702 2059 1778 2099 ho-

136 2143 214 2171 ras
252 2131 555 2183 quiescendo,
593 2132 745 2182 magis
780 2130 1073 2171 confortatur
1111 2142 1251 2182 quam
1288 2137 1426 2170 antea
1462 2131 1587 2170 omni
1622 2130 1781 2169 habita

138 2203 437 2255 abundantia;
460 2209 598 2243 nocte
620 2215 676 2243 ac
697 2203 770 2243 die
799 2202 897 2243 dies
921 2203 1045 2242 vitae
1068 2214 1180 2242 suae
1202 2202 1249 2242 in
1279 2201 1591 2242 amaritudine
1624 2202 1781 2241 cordis

137 2274 207 2314 sui
228 2275 383 2314 multis
405 2286 511 2314 cum
531 2274 787 2326 lachrymis
809 2273 1072 2324 recogitare
1094 2273 1277 2324 incipit,
1302 2280 1350 2312 ut
1374 2273 1604 2322 intellexi,
1638 2284 1779 2323 supra

136 2344 324 2384 modum
359 2345 527 2385 mirata
561 2344 650 2385 Dei
691 2356 806 2396 erga
842 2356 946 2384 eam
981 2345 1258 2384 immensam
1288 2344 1547 2384 bonitatem
1581 2350 1625 2383 et
1662 2354 1780 2394 erga

137 2427 299 2456 omnes
330 2422 604 2467 peccatores
638 2416 939 2467 quantumvis
972 2426 1189 2466 magnos,
1215 2415 1444 2466 cupientis
1466 2426 1549 2454 suo
1578 2421 1780 2465 paterno

138 2486 307 2527 affectu
329 2498 490 2526 omnes
517 2487 735 2538 amplecti
764 2487 885 2527 ulnis
918 2486 1161 2527 charitatis
1190 2497 1302 2526 suae
1332 2498 1387 2526 ac
1415 2485 1577 2525 fovere
1604 2486 1651 2525 in
1677 2496 1779 2536 gre-

194 2621 202 2640 ¹
243 2622 497 2657 “Significatum
513 2627 563 2650 est
578 2627 692 2650 tamen
706 2623 831 2650 nostris
846 2630 886 2650 ne
903 2623 935 2650 in
950 2627 1125 2657 posterum
1141 2622 1309 2650 Flandros
1325 2626 1359 2648 et
1376 2621 1538 2648 Ollandos
1555 2627 1614 2648 aut
1630 2621 1782 2648 Braban·

139 2674 190 2697 tos
205 2670 248 2697 ad
262 2671 325 2697 hoc
342 2670 531 2704 Collegium
546 2670 739 2703 mitterent,
757 2670 1029 2704 quandoquidem
1050 2670 1097 2697 illi
1120 2669 1264 2696 Lovanii
1281 2669 1488 2696 catholicam
1511 2673 1544 2695 et
1560 2669 1782 2702 praeclaram

138 2717 311 2745 habebant
326 2718 607 2750 Universitatem3
622 2718 722 2745 immo
738 2723 771 2745 et
788 2717 970 2745 Clevenses
991 2722 1024 2744 et
1045 2717 1272 2750 Juliacenses‚
1297 2716 1503 2743 Geldrenses
1523 2721 1556 2743 et
1582 2716 1701 2750 Frisii,
1726 2717 1780 2751 qui

138 2772 199 2799 per
213 2766 472 2793 constitutiones
488 2765 587 2800 hujus
604 2764 745 2799 Collegii
761 2773 825 2792 non
841 2766 1120 2797 excludebantur,
1143 2772 1207 2791 non
1228 2771 1300 2791 esse
1325 2764 1469 2797 amplius
1490 2763 1674 2791 mittendos
1698 2765 1780 2791 seri-

138 2815 234 2846 ptum
249 2817 301 2840 est
321 2813 384 2840 nisi
406 2813 499 2846 prius
516 2814 548 2840 P.
564 2812 698 2846 Ignatio
721 2813 884 2847 consulto,
899 2816 936 2839 ut
957 2813 1050 2839 locus
1072 2812 1255 2846 superioris
1280 2811 1486 2838 Germaniae
1508 2811 1784 2838 adolescentibus

139 2859 248 2894 major
262 2860 543 2894 relinque1·etur.„
558 2859 745 2892 PoLANcus,
760 2859 929 2891 Clzr0n.,t.
942 2867 977 2892 11,
995 2867 1073 2893 pag.
1089 2859 1151 2893 424,
1168 2866 1221 2886 an.
1237 2858 1315 2892 1552,
1331 2858 1549 2885 n.14.—Vide
1565 2859 1670 2886 etiam
1685 2865 1716 2885 n.
1728 2858 1782 2885 393

140 2911 173 2933 et
188 2912 256 2934 not.
273 2908 285 2934 1
301 2907 333 2934 in
347 2915 426 2942 pag.
443 2907 505 2933 586.

192 2954 206 2973 *2
243 2954 332 2988 Mag.
347 2954 521 2982 Gerardus
537 2953 636 2982 Cools
650 2955 845 2988 (Brassical,
867 2954 1133 2988 Dordraccnsis,
1150 2953 1366 2988 ‘'theologus,
1389 2954 1443 2988 qui
1467 2954 1528 2981 hoc
1553 2961 1640 2982 anno
1662 2957 1782 2982 votum

141 3010 236 3030 suum
249 3002 390 3031 Romam
405 3003 526 3036 misit„.
542 3002 729 3036 PoLANcus,
742 3003 833 3036 ibid.,
849 3011 880 3030 n.
896 3003 960 3030 391.
