2168 3437
347 237 415 275 184
849 235 1076 272 LITTERAE
1103 245 1461 278 QUADRIMESTRES

426 335 485 375 Ut
504 333 644 384 igitur
665 345 691 372 a
708 332 932 372 fratribus
950 331 1268 382 exordiamur,
1290 343 1451 372 omnes
1469 331 1645 371 Christi
1661 330 1851 371 Domini
1871 341 1988 381 gra-

346 405 413 445 tz'a
441 409 713 455 agnoscunt
747 403 1004 443 maximum
1040 402 1317 443 beneficium
1346 402 1610 442 vocationis
1638 407 1682 442 et
1709 402 1756 441 in
1792 413 1846 441 eo
1880 412 1989 441 con-

347 482 527 516 stanter
567 486 622 514 ac
656 474 853 514 honeste
888 479 1189 525 permanent,
1230 473 1530 525 frequentant
1566 472 1910 513 confessionem
1943 477 1991 511 et

349 546 522 587 Christi
555 545 746 586 Domini
781 556 992 585 mensam
1023 557 1117 585 non
1152 544 1293 585 modo
1324 545 1467 584 semel
1502 544 1550 584 in
1583 543 1876 584 hebdomada
1906 541 1988 582 sed

348 618 489 658 etiam
510 617 725 657 omnibus
746 616 911 656 diebus
932 616 1078 666 festis,
1102 628 1194 668 qua
1215 615 1403 667 quidem
1424 627 1474 655 re
1503 615 1643 655 valde
1660 614 1887 661 homines,
1911 613 1989 665 qui

349 689 409 730 ad
428 694 641 729 nostrum
664 687 857 728 Veniunt
874 688 1120 738 templum,
1139 687 1201 727 ad
1215 687 1440 738 pietatem
1458 686 1734 726 excitantur
1754 689 1797 725 et
1812 685 1993 725 infiam>

349 766 550 801 mantur.
584 759 835 799 Praeterea
870 759 1096 799 retinetur
1123 759 1243 798 ratio
1279 758 1503 809 temporis
1535 757 1886 809 precationibus
1913 756 1992 795 ad-

349 831 528 884 scripti,
547 836 596 871 ut
611 831 817 882 positum
834 836 902 870 est
923 830 970 870 in
986 842 1116 870 more
1134 829 1331 880 Collegii
1353 829 1552 869 romani.
1576 829 1868 868 Exercentur
1885 839 1989 867 con-

351 903 576 952 cionibUS,
602 913 718 953 quas
746 901 867 941 inter
898 901 1192 941 coenandum
1223 912 1367 951 mmS,
1397 912 1423 940 a
1453 911 1600 940 coena
1629 910 1793 939 omnes
1822 909 1992 938 convo—

353 974 447 1014 cati
461 973 649 1014 habent.
673 971 810 1023 Quod
830 978 1011 1023 spectat
1033 972 1092 1012 ad
1113 971 1440 1020 obedientiam,
1465 983 1514 1010 se
1534 971 1649 1010 satis
1669 970 1787 1010 bene
1803 968 1991 1017 habent,

354 1058 410 1086 ac
437 1057 487 1085 se
517 1044 792 1085 submittunt
823 1043 985 1083 officiis
1015 1043 1265 1083 humilibus
1289 1042 1423 1094 juxta
1455 1042 1686 1082 rationem
1720 1046 1765 1081 et
1792 1040 1993 1080 formam

355 1117 443 1157 sibi
467 1115 825 1168 praescriptam.
851 1114 1091 1155 Conantur
1125 1113 1342 1164 abjurare
1360 1113 1614 1164 propriam
1635 1113 1930 1153 voluntatem
1951 1116 1996 1150 et

356 1187 541 1228 tradere
563 1198 612 1227 se
636 1192 760 1226 totos
777 1187 823 1226 in
845 1186 983 1226 rebus
1001 1185 1216 1225 omnibus
1233 1184 1387 1225 Patris
1404 1185 1552 1224 nostri
1574 1183 1847 1224 sententiae.
1872 1182 1998 1222 Sunt

353 1260 479 1300 inter
499 1269 579 1298 eos
600 1257 753 1309 aliqui
771 1257 1082 1298 abstinentiae
1104 1256 1361 1308 percupidi,
1386 1260 1429 1296 et
1450 1255 1518 1296 sic
1534 1256 1589 1295 de
1610 1255 1721 1294 allis
1737 1253 1997 1294 virtutibus

353 1330 584 1381 intellige.
609 1330 659 1370 In
681 1329 752 1369 his
776 1335 931 1385 autem
960 1340 1080 1380 quae
1107 1328 1343 1380 pertinent
1373 1328 1432 1368 ad
1466 1326 1853 1368 consuetudinem
1892 1336 1998 1365 curn

359 1402 581 1452 externis,
607 1413 768 1441 omnes
789 1411 1014 1451 magnum
1036 1399 1255 1449 studium,
1276 1398 1412 1450 juxta
1433 1411 1568 1439 suam
1590 1397 1838 1438 conferunt
1858 1408 1996 1436 voca-

358 1475 532 1514 tionem
553 1477 604 1513 nt
626 1473 815 1512 am'mas
844 1472 906 1512 acl
936 1472 1030 1511 Dei
1054 1471 1233 1511 cultum
1265 1474 1308 1511 et
1336 1470 1539 1510 salntem
1568 1481 1708 1509 snam
1738 1468 1903 1508 sedulo
1926 1478 2000 1507 czt-

356 1546 561 1586 randam
582 1544 804 1584 excitent.
828 1543 901 1583 Ac
922 1550 967 1583 te
989 1543 1160 1595 optime
1182 1543 1321 1582 Pater
1338 1541 1448 1581 illud
1472 1541 1635 1592 fugere
1657 1541 1762 1580 nolo
1797 1551 1876 1580 eos
1904 1539 1999 1590 qui-

356 1618 475 1666 dem,
492 1615 837 1668 quijuventutis
848 1615 1164 1655 instituendae
1179 1614 1360 1654 muneri
1373 1619 1481 1654 sunt
1498 1611 1739 1664 praefecti,
1759 1611 1822 1661 id,
1843 1621 2003 1662 qnam-

356 1688 432 1728 vz‘s
454 1687 745 1728 laboriosnm
773 1686 914 1731 satis.
942 1697 1118 1737 magna
1150 1689 1308 1725 tamen
1342 1684 1573 1724 industria
1605 1694 1826 1723 exercere
1864 1687 2002 1733 atque

358 1758 641 1800 contendere
663 1764 712 1798 ut
729 1757 1002 1798 scholastici
1023 1757 1234 1797 universi
1254 1757 1301 1796 in
1323 1756 1470 1796 literis
1491 1765 1796 1806 progressum
1823 1752 2001 1793 faciant

357 1838 402 1872 et
422 1829 789 1881 uniuscujusque
810 1829 1042 1869 rationem
1068 1828 1256 1868 habent.
1280 1827 1463 1879 Reliqui
1484 1827 1669 1876 fratres,
1695 1825 1773 1876 qui
1793 1824 1902 1864 huic
1926 1823 2001 1863 do-

359 1902 494 1942 cendi
514 1901 696 1941 muneri
717 1913 811 1940 non
833 1907 940 1940 sunt
961 1899 1201 1951 praefecti,
1223 1898 1438 1949 quamvis
1460 1897 1758 1948 implicantur
1786 1895 2002 1935 domesti-

360 1974 427 2014 cis
455 1974 608 2021 rebus‚
641 1984 735 2012 non
764 1978 922 2011 tamen
951 1982 1069 2022 qnae
1104 1969 1418 2021 edzrficatiom's
1451 1972 1567 2008 sunt
1608 1967 2002 2019 praetermittunt.

359 2045 544 2086 Etenim
566 2044 620 2095 is,
641 2043 719 2095 qui
750 2054 827 2083 res
854 2042 1148 2082 necessarias
1176 2041 1306 2092 emit,
1338 2041 1458 2080 inter
1486 2038 1869 2090 comparandum,
1902 2049 2005 2088 ope-

360 2128 464 2157 ram
499 2116 578 2156 dat
621 2122 867 2167 quaestum
905 2115 1096 2166 spiritus
1131 2113 1287 2153 facere
1323 2113 1580 2152 adhortans
1615 2111 1738 2160 illos,
1777 2122 1804 2149 a
1841 2108 2008 2161 quibus

365 2187 475 2240 quid
497 2186 628 2237 emit,
654 2185 713 2226 ad
741 2184 1086 2225 confessionem
1105 2191 1149 2224 et
1170 2185 1398 2224 virtutum
1415 2188 1578 2234 opera,
1596 2194 1687 2234 qua
1705 2180 1892 2233 quidem
1908 2185 2008 2219 arte

363 2261 411 2300 in
427 2259 591 2311 primis
610 2258 669 2298 ad
686 2258 794 2297 bene
807 2257 1042 2308 agendum
1059 2257 1373 2308 impelluntur.
1390 2255 1517 2295 Idem
1534 2254 1696 2303 frater,
1716 2253 1853 2293 simul
1870 2257 2009 2302 atque

364 2332 411 2371 in
433 2331 555 2370 hanc
586 2329 749 2370 urbem
773 2330 1001 2377 venimus,
1030 2327 1227 2380 patienti
1255 2333 1299 2367 et
1324 2327 1473 2366 alacri
1501 2326 1657 2365 animo
1686 2324 1888 2376 plurima
1913 2334 2007 2362 ma-

364 2403 536 2443 ledicta
558 2408 602 2442 et
634 2401 943 2441 contumelias
967 2401 1012 2440 in
1042 2400 1133 2439 viis
1153 2399 1358 2450 pertulit,
1388 2399 1533 2438 donec
1560 2409 1644 2437 sua
1671 2395 1897 2449 patientia
1925 2406 2009 2434 ora

366 2473 554 2514 tandem
595 2473 965 2513 obtrectatorum
999 2471 1208 2511 occlusit.
1246 2470 1351 2523 Jam
1387 2481 1499 2509 vero
1537 2480 1699 2508 omnes
1737 2468 1784 2507 in
1822 2465 2005 2515 litteris,

368 2551 584 2603 quamvis
606 2557 650 2590 et
679 2550 782 2590 aliis
813 2549 954 2589 rebus
980 2548 1324 2593 destineantur,
1352 2547 1629 2599 proficiunt.
1660 2545 1754 2586 Alii
1781 2544 1936 2585 latinis
1965 2550 2009 2583 et

367 2622 567 2673 graecis,
592 2621 670 2660 alii
685 2620 842 2660 latinis
862 2625 1044 2659 tantum
1066 2618 1267 2668 student,
1301 2619 1348 2658 in
1370 2618 1518 2669 iisque
1540 2628 1624 2668 pro
1653 2615 1831 2655 viribus
1853 2626 1902 2654 se
1933 2625 2008 2653 ex-

371 2698 575 2732 cercent.
600 2691 735 2742 Quod
757 2696 913 2730 autern
937 2695 1118 2741 spectat
1145 2689 1204 2729 ad
1232 2700 1477 2728 numerum
1505 2699 1682 2737 eorum,
1713 2686 1791 2738 qui
1819 2686 1894 2725 hic
1916 2685 2010 2736 agi-

374 2774 491 2813 mus,
513 2762 653 2802 iidem
673 2772 934 2811 manemuS,
959 2760 1037 2812 qui
1059 2772 1085 2800 a
1115 2766 1175 2809 te,
1199 2766 1350 2811 pater,
1378 2759 1551 2799 fuimus
1584 2758 1736 2812 miss&
1769 2767 2014 2808 speramus

372 2841 527 2874 tamen
549 2833 681 2872 brevi
703 2843 950 2872 numerum
970 2830 1255 2881 augendum,
1281 2830 1500 2881 quamvis
1523 2840 1704 2878 eorum,
1726 2827 1809 2878 qui
1826 2827 2011 2889 ingras-

372 2916 478 2944 sum
500 2907 752 2955 exoptant,
774 2902 1093 2942 constantiam
1115 2912 1169 2940 ac
1195 2900 1422 2940 virtutem
1443 2900 1579 2951 soris
1594 2899 1893 2951 probandam
1915 2897 2012 2937 exl-

371 2976 640 3015 stl'mamas.

453 3047 586 3087 Nunc
620 3047 851 3097 reliquum
886 3052 972 3094 est,
1011 3051 1060 3085 ut
1095 3044 1260 3096 paucis
1281 3050 1325 3084 tc
1362 3043 1611 3084 certiorem
1636 3042 1808 3082 faciam
1828 3048 1924 3081 tum
1955 3040 2013 3080 de
