2168 3437
883 301 966 338 AN.
998 301 1089 340 1553
1122 279 1125 284 ’
1247 308 1261 318 ·>
1739 305 1811 342 473

169 401 291 435 esset
313 395 501 446 scirem,
526 409 585 436 ex
605 398 841 438 constanti
861 399 1113 439 multorum
1143 410 1358 440 sermone
1389 400 1500 440 novi
1531 412 1636 441 eum
1662 413 1809 452 penes

167 465 459 518 praefectum
491 467 695 509 Larachi
731 480 857 520 esse,
895 481 1015 521 quae
1050 471 1159 511 urbs
1193 470 1302 510 hinc
1336 472 1692 523 quatuordecim
1731 474 1808 512 vel

167 537 432 588 quindecim
451 550 747 591 parasangas
770 539 780 558 ¹
803 539 967 591 distat,
989 541 1087 581 eius
1108 553 1223 582 vero
1251 542 1431 582 socium
1452 542 1639 583 Petrum
1661 543 1804 584 Alva-

167 619 271 648 rum
293 609 567 650 coniicimus
588 622 615 649 a
634 611 780 651 turcis
797 611 971 651 bireme
988 612 1191 663 quadam
1207 613 1253 652 in
1272 613 1547 654 orientalem
1564 615 1808 665 regionem

168 685 460 730 asportatum
481 692 597 721 esse.
622 681 697 721 Ad
718 682 817 722 eius
839 683 1215 733 consanguineos
1236 684 1414 724 scribes
1436 685 1598 736 quanti
1625 685 1683 724 sit
1715 692 1807 725 sta-

167 757 293 790 tutus
315 751 390 791 hic
412 752 643 792 neminem
664 752 800 793 facile
820 765 958 804 posse
980 753 1209 804 iudicare,
1234 756 1513 806 praesertim
1534 767 1639 795 cum
1662 756 1807 808 capti-

167 833 335 861 vorum
356 822 556 873 pretium
577 835 635 862 ex
656 824 782 863 nulla
804 823 895 863 alia
916 835 966 863 re
999 824 1151 875 magis
1182 836 1322 876 quam
1352 838 1411 865 ex
1437 825 1557 865 falsa
1587 827 1662 866 vel
1692 838 1810 867 vera

167 893 385 944 opinione
407 893 630 945 pendeat,
655 906 795 945 quam
816 895 872 935 de
894 895 960 935 eis
980 895 1133 946 primo
1156 896 1478 947 conceperint;
1510 897 1680 937 debere
1710 910 1807 946 eos,

166 976 257 1016 quo
285 975 361 1004 res
391 965 450 1004 sit
479 965 637 1015 tutior,
668 965 855 1005 circiter
883 965 1109 1006 ducentos
1138 977 1306 1006 aureos
1334 966 1347 984 ‘²
1376 967 1584 1008 mittere:
1614 969 1738 1020 quod
1770 969 1809 1008 si

165 1036 393 1076 ducentos
414 1036 644 1086 miserint,
669 1037 733 1076 ita
754 1036 942 1077 demum
967 1037 1067 1078 fore
1098 1037 1404 1088 tutissimum;
1438 1039 1805 1092 admonebisque

166 1113 214 1148 ut
235 1119 315 1147 eos
337 1107 396 1147 ad
412 1107 716 1147 Melchiorem
732 1107 1029 1148 Lamesidem
1048 1120 1131 1160 per
1153 1109 1480 1160 syngrapham
1496 1109 1809 1151 foeneratoris

167 1179 364 1219 alicuius
386 1179 588 1219 mittant.

866 1608 1102 1662 GCLIX

238 1700 453 1738 Melchior
473 1699 602 1738 Cotta

283 1764 353 1802 Ex
371 1765 695 1803 commissione
715 1767 859 1804 Patris
878 1766 1040 1805 Leonis
1061 1767 1303 1815 Enriquez,

332 1831 453 1868 Patri
472 1831 642 1879 Ignatio
662 1831 715 1869 de
734 1831 920 1880 Loyola.

381 1897 675 1944 Conimbrica,
696 1897 744 1935 29
762 1898 1025 1936 Novembris
1044 1899 1136 1936 1553
1154 1899 1182 1935 ⁵.

938 2160 1036 2202 IHS

242 2390 356 2442 Muy
375 2390 477 2431 R.d0
499 2404 555 2432 en
578 2392 718 2433 Chro.
744 2392 911 2433 Padre.

243 2462 311 2502 La
333 2474 512 2503 summa
540 2464 703 2514 gracia
724 2477 756 2516 y
778 2476 910 2505 amor
932 2465 988 2505 de
1009 2465 1120 2518 Jesu
1142 2465 1226 2505 Χ.0
1246 2477 1326 2505 sea
1354 2466 1554 2517 siempre
1577 2477 1633 2505 en
1663 2477 1797 2506 nues-

163 2539 261 2573 tras
283 2534 445 2573 almas.
469 2533 637 2574 Amen.

244 2603 361 2645 Dios
382 2616 484 2645 nro.
508 2604 610 2645 Sor.
633 2617 789 2656 pague
811 2608 839 2646 a
859 2605 917 2646 V.
942 2605 991 2646 Ρ.
1016 2607 1061 2646 la
1082 2607 1386 2657 consolacion
1407 2620 1438 2658 y
1460 2607 1639 2657 alegria
1666 2607 1797 2658 spiri-

163 2675 262 2715 tual
290 2687 378 2727 que
405 2675 541 2716 todos
575 2676 824 2726 recibimos
857 2688 946 2716 con
972 2677 1043 2717 las
1076 2677 1434 2718 constitutiones
1467 2690 1498 2728 y
1524 2677 1696 2718 venida
1730 2677 1805 2718 del

164 2745 313 2786 Padre
334 2752 539 2786 maestro
559 2746 818 2787 hieronimo
834 2746 1000 2796 Nadal,
1023 2748 1068 2788 la
1090 2749 1198 2799 qual
1219 2760 1280 2800 yo
1303 2760 1360 2788 en
1380 2748 1588 2799 ninguna
1610 2760 1804 2789 manera

163 2817 328 2868 podria
350 2817 587 2868 declarar3
611 2818 653 2858 el
674 2818 820 2868 padre
842 2829 890 2858 se
913 2819 1022 2858 avia
1043 2819 1228 2870 partido
1250 2831 1366 2870 para
1389 2818 1644 2870 Sanctiago
1666 2831 1803 2860 como

218 2978 229 2998 ¹
268 2977 452 3012 Hispanice
467 2979 601 3012 leguas.
618 2977 679 3005 Est
694 2982 810 3005 autem
829 2981 1039 3012 parasanga
1055 2986 1214 3006 mensura
1230 2978 1398 3012 quaedam
1415 2979 1640 3006 orientalibus
1654 2980 1800 3013 populis,

162 3025 272 3059 persis
287 3026 502 3060 praesertim,
516 3025 712 3059 communis,
728 3032 814 3059 quae
829 3025 951 3053 leucae
965 3026 1211 3060 longitudinem
1225 3025 1295 3053 fere
1311 3030 1481 3060 exaequat
1496 3026 1555 3054 sed
1568 3034 1632 3053 non
1645 3027 1802 3061 attingit.

217 3073 232 3092 2
270 3073 315 3100 80
329 3074 484 3100 ducados
498 3073 686 3107 hispanice.

217 3120 231 3140 5
268 3121 530 3156 Autographae,
546 3120 627 3148 solio
643 3121 753 3155 unico,
769 3129 799 3148 n.
812 3121 874 3148 627.
