2168 3437
334 254 405 291 345
842 250 1071 288 LITTERAE
1097 261 1455 293 QUADRIMESTRES

418 349 699 398 Florentiae,
724 346 931 387 calendis
950 347 1060 400 Julii
1084 347 1200 387 1553.

417 420 469 460 T.
495 420 545 459 R.
570 419 617 459 Ρ.
643 419 863 469 indignus
885 430 1052 459 servus
1074 419 1120 458 in
1141 419 1343 460 Christo.

1450 562 1546 602 LEO
1577 563 1748 602 Limus.

418 773 793 825 Superscmptm:
813 772 916 813 R.d0
938 773 985 813 in
1007 773 1145 814 Chro.
1169 774 1219 814 Ρ.
1242 775 1291 814 Ρ.
1316 775 1497 825 Ignatio
1520 774 1575 815 de
1601 775 1802 826 Loyola‚
1834 773 1969 814 Prae-

336 845 491 896 posito
513 843 733 885 Generali
753 843 1003 884 Societatis
1022 844 1147 897 Jesu2
1172 845 1363 885 Romae.

418 915 530 955 Alia
550 926 713 955 mmm:
737 914 886 965 Quad.
909 915 1115 956 Florent.
1142 915 1239 956 Cal.
1263 917 1386 969 Julii.

981 1416 1342 1471 CCXXXIII

410 1681 457 1718 P.
478 1681 738 1719 Leonardus
758 1681 916 1719 Kessel

460 1746 581 1783 Patri
600 1747 769 1794 Ignatio
789 1747 842 1784 de
861 1747 1048 1794 Loyola.

508 1813 712 1859 Colonia,
736 1812 752 1849 1
776 1813 881 1860 Julii
902 1813 993 1851 1553
1012 1813 1036 1847 ¹.

420 2057 490 2097 Ex
512 2057 678 2097 litteris
700 2057 907 2098 eiusdem
927 2056 1046 2098 P.tris
1070 2057 1320 2107 Leonardi‚
1347 2057 1496 2108 primo
1518 2056 1641 2109 Julii.

421 2127 598 2168 Diebus
634 2129 880 2169 dominicis
916 2141 1062 2181 pergo
1098 2129 1369 2169 concionari
1404 2129 1451 2169 in
1485 2128 1698 2169 Ecclesia
1731 2126 1822 2168 §.ae
1856 2126 1980 2178 Aga-

340 2200 470 2249 thae,
510 2211 595 2240 nec
635 2212 786 2252 parvo
822 2212 928 2241 cum
965 2200 1135 2251 fructu,
1178 2206 1403 2251 quantum
1438 2199 1671 2250 intelligo;
1715 2198 1981 2239 auditorum

341 2271 465 2311 enim
492 2282 715 2312 numerus
746 2283 930 2323 semper
958 2278 1172 2323 augetur,
1203 2272 1348 2311 multa
1376 2271 1518 2311 etiam
1545 2269 1812 2321 frequenter
1841 2269 1980 2309 audio

341 2342 544 2394 suspiria
566 2348 610 2383 et
629 2343 856 2394 gemitus,
887 2343 1083 2383 libenter
1111 2354 1196 2382 nos
1227 2330 1443 2393 audiunt;
1473 2341 1691 2382 dominus
1725 2341 1866 2380 etiam
1895 2351 1979 2380 sua

339 2413 495 2463 gratia
517 2413 595 2453 dat
617 2414 733 2454 satis
755 2414 1049 2454 abundanter
1071 2413 1249 2464 dicere,
1275 2412 1353 2452 alii
1375 2413 1533 2452 nescio
1559 2412 1670 2464 quid
1698 2411 1845 2451 velint
1873 2422 1978 2451 con—

343 2484 563 2536 tribuere,
587 2491 635 2525 ut
658 2485 934 2525 continuare
957 2486 1140 2525 vellem.
1166 2484 1317 2525 Valde
1340 2483 1646 2524 aedificantur
1676 2494 1837 2523 omnes
1858 2482 1980 2534 quod

344 2556 459 2595 nihil
480 2556 759 2607 accipimus,
785 2562 829 2596 et
850 2561 981 2596 tanto
1012 2562 1119 2596 sunt
1147 2556 1468 2606 diligentiores
1495 2556 1542 2594 in
1569 2555 1667 2594 vita
1698 2553 1980 2604 corrigenda

344 2633 519 2678 quanto
543 2627 702 2667 vident
723 2639 810 2667 nos
832 2627 1093 2679 paratiores
1115 2627 1174 2666 ad
1196 2626 1309 2678 ipsis
1332 2625 1683 2666 inserviendum
1707 2625 1872 2675 gratis.

424 2697 548 2738 Inter
573 2704 800 2749 caeteros,
836 2697 894 2737 ad
925 2709 1041 2750 quos
1070 2704 1270 2738 vocatus
1297 2697 1383 2747 fui,
1414 2697 1473 2737 ad
1493 2708 1636 2736 unum
1656 2696 1878 2747 perveni,
1903 2696 1982 2746 qui

345 2768 439 2808 iam
461 2774 568 2808 ante
589 2780 739 2809 annos
760 2769 962 2821 quinque
985 2780 1034 2808 se
1065 2768 1323 2808 tradiderat
1352 2767 1551 2818 diabolo,
1577 2773 1620 2807 et
1652 2766 1868 2807 Creatori
1897 2778 1981 2806 suo

345 2840 719 2888 renuntiaverat,
749 2852 833 2891 per
859 2851 994 2891 quern
1029 2838 1206 2880 Sathan
1241 2839 1335 2879 iam
1370 2839 1515 2878 multa
1550 2838 1674 2878 mala
1705 2837 1890 2889 operari
1917 2837 1981 2877 in-

347 2917 590 2961 coeperat,
630 2911 711 2951 sed
745 2923 829 2962 per
864 2910 1204 2951 confessionem
1232 2916 1277 2949 et
1304 2921 1469 2950 sacrae
1497 2908 1824 2949 Eucharistiae
1860 2919 1980 2948 sum-

404 3068 414 3089 ¹
455 3070 702 3105 Apographum
717 3071 749 3098 in
767 3070 926 3097 Historia
942 3070 1058 3102 varia,
1072 3070 1138 3096 vol.
1153 3077 1172 3102 1,
1190 3069 1245 3097 fol.
1261 3069 1322 3096 305.
