2168 3437
369 281 440 319 554
893 283 1122 321 LITTERAE
1149 295 1508 328 QUADRIMESTRES

371 377 636 418 satisfaciat
657 379 976 420 conscientiae
997 393 1110 421 suae
1131 393 1216 433 pro
1239 382 1435 422 sublatis
1456 383 1595 423 rebus
1616 384 1830 434 incertis,
1855 385 1901 424 in
1925 397 2014 436 qua

370 448 711 489 instauratione
732 461 956 502 magnam
975 452 1202 503 pecuniae
1223 453 1320 493 vim
1342 454 1587 506 expendet,
1608 453 1836 507 juxtaque
1858 467 2012 496 meum

372 520 618 559 consilium
640 523 908 572 expostulat
930 523 977 562 in
998 523 1091 575 his,
1116 536 1236 575 quae
1258 525 1318 565 ad
1345 525 1552 565 animam
1583 532 1713 577 sunt,
1743 526 2011 577 gubernari.

371 589 641 639 Caeterum,
674 603 731 631 ne
759 593 1017 644 improvisa
1045 601 1196 635 morte
1227 597 1509 647 corripiatur
1541 609 1596 637 ac
1626 594 1883 649 propterea
1903 609 2014 649 pau-

369 672 506 712 peres
529 660 626 713 ejus
648 664 904 705 creditores
924 666 1059 706 bonis
1080 667 1177 706 suis
1198 666 1556 719 defraudentur,
1581 668 1760 708 interea
1782 668 1892 708 dum
1922 669 2015 709 exi·

369 738 454 782 gat
475 744 707 786 nummos,
737 735 1011 777 schedulam
1038 749 1181 778 manu
1209 749 1294 778 sua
1316 739 1543 790 scriptam
1572 739 1898 791 consignavit,
1923 752 2015 792 qua

370 815 420 843 se
441 803 626 844 illorum
644 817 746 846 esse
768 807 1027 848 debitorem
1049 809 1313 861 confitetur,
1342 816 1412 861 ut,
1444 810 1630 862 expleto
1661 816 1876 862 tempore
1895 823 1921 851 a
1941 823 2016 851 me

369 875 601 926 praefixo,
625 877 716 917 nisi
737 879 982 929 praedicta
1005 879 1131 920 facta
1152 880 1293 921 fuerit
1322 881 1553 922 restitutio
1576 882 1624 922 in
1645 893 1813 922 manus
1840 893 2010 933 paupe-

368 957 473 985 rum
488 946 551 987 ibi
570 949 979 1002 nominandorum,
998 951 1111 991 mihi
1124 952 1264 992 liceat
1276 953 1549 993 schedulam
1562 953 1714 1004 ipsam
1727 953 1794 993 eis
1811 953 2012 993 tradere.

450 1016 501 1057 In
523 1019 686 1060 ultimo
705 1019 911 1071 jubilaeo
933 1028 1031 1062 tam
1049 1022 1270 1074 frequens
1293 1023 1351 1062 ad
1372 1030 1589 1064 nostram
1609 1024 1859 1064 ecclesiam
1877 1023 2012 1064 confi-

370 1089 498 1128 tendi
525 1091 681 1140 gratia
715 1099 984 1133 accesserat
1010 1095 1212 1145 populus
1250 1101 1298 1134 ut
1335 1107 1496 1135 omnes
1533 1095 1684 1135 audiri
1717 1096 1843 1135 nullo
1877 1095 2017 1135 modo

369 1167 582 1212 possent;
607 1169 892 1215 quapropter
915 1171 964 1204 ut
987 1165 1111 1205 scias
1134 1166 1358 1206 antistitis
1379 1166 1528 1206 nostri
1550 1165 1751 1207 Sanctae
1771 1165 2016 1206 Trinitatis

370 1230 650 1274 charitatem
673 1240 810 1285 atque
833 1236 998 1276 salutis
1020 1236 1283 1277 animarum
1304 1238 1454 1277 zelum
1480 1249 1574 1277 non
1594 1237 1739 1277 minui
1755 1237 1837 1277 sed
1854 1238 1901 1277 in
1917 1237 2015 1277 dies

370 1304 523 1355 magis
535 1306 781 1357 magisque
795 1308 974 1359 augeri,
995 1320 1053 1348 ex
1074 1309 1171 1349 suis
1189 1309 1459 1349 domesticis
1476 1309 1802 1349 sacerdotibus
1819 1309 1936 1349 duos
1947 1320 2014 1349 se-

373 1375 532 1415 niores
553 1376 613 1416 ad
635 1389 720 1417 nos
741 1378 888 1427 misit,
911 1385 960 1419 ut
988 1378 1211 1430 juvarent
1238 1380 1299 1420 ad
1330 1380 1634 1432 accipiendas
1665 1380 2015 1420 advenientium

372 1447 707 1488 confessiones.
732 1448 1029 1501 Injunxitque
1051 1450 1140 1491 illis
1162 1457 1210 1491 ut
1228 1450 1341 1491 nihil
1363 1451 1636 1503 quicquam,
1658 1451 1778 1490 sicut
1797 1449 2014 1491 Servato—

369 1518 434 1558 ris
465 1520 614 1559 nostri
641 1519 753 1571 Jesu
781 1520 955 1561 Christi
983 1533 1038 1561 ac
1067 1520 1317 1562 Societatis
1351 1522 1463 1575 Jesu
1500 1528 1570 1562 est
1603 1522 1890 1572 institutum,
1929 1534 2014 1574 pro

371 1589 743 1631 confessionibus
761 1591 1006 1632 audiendis
1023 1593 1294 1644 acciperent
1310 1602 1317 1641 ;
1339 1593 1462 1645 quod
1479 1600 1524 1634 et
1540 1593 1717 1633 factum
1735 1604 1838 1633 esse
1856 1593 2012 1644 credo,

369 1660 478 1700 licet
499 1660 558 1700 ad
581 1661 838 1702 secundam
867 1675 1014 1715 usque
1051 1664 1204 1704 noctis
1239 1664 1404 1705 horam
1441 1664 1488 1704 in
1524 1663 1770 1704 audiendis
1805 1664 2014 1704 virorum

370 1731 765 1784 confessionibus,
790 1734 1039 1775 nobiscum
1061 1735 1126 1775 illi
1147 1735 1485 1776 laboraverint.

451 1803 522 1843 De
542 1803 923 1846 hebdomadariis
945 1806 1317 1847 confessionibus
1334 1819 1390 1846 ac
1408 1806 1818 1847 communionibus
1834 1806 1925 1846 hoc
1943 1818 2011 1846 so-

368 1875 464 1915 lum
485 1875 639 1916 dicam
661 1877 785 1928 quod
806 1889 972 1929 nempe
990 1878 1309 1918 confitentium
1326 1884 1370 1919 et
1390 1879 1842 1918 communicantium
1858 1889 2016 1918 nume-

369 1957 450 1986 rus
488 1954 685 1998 augetur
723 1948 770 1987 in
808 1949 906 1988 dies
942 1955 1080 2000 atque
1114 1950 1231 1990 adeo
1261 1956 1311 1990 ut
1346 1951 1546 1990 multum
1577 1950 1755 2001 negotii
1783 1949 2012 1989 haberent

369 2018 643 2058 exhiberent
674 2019 798 2070 (sic),
820 2020 961 2060 etiam
983 2021 1021 2060 si
1041 2021 1117 2061 hic
1138 2022 1296 2072 plures
1317 2028 1472 2061 essent
1488 2020 1791 2072 Sacerdotes,
1819 2027 1863 2060 et
1884 2021 2017 2060 multi

369 2097 603 2139 coguntur
623 2090 755 2130 festis
777 2091 939 2131 diebus
960 2092 1035 2131 vel
1056 2091 1193 2132 inviti
1215 2092 1592 2132 communionem
1609 2093 1685 2132 vel
1707 2092 1854 2132 divini
1882 2092 2014 2132 verbi

368 2158 457 2199 Dei
479 2160 767 2202 auditionem
797 2163 1193 2212 praetermittere.
1217 2162 1458 2214 Rogemus
1480 2174 1594 2214 ergo
1616 2162 1871 2203 Dominum
1897 2174 2012 2202 mes-

369 2231 434 2271 sis
455 2237 505 2271 ut
527 2232 680 2272 mittat
702 2234 961 2285 operarios.

450 2302 522 2343 De
542 2309 811 2345 nostrorum
832 2305 1031 2345 fratrum
1053 2306 1292 2346 exercitiis
1308 2318 1461 2358 pauca
1478 2318 1604 2363 nunc
1621 2306 1795 2356 dicam;
1817 2305 2011 2356 quisque

366 2375 443 2413 vel
461 2374 709 2415 literarum
731 2376 896 2416 studiis
918 2378 993 2416 vel
1015 2376 1289 2417 domesticis
1311 2377 1390 2418 dat
1413 2377 1651 2417 exercitiis
1684 2388 1897 2428 operam,
1931 2377 2006 2416 Vel

369 2444 569 2485 docendi
590 2446 636 2485 in
657 2447 778 2487 ludis
798 2448 1000 2499 publicis
1023 2460 1216 2489 munere
1236 2448 1461 2500 fungitur.
1486 2447 1728 2488 Arnoldus
1750 2447 2010 2498 provectio-

368 2527 471 2556 rum
492 2528 747 2568 puerorum
769 2520 973 2559 classem
993 2520 1183 2560 instruit
1211 2520 1258 2559 in
1288 2520 1455 2560 litteris
1487 2518 1858 2560 humanioribus.
1889 2518 2010 2558 Hen-

369 2587 495 2627 ricus
517 2589 788 2630 secundam.
811 2590 1019 2630 Tertiam
1034 2590 1240 2643 Joannes
1261 2591 1496 2631 Antonius
1512 2590 1804 2641 Eugubinus;
1823 2595 2011 2641 praeter

368 2656 414 2697 id
447 2659 569 2709 quod
596 2660 792 2710 singulis
823 2661 1044 2712 profestis
1071 2662 1231 2702 diebus
1263 2662 1381 2713 agit,
1416 2662 1557 2702 etiam
1589 2673 1750 2701 coram
1778 2660 2011 2700 dictarum

371 2729 590 2770 classium
625 2732 789 2782 pueris
824 2739 867 2772 et
905 2733 1008 2773 aliis
1044 2733 1320 2784 quibusdam
1351 2733 1583 2783 externiS,
1618 2743 1736 2784 quos
1765 2731 1855 2771 viri
1889 2731 2011 2771 illius

370 2798 525 2850 (quam
556 2813 637 2851 per
668 2803 848 2843 litteras
879 2810 1066 2844 nostras
1100 2804 1236 2854 nosti)
1274 2804 1679 2855 congregationis,
1718 2803 1765 2842 in
1803 2803 2010 2842 moribus

369 2871 639 2912 christianis
660 2873 927 2925 instituunt,
954 2875 1009 2915 de
1040 2875 1283 2915 doctrinae
1313 2875 1599 2915 christianae
1627 2874 1903 2914 rudimentis
1934 2885 2010 2914 ex-

369 2941 685 2984 hortationem
705 2945 841 2995 facit,
866 2958 1006 2997 quam
1028 2958 1190 2986 omnes
1218 2947 1350 2998 pueri
1381 2953 1424 2986 et
1455 2946 1545 2986 viri
1576 2951 1706 2985 tanta
1737 2956 1842 2985 cum
1871 2944 2008 2984 devo-

369 3012 492 3053 tione
514 3021 558 3054 ct
580 3017 836 3057 attentione
858 3018 1051 3058 audiunt
1067 3025 1116 3058 ut
1139 3019 1231 3058 sint
1252 3018 1399 3070 pueri,
1424 3017 1500 3069 qui
1519 3017 1642 3068 apud
1659 3022 1880 3068 parentes
1897 3027 2008 3056 suos

369 3084 606 3126 dictitent:
636 3087 697 3126 mi
718 3094 872 3139 pater,
896 3088 934 3128 si
956 3095 1235 3140 praeceptor
1262 3095 1421 3129 noster
1442 3100 1469 3127 a
1497 3099 1633 3128 mane
1662 3098 1808 3139 usque
1838 3087 1897 3126 ad
1929 3098 2006 3126 no-
