2168 3437
313 238 380 275 112
819 239 1046 276 LITTERAE
1073 249 1434 282 QUADRIMESTRES
1462 250 1465 251 ⁷

313 335 496 375 animae
517 336 715 375 salutem
735 335 1081 387 procurandam
1104 336 1282 386 attinet,
1304 336 1350 376 id
1367 335 1527 376 sedulo
1546 337 1655 388 egit,
1675 343 1724 377 ut
1742 337 1950 377 moestis—

312 406 457 446 simos
492 407 834 455 consolaretur,
872 412 916 446 et
951 407 1263 446 conscientias
1285 407 1615 447 afflictissimas
1649 414 1953 458 peccatorum

312 478 511 518 sarcinis
533 478 631 517 dire
652 483 880 529 gravatas
903 478 1150 527 relevaret,
1179 479 1444 518 constitutis
1466 479 1607 519 etiam
1628 479 1907 530 quibusdam
1928 491 1953 518 e

311 548 550 599 fratribus,
575 550 653 600 qui
675 549 870 588 subinde
891 549 1088 589 miseros
1116 549 1376 589 inviserent
1406 555 1450 589 et
1479 562 1573 590 non
1600 562 1709 590 raro
1739 551 1953 590 alicunde

312 620 441 659 cibos
476 620 718 670 afferrent,
751 620 1145 672 quemadmodum
1174 620 1466 661 infirmorum
1494 621 1804 672 quorumdam
1832 622 1954 661 ratio

310 692 589 742 postulabat.
615 691 807 731 Plurimi
836 691 1067 743 profecto,
1098 704 1191 732 non
1220 698 1401 731 tantum
1429 704 1626 743 corpore
1655 693 1836 743 miseri,
1871 693 1953 732 sed

311 762 451 802 etiam
473 763 735 802 animorum
756 763 882 803 vitiis
903 763 1184 814 gravissime
1207 763 1493 813 laborantes,
1515 763 1829 804 decessissent
1847 776 1870 804 e
1887 764 1955 803 vi—

311 833 383 873 vis
406 833 580 885 absque
602 834 694 873 ullo
718 834 1029 884 poenitentiae
1052 841 1095 874 et
1117 835 1284 874 salutis
1301 834 1524 885 remedio,
1543 835 1634 874 nisi
1651 835 1799 875 bonus
1816 835 1955 875 medi-

313 915 395 944 cus
416 905 490 944 hic
512 911 646 956 pater
666 905 891 945 adfuisset
910 906 954 945 in
973 911 1198 957 tempore,
1222 918 1277 945 ac
1293 906 1587 957 pereuntium
1610 912 1676 946 tot
1694 906 1957 946 animarum

313 977 435 1015 ultro
458 982 695 1027 pastorem
719 976 857 1016 fidum
878 977 1065 1027 egisset.
1091 977 1186 1017 Nec
1209 977 1398 1017 defuere
1420 977 1497 1029 qui
1519 977 1612 1017 iam
1629 977 1735 1017 inde
1752 990 1778 1017 a
1795 977 1958 1017 decem

314 1047 472 1098 annis,
503 1059 608 1087 curn
636 1048 865 1099 peccandi
892 1047 1029 1088 finem
1056 1049 1232 1088 nullum
1260 1048 1489 1099 facerent,
1519 1055 1676 1088 tamen
1705 1047 1956 1088 confitendi

311 1118 543 1158 rationem
563 1130 621 1158 ne
642 1120 783 1159 semel
805 1119 991 1170 quidem
1011 1119 1271 1171 inivissent,
1294 1126 1344 1160 ut
1365 1120 1537 1159 mundo
1563 1131 1705 1170 aegre
1727 1120 1847 1170 vivi,
1874 1118 1956 1159 sed

314 1188 502 1230 Christo
524 1190 661 1241 plane
682 1191 852 1230 mortui
875 1191 1159 1231 viderentur.
1183 1191 1255 1231 Ex
1275 1191 1347 1231 his
1376 1191 1585 1231 nonnulli
1612 1191 1686 1230 vel
1709 1191 1803 1230 alta
1836 1201 1956 1230 voce

313 1260 473 1300 testati
493 1266 613 1311 sunt,
638 1262 861 1301 divinitus
882 1252 1005 1301 hunc
1026 1268 1209 1313 patrem
1233 1261 1294 1302 ad
1315 1274 1364 1302 se
1386 1262 1582 1302 missum
1603 1273 1725 1311 esse,
1751 1261 1875 1312 quod
1895 1260 1960 1300 fa-

316 1332 402 1372 cile
424 1332 737 1383 intelligerent
760 1333 869 1384 quid
891 1333 999 1373 huic
1020 1345 1132 1373 vere
1154 1334 1278 1385 patri
1295 1333 1531 1383 deberent,
1557 1344 1640 1384 per
1668 1344 1805 1384 quem
1828 1338 1959 1372 tanta

314 1409 616 1454 peccatorum
638 1404 766 1443 sanie
790 1415 844 1443 ac
866 1404 1126 1455 putredine,
1151 1416 1238 1444 nec
1265 1405 1414 1444 solum
1447 1404 1706 1455 corporalis
1736 1404 1864 1444 vitae
1884 1415 1960 1455 pe-

314 1474 487 1525 riculis,
512 1475 837 1515 liberarentur.
869 1475 989 1515 Tum
1017 1476 1140 1527 apud
1170 1476 1521 1515 serenissimam
1550 1475 1803 1515 Bohemiae
1823 1474 1962 1525 Regi-

314 1557 424 1585 nam
451 1544 460 1563 ¹
491 1554 706 1586 curatum
738 1552 830 1597 est,
867 1558 1050 1587 necnon
1078 1547 1201 1598 apud
1230 1547 1346 1587 alios
1379 1548 1426 1586 in
1448 1547 1554 1587 aula
1582 1546 1731 1597 Regia
1764 1545 1958 1595 nobiles,

313 1618 592 1668 praesertim
613 1617 850 1669 hispanos,
874 1624 923 1657 ut
945 1618 1128 1658 collatis
1152 1618 1465 1669 eleemosynis
1486 1624 1735 1669 pereuntes
1763 1617 1828 1657 illi
1847 1617 1960 1656 mili-

313 1694 396 1739 tes,
422 1700 477 1728 ac
499 1688 831 1728 decumbentes
861 1700 1116 1741 paupereS,
1149 1689 1354 1741 quotidie
1386 1689 1778 1729 refocillarentur.
1812 1688 1963 1738 Igitur

315 1765 359 1800 et
378 1759 532 1800 Patris
553 1772 666 1800 cura
682 1761 826 1811 panni
846 1761 970 1801 lanei
987 1761 1189 1813 lineique
1210 1761 1416 1812 coempti
1433 1768 1556 1811 sunt,
1577 1767 1743 1811 parata
1760 1759 1960 1809 indusia,

315 1837 471 1871 vestes
493 1832 784 1882 distributae,
808 1832 917 1872 lecti
934 1832 1223 1881 concinnati,
1243 1833 1422 1872 nummi
1439 1831 1710 1883 dispensati.
1732 1830 1959 1880 Breviter,

313 1914 398 1954 pro
420 1903 654 1953 egentium
675 1903 871 1953 ratione,
896 1910 993 1943 tum
1013 1904 1267 1954 esculenta,
1291 1910 1389 1943 tum
1410 1903 1691 1943 vestimenta
1710 1903 1756 1942 in
1774 1902 1892 1942 alios
1909 1907 1955 1941 et

316 1974 433 2013 alios
456 1975 626 2014 collata
648 1982 768 2014 sunt.

396 2044 467 2084 De
500 2056 651 2085 messe
679 2045 950 2096 quotidiana
980 2057 1104 2085 nunc
1141 2051 1298 2095 taceo,
1337 2057 1477 2096 quarn
1510 2044 1728 2093 feliciter,
1767 2043 1960 2093 scilicet,

317 2121 487 2166 agatur
508 2127 614 2156 cum
642 2116 713 2155 his
740 2117 818 2167 qui
845 2116 973 2156 Patri
1003 2116 1302 2166 confitentur,
1336 2128 1442 2156 cum
1470 2117 1637 2155 horum
1665 2114 1874 2154 nonnulli
1904 2126 1963 2154 ex

316 2185 452 2226 foedo
481 2187 795 2226 concubinatu
831 2187 889 2227 ad
924 2188 1169 2227 honestum
1205 2187 1555 2227 matrimonium
1587 2198 1688 2225 sese
1719 2191 1961 2225 converte-

317 2258 431 2308 rint,
471 2264 515 2298 et
550 2258 732 2309 publica
770 2258 993 2298 scandala
1029 2258 1346 2308 correxerint,
1384 2264 1428 2297 ct
1463 2258 1630 2297 iniuste
1665 2263 1802 2308 parta
1831 2256 1959 2296 resti-

319 2329 504 2370 tuerint.

399 2400 473 2441 Ad
490 2413 565 2441 res
583 2401 865 2441 domesticas
881 2401 1032 2452 venio,
1051 2412 1170 2452 quae
1185 2412 1309 2440 nunc
1321 2400 1460 2451 paulo
1479 2411 1619 2451 quam
1632 2405 1770 2439 antea
1788 2399 1963 2439 rectius

318 2472 592 2522 procedunt,
617 2473 716 2512 sive
738 2472 863 2512 vitae
886 2472 1194 2523 disciplinam,
1219 2471 1319 2511 sive
1341 2470 1602 2510 studiorum
1625 2481 1826 2519 cursum,
1861 2470 1962 2509 sive

318 2542 517 2583 fratrum
537 2543 800 2594 profectum
822 2541 1187 2582 animadvertas.
1207 2541 1328 2581 Nam
1346 2542 1504 2581 divina
1526 2542 1593 2581 sic
1615 2552 1701 2581 nos
1721 2540 1876 2592 gratia
1897 2540 1958 2580 fo·
1977 2530 1981 2534 ’

320 2620 411 2665 vet,
435 2620 483 2654 ut
505 2626 679 2665 magna
701 2620 745 2654 et
765 2621 991 2665 perpetua
1012 2613 1132 2653 inter
1154 2624 1316 2652 omnes
1339 2613 1394 2652 de
1416 2613 1554 2652 rebus
1577 2612 1791 2652 omnibus
1818 2611 1960 2662 persi-

318 2690 411 2725 stat
433 2685 700 2735 concordia,
725 2697 811 2725 nec
832 2685 984 2724 minor
1005 2684 1251 2724 charitatis
1268 2689 1312 2723 et
1334 2684 1627 2723 obedientiae
1646 2682 1961 2734 praestandae

320 2768 448 2807 cura,
472 2757 596 2796 domi
615 2768 669 2796 ac
692 2756 820 2807 foris,
844 2755 1065 2808 privatim
1087 2767 1143 2794 ac
1164 2755 1348 2806 publice
1368 2760 1657 2805 perseverat.
1684 2753 1821 2793 Modo
1839 2752 1960 2803 cepit

321 2839 406 2868 nos
427 2827 649 2867 mirificus
672 2827 860 2878 quidam
881 2832 925 2867 et
945 2838 1095 2866 novus
1118 2826 1259 2866 ardor
1282 2825 1622 2876 perdiscendae
1650 2825 1838 2875 linguae
1858 2833 1960 2874 ger-

321 2899 553 2949 manicae,
592 2899 666 2938 cui
696 2898 909 2938 certatim
937 2908 1127 2949 operam
1159 2896 1324 2936 damus
1355 2897 1454 2937 sive
1483 2896 1670 2946 flandri,
1701 2895 1800 2935 sive
1829 2894 1956 2945 galli.

373 3059 384 3078 ¹
423 3057 542 3092 Maria,
558 3058 670 3086 Caroli
687 3058 718 3085 V
734 3058 817 3092 filia,
835 3062 867 3086 et
883 3057 1104 3086 Maximiliani
1122 3056 1162 3090 II,
1182 3055 1382 3091 Hungariae
1399 3060 1431 3083 et
1448 3055 1632 3083 Bohemiae
1649 3054 1750 3088 regis,
1770 3060 1864 3080 uxor.
