2168 3437
387 279 458 317 578
894 275 1120 312 LITTERAE
1148 286 1506 318 QUADRIMEsTRES

388 375 555 415 efficiat
576 374 793 422 cultores,
813 383 1013 422 quorum
1031 371 1277 422 penuriam
1299 371 1465 411 acerbe
1488 371 1725 424 deflemus,
1749 385 1889 424 quam
1911 374 2029 415 haec

387 447 498 486 urbs
525 444 745 496 perusina
775 449 962 494 praeter
990 448 1203 482 caeteras
1231 442 1427 482 nimium
1455 443 1742 495 nimiumque
1772 446 2027 496 experitur.

386 517 437 557 In
455 516 641 565 scholis,
663 515 700 555 si
722 526 816 554 non
836 525 1073 565 numerUS,
1096 520 1355 565 proventus
1376 521 1533 554 tamen
1550 514 1873 567 undecumque
1891 528 2030 568 auge-

389 594 478 637 tur,
503 587 578 626 vel
598 592 846 638 parentum
869 585 1136 625 testimonio
1158 585 1237 636 qui
1257 584 1376 625 filios
1398 597 1507 625 suos
1536 586 1742 637 quotidie
1770 592 1814 626 et
1845 598 2030 639 compo-

389 659 573 698 sitiores
601 665 645 698 et
677 656 953 697 eruditiores
981 656 1348 708 deprehendunt.
1379 655 1470 697 Sed
1499 668 1557 696 ne
1586 657 1743 697 omnia
1770 657 2030 715 studiorum

389 741 444 769 ac
466 728 745 780 praesertim
765 728 1031 768 rethoricae
1053 734 1097 768 et
1118 738 1321 778 graecae
1350 728 1682 779 praelectionis
1709 729 1955 769 commoda
1985 736 2030 770 et

386 802 580 851 fructus,
606 800 683 852 qui
705 799 891 852 plurimi
913 806 1034 850 sunt,
1058 810 1332 851 persequar,
1358 799 1448 839 alio
1471 799 1718 840 divertam:
1743 812 1797 840 ea
1820 801 1943 841 enim
1963 807 2029 842 ta-

389 872 527 912 metsi
555 883 725 911 nomen
758 883 813 911 ac
850 871 1181 911 auctoritatem
1210 873 1345 921 <quae
1373 870 1593 910 iuvandis
1618 871 1847 922 proximis
1874 872 2030 923 singu-

387 943 475 983 lari
497 943 766 983 adiumento
795 944 886 990 est)
917 941 1142 982 Societati
1169 942 1460 993 pepererint,
1484 942 1678 982 resectis
1700 943 1878 983 interea
1906 955 2030 984 erro-

384 1026 488 1054 rum
511 1014 728 1064 salebris3
753 1014 884 1053 auxit
907 1019 1065 1053 tamen
1087 1013 1240 1063 magis
1264 1013 1454 1053 assidua
1476 1024 1594 1064 pene
1625 1014 1924 1065 negotiorum
1953 1015 2028 1055 ad-

384 1085 681 1125 ministratio.
722 1084 900 1135 Quibus
934 1096 1027 1124 non
1063 1084 1216 1123 minus
1239 1084 1480 1124 daemonis
1509 1085 1681 1124 astutia
1703 1090 1773 1125 est
1804 1087 2026 1137 collapsa,

384 1169 525 1208 quam
561 1156 812 1196 instaurati
847 1156 1022 1195 civium
1058 1156 1225 1205 animi;
1266 1161 1405 1207 atque
1440 1155 1559 1195 inter
1595 1156 1712 1196 haec
1747 1157 1945 1208 contigit
1979 1163 2029 1197 ut

384 1229 567 1268 celebre
588 1228 716 1278 illud,
737 1227 861 1279 quod
883 1233 1055 1267 vocant
1075 1227 1342 1278 iubilaeum,
1362 1239 1447 1278 pro
1465 1227 1697 1267 britannis
1711 1234 1756 1268 et
1772 1229 2027 1279 germanis,

384 1300 473 1340 illis
495 1300 682 1352 quidem
704 1298 1063 1349 confirmandis,
1087 1298 1159 1338 his
1187 1310 1301 1338 vero
1333 1298 1392 1338 ad
1419 1287 1557 1338 fidem
1585 1299 1867 1339 catholicam
1899 1300 2029 1340 redu-

383 1371 566 1421 cendis,
590 1371 637 1410 in
658 1371 830 1422 templo
853 1376 1015 1410 nostro
1038 1370 1415 1410 constitueretur.
1442 1369 1589 1410 Porro
1616 1370 1691 1410 hic
1720 1371 2030 1411 confluentem

381 1443 726 1484 multitudinem
755 1454 809 1482 ac
838 1441 1149 1482 multitudinis
1176 1441 1382 1481 fructum
1410 1441 1565 1482 dicere
1594 1454 1680 1481 nec
1708 1448 1850 1482 vacat
1879 1454 2030 1494 neque

382 1526 589 1566 possum.
607 1513 727 1553 Nam
745 1514 935 1554 tametsi
956 1513 1111 1553 aditus
1134 1514 1293 1564 templi
1315 1513 1428 1553 satis
1451 1513 1509 1553 sit
1528 1515 1724 1565 amplus,
1744 1514 1842 1554 fieri
1858 1526 2029 1566 nequa-

386 1598 526 1638 quam
549 1586 698 1638 potuit
720 1585 831 1637 quin
852 1597 934 1636 per
961 1590 1085 1624 totos
1114 1584 1380 1636 quindecim
1408 1584 1505 1624 fere
1532 1585 1631 1625 dies
1660 1585 1922 1637 frequentia
1950 1586 2028 1626 ho-

380 1659 557 1698 minum
591 1657 857 1708 ingressum
899 1668 992 1696 non
1027 1656 1375 1706 intercluderet,
1415 1656 1686 1707 optantibus
1716 1656 1950 1708 plerisque
1986 1663 2030 1697 et

380 1729 703 1780 augustiorem
724 1727 857 1767 nobis
877 1728 1046 1767 locum.
1066 1727 1138 1767 Ac
1154 1739 1268 1767 sane
1285 1733 1382 1767 tum
1400 1727 1626 1779 temporis
1643 1728 2029 1779 benignissimum

379 1800 485 1840 R.¹1¹i
509 1800 749 1850 Prolegati
771 1800 1006 1851 totiusque
1029 1798 1232 1839 Senatus
1255 1799 1463 1838 animum
1484 1810 1644 1838 sumus
1672 1799 1873 1850 experti;
1907 1799 2028 1839 adie-

377 1877 485 1911 runt
513 1872 636 1911 enim
666 1871 731 1910 illi
763 1871 904 1910 aedes
932 1876 1119 1910 nostras
1148 1876 1192 1910 et
1224 1870 1412 1921 saepius
1438 1877 1482 1910 et
1509 1870 1778 1910 studiosius:
1812 1869 2030 1911 Patribus

376 1944 570 1993 interea,
596 1943 674 1994 qui
696 1942 770 1982 hic
793 1947 901 1981 sunt
923 1941 1029 1993 duo,
1050 1941 1109 1981 ad
1126 1941 1313 1981 tertiam
1331 1942 1669 1993 propemodum
1690 1942 1841 1982 noctis
1862 1942 2029 1982 horam

378 2013 637 2054 ministerio
657 2012 951 2053 Sacramenti
967 2013 1284 2064 poenitentiae
1299 2012 1593 2053 vacantibus.
1615 2013 1706 2053 Ubi
1723 2007 1863 2064 quam
1880 2014 2028 2053 multa

377 2098 525 2137 eaque
547 2085 704 2125 multis
726 2085 862 2124 annis
885 2085 1071 2124 occulta
1090 2083 1268 2134 flagitia
1288 2096 1311 2124 e
1330 2084 1649 2124 confitentium
1665 2090 1855 2136 pectore
1873 2090 2024 2124 extor-

377 2157 537 2206 serint,
558 2168 699 2208 quam
720 2157 891 2196 multos
914 2156 973 2195 ad
994 2155 1111 2195 bene
1134 2156 1361 2206 beateque
1382 2156 1575 2196 vivendi
1598 2167 1811 2195 normam
1832 2156 2026 2196 reduxe-

377 2229 494 2278 rint,
519 2235 629 2279 quot
660 2228 828 2279 quibus
854 2226 951 2278 jam
979 2227 1240 2278 desperatis
1269 2238 1354 2277 pro
1385 2233 1596 2267 extrema
1618 2233 1719 2267 erat
1740 2228 1949 2267 anchora
1980 2228 2028 2267 in

377 2312 508 2352 spem
529 2300 700 2339 bonam
723 2299 972 2349 erexerint,
992 2310 1087 2338 non
1109 2304 1178 2338 est
1196 2297 1333 2349 hujus
1350 2299 1611 2349 brevitatis,
1632 2299 1707 2339 cui
1730 2310 2027 2350 summopere

377 2372 563 2422 studeo,
587 2370 756 2411 dicere.
783 2370 886 2410 Hoc
908 2369 1078 2410 addam
1100 2376 1259 2410 tamen
1288 2370 1443 2421 quoad
1469 2369 1671 2411 Sanctae
1698 2370 2026 2411 Eucharistiae

379 2442 689 2483 ministerium
717 2442 906 2493 attinet,
937 2442 1065 2481 nullo
1101 2453 1309 2493 unquam
1343 2448 1553 2493 tempore
1584 2442 1638 2491 (si
1666 2433 2027 2482 resurrectionis

377 2514 654 2554 Dominicae
671 2513 977 2553 festivitatem
994 2512 1171 2563 demas)
1189 2513 1346 2564 plures
1368 2525 1554 2553 sacram
1571 2513 1790 2565 synaxim
1807 2513 2025 2565 sumpsis—

378 2598 448 2636 se,
474 2585 781 2636 effectumque
803 2590 873 2624 est
893 2589 943 2624 ut
964 2584 1153 2635 plurimi
1175 2584 1372 2635 singulis
1394 2585 1701 2625 hebdomadis
1722 2585 1865 2625 semel
1887 2590 2025 2636 atque

377 2658 546 2697 iterum
568 2657 657 2696 hoc
679 2657 834 2707 ipsum
854 2661 1108 2708 praestent.
1134 2655 1255 2696 Nam
1282 2661 1327 2696 et
1348 2656 1509 2696 diebus
1531 2667 1714 2708 quoque
1741 2655 1928 2696 veneris
1956 2661 2026 2695 est

377 2729 452 2768 hic
476 2727 796 2769 confitentium
817 2738 1060 2777 numerUS,
1091 2738 1228 2778 quem
1255 2733 1300 2767 et
1331 2733 1584 2768 conservat
1615 2733 1659 2767 et
1688 2733 1828 2778 auget
1858 2727 2024 2768 doctri-

378 2811 466 2840 nae
488 2799 744 2851 christiane
766 2798 1041 2849 praelectio;
1074 2798 1370 2838 numerosior
1400 2804 1558 2838 tamen
1587 2798 1749 2838 diebus
1778 2798 2025 2838 dominicis

379 2877 571 2911 caterva
593 2870 798 2920 confiuit3
825 2869 998 2909 habent
1020 2869 1147 2909 enim
1168 2869 1221 2909 R.
1247 2869 1296 2909 P.
1321 2869 1615 2909 Everardum
1638 2869 1941 2921 epistolarum
1964 2869 2024 2909 ad

379 2943 675 2982 Timotheum
696 2942 1000 2992 interpretem
1017 2946 1061 2980 et
1081 2940 1241 2980 utilem
1263 2946 1307 2980 et
1326 2941 1616 2992 perdoctum:
1636 2940 1744 2980 huic
1767 2940 1916 2980 eidem
1938 2951 2022 2980 sua

379 3015 536 3054 omnia
557 3020 601 3054 et
623 3013 810 3065 privata
832 3018 877 3053 et
898 3012 1086 3064 publica
1108 3012 1300 3063 negotia
1330 3012 1563 3053 commisit
1593 3012 1785 3064 quidam
1811 3022 2022 3052 summae

378 3085 672 3126 auctoritatis
695 3084 818 3136 apud
840 3096 1002 3125 omnes
1024 3084 1163 3135 civis,
1188 3090 1238 3124 ut
1265 3095 1415 3135 neque
1436 3085 1581 3124 latum
1610 3084 1795 3136 quidem
1816 3094 2020 3134 unguem

2127 0 2168 36 14³¹,
