2168 3437
840 311 922 346 AN.
954 310 1045 346 1553
1691 308 1761 344 339

131 408 279 455 leant,
321 417 460 457 quam
499 405 677 445 meritis
715 405 1005 446 reducendos
1041 411 1179 457 atque
1213 405 1447 456 legitimos
1482 404 1758 445 reddendos.

133 476 337 517 Castella
367 482 473 516 sunt
500 476 676 527 aliquot
703 477 788 516 sub
825 476 960 516 huius
988 476 1114 515 urbis
1144 476 1338 526 ditione,
1367 488 1485 528 quae
1512 475 1761 517 Societatis

134 559 270 599 opem
291 547 460 598 oppido
484 546 765 586 desiderant.
788 546 926 586 Faxit
948 546 1183 596 Christus,
1207 553 1255 586 ut
1277 553 1321 586 et
1343 558 1423 598 spe
1449 547 1668 587 iuventur
1698 547 1761 586 illi

133 629 237 668 sua,
260 629 436 669 nosque
469 617 724 657 alacriores
754 623 799 657 et
825 617 1057 657 fideliores
1088 616 1289 657 Domino
1318 617 1610 658 famulemur.
1640 617 1760 658 Civi-

132 694 206 728 tas
232 688 350 728 haec
386 699 498 727 sane
542 688 609 727 sic
642 687 842 727 fratrum
875 687 1286 738 aequanimitatem
1330 694 1373 727 et
1408 688 1680 739 patientiam
1714 689 1761 728 in

132 758 301 808 multis,
325 769 443 809 quae
464 758 741 809 perferenda
761 758 961 807 fuerunt,
987 757 1217 797 admirata
1239 766 1323 807 est,
1348 765 1395 798 ut
1418 771 1552 798 nemo
1574 760 1648 810 sit,
1682 760 1759 810 qui

131 842 225 870 non
253 830 377 869 dicat
402 829 628 869 meruisse
655 829 782 869 illam
809 828 1058 869 Societatis
1086 828 1366 868 adminiculo
1401 828 1607 880 destitui,
1640 829 1763 881 quod

133 900 430 952 postmodum
450 901 647 940 multum
675 906 774 940 erat
803 899 1139 939 desideratura.
1168 898 1401 951 Novitque
1429 901 1521 940 iam
1543 901 1761 952 aliquate-

133 982 221 1011 nus
243 970 354 1022 (Dei
374 977 466 1022 opt.
490 971 669 1021 gratia)
692 971 898 1011 maxima
919 970 1092 1010 civium
1118 982 1228 1021 pars
1259 969 1542 1010 Societatem
1570 983 1662 1011 non
1690 972 1764 1011 hic

134 1054 233 1093 sua,
256 1041 337 1082 sed
359 1054 477 1094 quae
494 1042 669 1082 Christi
689 1048 795 1081 sunt
817 1053 1056 1093 quaerere.
1082 1040 1184 1091 Quo
1206 1041 1268 1091 fit,
1290 1047 1339 1080 ut
1361 1042 1512 1092 magis
1535 1054 1590 1081 ac
1613 1043 1765 1093 magis

135 1115 286 1164 ipsam
317 1114 689 1164 complectantur
721 1124 902 1159 omnes,
942 1112 1240 1163 futurumque
1277 1118 1345 1151 est
1379 1112 1532 1162 brevi,
1570 1119 1619 1152 ut
1651 1113 1767 1152 nihil

136 1196 318 1234 eorum,
350 1196 469 1235 quae
497 1184 556 1224 ad
591 1183 679 1223 Dei
714 1184 940 1223 honorem
975 1189 1018 1223 et
1053 1183 1253 1234 proximi
1288 1184 1485 1223 salutem
1519 1184 1672 1234 aliqua
1707 1196 1766 1223 ex

134 1261 268 1307 parte
303 1255 501 1305 faciunt,
534 1255 708 1306 requiri
740 1255 902 1306 possit.
941 1254 1115 1294 Omnes
1143 1266 1279 1305 opem
1305 1255 1596 1305 pollicentur,
1626 1266 1767 1305 reque

135 1326 251 1378 ipsa,
271 1326 395 1377 quod
408 1332 618 1377 possunt,
638 1331 894 1376 praestant.
914 1325 1106 1365 Plurimi
1122 1332 1244 1375 sunt,
1264 1325 1341 1376 qui
1362 1325 1490 1375 nihil,
1510 1325 1598 1365 nisi
1614 1326 1767 1376 quoad

135 1409 219 1449 per
239 1397 392 1437 Patris
412 1397 560 1436 nostri
590 1395 685 1436 D.ni
712 1396 942 1436 Everardi
969 1397 1215 1436 consilium
1241 1396 1398 1446 liceat,
1430 1396 1769 1447 aggrediantur

134 1474 461 1519 moveantque.
485 1467 677 1518 Aliquot
697 1467 791 1507 iam
812 1468 940 1507 cives
960 1467 1007 1506 in
1034 1468 1147 1507 urbe
1173 1467 1423 1518 potissimi,
1457 1467 1505 1507 in
1532 1467 1698 1518 quibus
1724 1475 1766 1507 et

134 1539 193 1579 D.
216 1538 576 1590 Proepiscopus‚
610 1545 654 1578 et
679 1538 912 1578 Doctores
939 1538 1135 1589 aliquot,
1170 1550 1333 1578 curam
1360 1538 1431 1578 sui
1458 1538 1609 1578 eidem
1637 1538 1767 1578 Patri

136 1611 486 1660 commiserunt,
507 1616 551 1650 et
572 1610 620 1650 in
642 1610 840 1661 singulis
856 1609 1017 1649 diebus
1033 1609 1235 1649 Veneris
1252 1609 1481 1659 Decalogi
1498 1616 1763 1660 praecepta,

134 1681 243 1721 hinc
265 1682 387 1721 enim
415 1692 612 1721 exorsus
642 1687 725 1731 est,
755 1681 801 1720 in
829 1692 973 1720 unum
999 1680 1304 1731 eumdemque
1326 1681 1479 1720 locum
1501 1680 1678 1720 coactis
1705 1681 1767 1720 in-

134 1758 433 1804 terpretatur,
457 1752 664 1792 maxima
686 1764 848 1792 eorum
867 1752 1092 1802 utilitate,
1122 1758 1166 1792 et
1194 1752 1343 1791 nostri
1370 1752 1616 1791 desiderio.
1647 1752 1768 1804 Jam-

135 1836 224 1876 que
245 1835 407 1864 eorum
426 1824 652 1864 memoria
672 1823 809 1874 periit
828 1822 946 1873 fere,
980 1835 1074 1862 non
1102 1823 1275 1874 absque
1303 1823 1491 1862 divinae
1521 1823 1767 1874 providen-

135 1896 227 1935 tiae
246 1901 375 1945 nutu,
399 1895 476 1946 qui
498 1895 561 1945 (ut
583 1895 872 1946 scripsimus)
894 1895 1183 1934 umbraticae
1205 1894 1447 1934 cuiusdam
1468 1894 1771 1945 perfectionis

135 1967 290 2017 specie
310 1967 504 2017 vulgus,
527 1966 620 2006 imo
643 1972 686 2006 et
709 1966 910 2018 optimae
933 1966 1031 2017 spei
1047 1967 1177 2006 viros
1198 1972 1242 2006 et
1258 1966 1489 2016 mulieres,
1510 1966 1678 2006 misere
1698 1966 1768 2005 de-

137 2043 372 2089 ceperant.
387 2037 618 2077 Mirantur
633 2048 795 2077 omnes
808 2035 1089 2077 Societatem
1101 2038 1279 2077 nullum
1290 2037 1502 2077 laborum
1513 2037 1771 2088 praemium

137 2108 400 2159 admittere,
423 2109 642 2160 nullaque
662 2120 821 2148 rerum
841 2114 1144 2148 externarum
1164 2120 1246 2160 spe
1275 2108 1405 2159 duci,
1438 2108 1683 2159 magisque
1714 2109 1771 2147 ob

137 2179 184 2220 id
203 2179 292 2231 ipsi
311 2179 448 2220 fidem
469 2179 706 2220 adhibent:
729 2191 974 2231 speramus
994 2179 1197 2231 quotidie
1218 2179 1265 2219 in
1286 2178 1489 2219 Domino
1512 2179 1708 2227 maiora,
1733 2179 1771 2218 si

139 2250 281 2290 semel
301 2251 632 2302 intellexerint,
656 2262 879 2302 quorsum
899 2262 985 2290 nos
1005 2250 1096 2290 huc
1117 2251 1192 2290 ille
1214 2251 1410 2290 vocarit.
1434 2251 1493 2291 Et
1519 2262 1575 2291 ne
1604 2250 1773 2289 inertia

138 2328 299 2362 nostra
320 2321 704 2373 praepediantur,
728 2334 814 2362 nos
836 2334 998 2362 omnes
1024 2321 1125 2362 Rae
1155 2322 1207 2361 T.
1236 2321 1336 2361 Ρ.ὶίΞ
1363 2323 1661 2373 omniumque
1690 2321 1770 2361 Pa-

140 2399 263 2432 trum
279 2392 466 2433 Divinis
487 2393 746 2443 sacrificiis,
764 2393 1058 2444 fratrumque
1078 2393 1250 2433 ibidem
1266 2393 1536 2444 degentium
1557 2392 1774 2443 precibus

142 2464 312 2504 obnixe
335 2463 729 2504 commendamus.
753 2463 888 2504 Vale.
911 2463 1134 2504 Perusiae
1153 2464 1178 2503 2
1199 2464 1304 2504 Idus
1325 2463 1450 2516 Junii
1474 2463 1588 2503 1553.

222 2535 319 2575 Tae
349 2534 472 2574 Rfiae
508 2533 608 2573 ΡΨ
641 2534 859 2585 indignus
880 2534 1015 2583 filius,

222 2605 293 2646 De
315 2605 536 2646 mandato
557 2604 649 2645 R.di
672 2604 720 2645 Ρ.
746 2605 803 2645 D.
828 2605 1059 2646 Everardi
1079 2606 1381 2657 Marcuriani,

1046 2750 1268 2791 EMONDUS
1298 2750 1553 2790 AUGERIUS.
