2168 3437
335 279 406 315 376
849 278 1077 316 LITTERAE
1103 290 1461 322 QUADRIMESTRES

331 368 681 425 transmissam,
713 386 736 413 e
759 375 925 426 quibus
956 383 1180 427 magnam
1201 376 1520 417 confitentium
1552 384 1596 418 et
1625 380 1972 420 communican-

336 447 451 485 tium
472 446 676 485 habuere
696 446 845 485 nostri
868 452 1125 486 catervam.

415 516 591 556 Eodem
611 515 659 555 P.
686 515 874 556 Canisio
897 523 1136 568 tamquam
1165 518 1402 558 ordinario
1432 519 1767 559 concionatore
1799 532 1824 560 a
1853 520 1973 561 sesto

336 588 635 627 Pentecostes
656 586 881 627 hactenus
904 599 987 627 usa
1009 594 1078 628 est
1099 588 1248 639 Regia
1278 589 1521 640 Majestas‚
1554 590 1800 630 dominicis
1829 603 1884 631 ac
1913 591 1973 631 fe-

334 657 418 697 stis
439 657 615 696 diebus.
639 657 831 698 Placent
851 659 975 698 enim
996 659 1060 698 illi
1082 659 1331 699 conciones
1353 667 1545 711 propter
1567 662 1716 700 zelum
1738 667 1782 701 et
1803 661 1971 701 doctri-

333 740 444 767 nam
479 739 619 779 quam
650 739 756 768 cum
785 729 1048 780 eloquentia
1078 730 1218 770 etiam
1239 731 1510 781 germanica
1546 730 1804 782 conjunxit.
1838 732 1974 772 Hunc

334 800 643 850 aemulantur,
668 811 754 839 nec
775 811 888 839 sane
916 800 1176 851 infeliciter,
1208 801 1385 853 aliquot
1411 800 1508 852 jam
1536 814 1594 841 ex
1622 802 1833 842 inferiori
1864 802 1975 843 Ger-

332 870 491 910 mania
525 870 696 910 fratres
723 871 891 922 nostri,
923 871 999 922 qui
1028 872 1167 911 etiam
1196 871 1268 912 his
1296 871 1479 923 diebus,
1513 878 1822 924 posteaquam
1856 874 1976 913 inter

333 941 536 992 parietes
557 941 768 991 privatos
790 953 892 982 sese
914 942 960 982 in
981 942 1203 982 discenda
1221 943 1381 994 lingua
1403 943 1623 994 gnaviter
1645 950 1973 993 exercuerunt,

333 1012 608 1062 prodierunt
629 1012 672 1052 in
697 1012 956 1064 publicum,
981 1019 1026 1053 et
1055 1025 1162 1053 cum
1188 1014 1343 1064 gratia
1366 1020 1410 1054 et
1433 1013 1757 1054 aedificatione
1789 1014 1974 1054 audien-

334 1083 450 1122 tium
470 1084 766 1134 praeclarum
787 1083 1031 1124 ediderunt
1059 1096 1250 1124 suorum
1281 1085 1493 1124 laborum
1523 1085 1773 1136 specimen.
1807 1086 1878 1125 Ex
1907 1086 1977 1125 his

333 1154 551 1205 primitiis
580 1155 750 1206 poterit
780 1155 939 1205 Regia
968 1154 976 1173 ¹
1008 1155 1230 1207 Majestas
1258 1156 1314 1195 de
1344 1156 1534 1207 reliquis
1562 1155 1789 1207 judicare
1821 1155 1860 1207 2,
1899 1157 1978 1207 qui

334 1225 438 1265 illos
475 1226 601 1265 velut
635 1233 994 1277 praecurrentes
1029 1232 1301 1277 sequuntur.
1343 1226 1592 1266 Praeterea
1632 1238 1728 1266 non
1767 1234 1976 1278 praeter-

333 1297 610 1337 mittendum
631 1297 742 1337 duxi
764 1303 935 1348 quanta
956 1297 1183 1337 charitate
1205 1297 1369 1337 Patres
1399 1303 1443 1337 et
1470 1297 1640 1338 fratres
1663 1309 1806 1349 opera
1829 1298 1971 1349 pieta-

336 1369 395 1408 tis
416 1368 709 1408 exhibuerint
731 1368 946 1419 infirmis,
971 1368 1095 1419 apud
1116 1379 1233 1420 quos
1257 1368 1395 1408 officii
1423 1380 1567 1409 causa
1598 1374 1721 1409 totos
1751 1368 1850 1408 dies
1876 1381 1973 1420 per-

335 1440 528 1490 sistunt,
570 1446 732 1479 noctes
771 1439 1005 1479 interdum
1040 1439 1215 1480 ducunt
1250 1440 1514 1491 insomnes,
1556 1439 1824 1491 hujusmodi
1865 1451 1977 1480 sane

339 1511 614 1551 occasiones
635 1511 925 1551 exercendae
946 1511 1132 1562 pietatis
1153 1523 1393 1562 nunquam
1414 1511 1460 1551 in
1481 1511 1570 1551 hac
1603 1511 1795 1551 civitate
1817 1511 1978 1551 deesse

337 1583 572 1633 videntur,
605 1582 683 1622 ubi
712 1582 887 1633 passim
915 1587 982 1622 tot
1012 1582 1243 1632 homines,
1274 1582 1475 1622 diversis
1505 1582 1680 1622 morbis
1711 1581 1974 1633 occupati‘,

336 1654 542 1705 quotidie
563 1654 711 1711 vitam
732 1665 838 1693 cum
859 1659 1008 1693 morte
1029 1659 1331 1693 commutant.
1356 1653 1440 1693 His
1461 1658 1712 1693 annectere
1734 1653 1843 1693 libet
1865 1659 1974 1693 stre-

338 1738 430 1767 nue
455 1738 481 1766 a
508 1725 680 1765 nostris
707 1725 925 1765 Patribus
956 1725 1219 1765 laboratum
1249 1736 1350 1765 esse
1380 1731 1450 1775 ut,
1484 1724 1738 1765 inimicitiis
1765 1724 1976 1774 sublatis,

338 1798 573 1850 amicitiae
610 1796 918 1849 quorumdam
945 1796 1138 1836 firmiter
1164 1796 1620 1847 1·edintegrarentur;
1654 1802 1699 1836 et
1725 1795 1978 1848 praecipue

340 1870 387 1910 id
420 1869 626 1910 muneris
659 1869 754 1917 egit
785 1868 842 1909 D.
880 1868 1094 1909 Victoria
1125 1867 1154 1915 ⁴,
1192 1868 1269 1919 qui
1304 1868 1538 1917 diversos,
1576 1874 1675 1908 tum
1709 1867 1846 1907 italos
1881 1874 1978 1907 tum

339 1941 585 1993 hispanos,
610 1952 703 1980 non
724 1940 909 1980 infimae
929 1940 1070 1980 etiam
1092 1940 1232 1980 sortis
1260 1940 1407 1990 Viros,
1439 1939 1639 1979 diversis
1666 1939 1979 1979 simultatibus

341 2013 632 2059 laborantes,
659 2012 717 2051 ad
738 2023 903 2063 pacem
925 2017 969 2051 et
993 2012 1293 2051 concordiam
1322 2011 1581 2051 revocavit.
1615 2011 1673 2051 Et
1703 2011 1780 2061 qui
1807 2010 1979 2050 diutius

340 2090 532 2136 propter
555 2084 661 2123 odia
684 2095 710 2122 a
732 2083 1050 2123 saluberrimis
1073 2082 1379 2122 confessionis
1402 2089 1445 2122 et
1468 2082 1680 2134 corporis
1705 2081 1879 2122 Christi
1901 2080 1976 2121 Sa-

339 2155 594 2195 cramentis
618 2155 942 2194 abstinuerant
965 2154 1119 2205 gavisi
1140 2160 1247 2193 sunt
1268 2154 1518 2205 plurimum
1550 2153 1651 2193 Deo
1683 2159 1728 2193 et
1754 2152 1980 2204 proximis

340 2237 391 2266 se
412 2227 593 2276 integre
620 2225 962 2265 reconciliatos.
991 2225 1118 2265 Idem
1144 2225 1273 2264 Deus
1303 2237 1376 2276 op.
1407 2236 1531 2264 max.
1563 2236 1649 2264 nos
1679 2224 1767 2264 sibi
1797 2235 1979 2275 quoque

340 2297 667 2338 reconciliatos
693 2296 740 2336 in
773 2307 908 2336 suum
942 2307 1140 2347 regnum
1175 2295 1375 2335 finaliter
1409 2295 1684 2346 transferat,
1715 2295 1837 2346 quod
1863 2295 1978 2334 futu-

340 2381 444 2409 rum
480 2368 756 2409 confidimus
784 2367 1010 2418 suffragio
1045 2374 1313 2407 vestrarum
1341 2367 1628 2417 orationum,
1663 2378 1778 2418 quas
1813 2371 1861 2405 ut
1895 2375 1980 2416 pro

341 2440 475 2480 nobis
498 2439 556 2480 ad
577 2440 729 2491 ipsum
752 2438 956 2490 quotidie
976 2438 1186 2478 fundatis
1210 2438 1380 2478 obnixe
1403 2450 1665 2490 precamur.
1690 2436 1856 2477 Arnen.

421 2510 636 2551 Viennae
657 2510 879 2550 Austriae
902 2510 1015 2561 ipsis
1037 2509 1243 2550 calendis
1265 2509 1551 2561 Septembris
1576 2509 1691 2549 1553.

423 2582 646 2633 indignus
667 2588 774 2622 tuus
796 2582 1032 2631 servulus,

1247 2724 1470 2764 ERARDUS
1498 2724 1790 2764 LEoDIENffls.

401 2962 406 2979 ¹
450 2968 514 2987 sem
541 2960 705 2987 Erardus.

400 3009 413 3027 ‘2
453 3010 657 3034 aeslz'nmre.
674 3008 838 3035 Erardus.

401 3057 414 3075 ³
452 3057 601 3083 visitati.
620 3056 779 3083 Erardus.

397 3107 415 3124 Δ
454 3105 487 3131 I‘.
503 3105 648 3137 joannes
665 3105 702 3131 de
720 3104 885 3131 Victorini.

2130 0 2168 36 Ἦ.
