2168 3437
362 273 434 311 592
873 273 1102 311 LITTERAE
1128 284 1487 317 QUADRIMESTRES

1014 727 1360 782 CCLXXXI

434 953 478 989 P.
499 953 727 991 Arnoldus
746 953 922 992 Hezeus

478 1018 600 1056 Patri
619 1018 789 1066 Ignatio
809 1019 862 1057 de
881 1019 1069 1069 Loyola.

526 1085 738 1131 Lovanio,
758 1084 804 1122 23
823 1085 991 1133 Aprilis
1010 1086 1102 1125 1554
1123 1087 1148 1122 ¹.

1114 1313 1211 1391 nis

436 1578 537 1620 Pax
576 1579 649 1620 Χ]
690 1588 735 1620 et
775 1582 877 1621 scti.
917 1581 1053 1634 Spus.
1091 1582 1371 1623 confortatio
1408 1593 1591 1634 semper
1625 1583 1816 1634 impleat
1855 1585 1999 1625 corda

356 1657 533 1691 nostra.

436 1722 708 1775 Scripturus
735 1736 811 1775 ea,
846 1736 965 1776 quae
1001 1725 1325 1777 proximorum
1360 1732 1561 1777 quatuor
1594 1726 1825 1766 mensium
1859 1726 1996 1766 inter-

354 1795 480 1834 vallo
501 1794 576 1835 hic
599 1802 704 1835 acta
727 1802 853 1845 sunt,
878 1796 986 1837 hinc
1008 1797 1098 1837 duo
1119 1798 1387 1849 praecipue,
1411 1809 1505 1837 non
1536 1797 1629 1837 levi
1654 1797 1999 1849 praetereunda

355 1877 511 1916 cursu,
536 1866 790 1907 illabuntur
811 1868 967 1908 animo
989 1879 1108 1909 meo:
1132 1869 1344 1919 alterum,
1370 1881 1427 1909 ne
1443 1869 1671 1920 prolixius
1688 1869 1735 1908 in
1751 1868 2000 1909 scribendo

351 1949 397 1976 V.
422 1938 695 1988 voluntatis,
715 1938 853 1979 Pater
876 1940 922 1979 in
938 1939 1021 1980 X.0
1037 1940 1149 1993 Jesu
1173 1940 1425 1981 admodum
1440 1939 1556 1991 Rfle,
1579 1940 1745 1980 videar
1767 1940 1997 1980 excedere

352 2008 541 2060 limites,
577 2010 796 2059 alterum,
824 2022 905 2059 ne,
936 2011 1241 2051 contractiori
1273 2023 1385 2051 usus
1413 2011 1538 2062 stilo,
1568 2012 1721 2051 minus
1751 2011 1998 2052 charitatis

352 2080 607 2131 perfungar
644 2081 807 2121 officio.
843 2081 903 2122 Ut
930 2082 1075 2133 igitur
1101 2083 1320 2123 tutiorem
1349 2094 1431 2123 seu
1458 2082 1660 2123 mediam
1688 2082 1992 2123 observemus

352 2151 500 2201 viam,
527 2152 573 2191 in
599 2158 696 2192 tres
723 2153 979 2205 particulas
1008 2154 1216 2194 omnium
1244 2160 1436 2194 actuum
1463 2160 1734 2194 nostrorum
1766 2165 1997 2194 summam

353 2222 709 2274 distinguemus.

431 2293 589 2334 Prima
610 2306 784 2335 novam
806 2296 1058 2347 quamdam
1080 2302 1124 2336 et
1153 2296 1288 2347 quasi
1312 2296 1540 2336 hactenus
1567 2296 1828 2336 inauditam
1859 2297 1996 2337 huius

353 2364 560 2405 civitatis
581 2366 833 2417 explicabit
854 2367 1209 2409 innovationem
1229 2374 1273 2407 et
1294 2367 1696 2419 tranquillitatem;
1718 2367 1783 2407 2²²
1802 2367 1996 2408 Patrum

352 2435 454 2476 istis
480 2437 527 2476 in
562 2437 679 2477 locis
714 2438 956 2489 agentium
989 2445 1086 2478 tam
1112 2439 1298 2479 labores
1328 2450 1468 2490 quam
1496 2438 1764 2490 spirituales
1793 2439 1993 2480 adducet

351 2507 547 2558 fructus;
570 2507 635 2548 3.st
657 2520 772 2548 vero
795 2509 1162 2550 domesticorum
1183 2516 1357 2550 statum
1377 2510 1616 2550 indicabit.

431 2578 648 2619 Antehac
682 2580 838 2620 visum
872 2592 974 2620 esse
1009 2593 1103 2621 non
1137 2587 1329 2621 autumo
1364 2587 1526 2621 nostra
1560 2587 1658 2621 tam
1688 2581 1993 2633 tranquillum

352 2659 493 2700 quam
531 2650 578 2689 in
611 2652 987 2701 praesentiarum
1023 2663 1329 2703 progressum
1366 2651 1585 2691 habuisse
1626 2652 1856 2700 instituta;
1901 2665 1995 2692 non

352 2720 476 2760 enim
496 2732 632 2761 secus
654 2732 709 2761 ac
737 2721 775 2761 si
803 2722 987 2762 lethaeo
1016 2722 1218 2763 traditae
1246 2729 1403 2763 essent
1432 2722 1632 2772 flumini,
1664 2734 1827 2763 omnes
1855 2735 1994 2763 vexa-

351 2790 502 2831 tiones
537 2797 581 2831 et
615 2798 842 2844 quotquot
881 2793 1278 2833 contradictiones
1314 2800 1394 2833 aut
1429 2793 1754 2833 tribulationes
1788 2805 1994 2845 unquam

351 2861 671 2912 sustinuimus,
691 2863 784 2902 iam
807 2863 890 2903 sub
911 2863 1096 2904 silentio
1119 2864 1270 2904 silent.
1292 2863 1464 2904 Omnes
1483 2871 1638 2904 autem
1656 2864 1756 2904 sive
1778 2865 1992 2916 spiritua-

350 2932 417 2971 les
454 2933 553 2972 sive
589 2934 882 2984 saeculares,
919 2940 1033 2985 puta
1069 2934 1298 2986 dignitate
1334 2934 1490 2986 aliqua
1525 2935 1880 2985 eminentiores,
1915 2943 1994 2976 aut

406 3091 417 3111 1
456 3092 705 3126 Autographae
722 3094 753 3120 in
766 3094 888 3128 duplici
906 3095 995 3128 folio,
1013 3102 1064 3122 nn.
1081 3096 1134 3122 ‘250
1148 3099 1180 3123 et
1196 3096 1257 3123 257.
