2168 3437
0 251 5 258 ¹
0 136 15 196 ‘¹5³7
1 127 5 130 ¹
10 92 15 110 U.

865 206 947 243 AN.
979 206 1071 243 1554
1715 208 1784 243 700

146 299 260 340 nihil
291 300 415 340 aliud
438 312 578 352 quarn
598 302 835 342 benedixit
856 302 977 352 Deo,
1002 308 1067 352 et,
1091 308 1261 354 pacato
1284 303 1461 353 animo,
1487 315 1626 354 quam
1648 304 1783 354 parvi

146 371 322 411 faceret
339 371 464 422 quod
479 372 761 424 perdiderat,
780 373 826 413 in
843 373 960 414 haec
977 374 1122 414 verba
1140 374 1363 414 ostendit:
1388 374 1624 414 Dominus
1640 375 1784 421 (ledit,

146 441 385 481 Dominus
414 442 635 493 abstulit,
663 450 750 484 etc.
784 444 913 484 Haec
942 444 998 484 de
1033 443 1214 495 injuriis
1249 445 1508 496 opibusque
1542 446 1785 495 neglectiS,

147 512 234 552 etsi
254 513 525 563 minutiora,
563 514 740 555 idcirco
772 515 1006 555 lubentius
1035 516 1196 566 retuli,
1232 527 1322 567 quo
1345 527 1371 555 a
1392 515 1601 567 pristinis
1623 515 1790 556 horum

148 583 389 623 hominum
412 585 619 625 moribus
641 586 795 637 magis
816 587 1089 626 viderentur
1107 587 1277 627 aliena.

225 653 318 694 Sed
339 661 383 694 et
403 655 515 695 illud
537 663 743 696 mutatos
771 657 1013 697 hominum
1041 658 1222 723 animos
1249 664 1303 711 etr
1324 670 1467 710 opera
1499 659 1703 698 maxime
1724 659 1791 697 in·

145 726 287 776 dicat,
311 725 434 777 quod
455 727 512 766 ab
532 727 604 777 iis,
629 728 707 779 qui
728 729 845 768 haec
867 729 1078 780 apprime
1099 736 1285 779 norunt,
1307 729 1482 769 dictum
1499 730 1779 770 audivimus:

141 795 238 847 jam
262 808 440 848 paucos
467 797 557 837 hoc
593 805 804 850 tempore
840 800 886 839 in
922 799 1190 839 carceribus
1223 811 1371 839 nexos
1407 800 1625 851 detineri,
1664 801 1785 852 quod

146 868 333 919 quidem
363 868 427 908 illi
458 869 525 908 sic
560 870 817 921 accipiunt,
851 870 985 922 quasi
1022 871 1336 911 certissimum
1365 871 1424 910 sit
1457 878 1783 922 argumentum

145 939 421 979 emendatae
449 940 677 989 civitatis,
711 952 830 992 quae
860 948 904 981 et
934 941 1056 980 mala
1087 941 1314 992 intelligat
1342 942 1547 993 apertius
1569 949 1613 982 et
1635 943 1692 982 ab
1714 942 1786 981 his

148 1010 332 1050 facilius
355 1011 629 1062 cautiusque
651 1012 865 1052 declinet.

225 1080 552 1133 Quadraginta
574 1083 798 1123 horarum
819 1084 1042 1124 continua
1063 1084 1331 1135 deprecatio
1353 1084 1413 1124 ad
1435 1083 1602 1135 Deum,
1626 1085 1778 1135 proxi-

145 1153 232 1193 mis
254 1153 588 1194 Penthecostes
609 1154 785 1204 diebus,
806 1156 972 1196 maiori
988 1167 1130 1207 quam
1146 1166 1351 1206 unquam
1370 1156 1618 1195 devotione
1635 1162 1680 1195 et
1696 1155 1783 1195 fre-

150 1225 340 1275 quentia
361 1224 487 1265 facta
508 1231 592 1276 est,
616 1232 666 1266 ut
687 1226 815 1266 horis
837 1226 1012 1278 aliquot
1041 1226 1146 1276 diei,
1171 1226 1248 1277 qui
1269 1226 1327 1265 ad
1358 1225 1586 1266 orandum
1614 1238 1780 1266 convea

152 1301 334 1347 nerant,
359 1297 583 1348 templum
604 1303 816 1338 nostrum
842 1299 1090 1350 replerent.
1115 1297 1329 1337 Duorum
1360 1309 1542 1349 quoque
1572 1309 1779 1349 operum,

153 1378 274 1418 quae
297 1368 444 1407 altero
467 1368 798 1419 quadrimestri
814 1376 982 1420 coepta
998 1369 1198 1414 fuerant,
1221 1368 1329 1408 huic
1351 1368 1561 1419 Collegio
1584 1380 1698 1408 cura
1718 1369 1782 1408 in-

150 1437 340 1489 cumbit,
365 1444 410 1478 et
430 1450 549 1479 unus
578 1451 637 1479 ex
666 1439 883 1480 Patribus
910 1439 1018 1480 huic
1046 1446 1116 1479 est
1145 1440 1328 1479 muneri
1358 1438 1630 1479 destinatus.
1665 1438 1782 1479 Sunt

145 1514 303 1548 autem
324 1509 417 1559 illa,
442 1510 481 1549 si
501 1510 621 1550 forte
652 1522 745 1550 non
772 1510 1053 1561 memineris,
1084 1509 1393 1550 Ascensionis
1421 1508 1773 1556 Monasterium,

143 1580 244 1619 sive
262 1579 422 1620 Sancti
444 1580 701 1632 Michaelis,
725 1588 770 1621 et
790 1581 1082 1633 probationis
1111 1581 1291 1629 domus,
1314 1581 1361 1620 in
1388 1592 1528 1632 quam
1556 1592 1606 1620 se
1635 1592 1778 1620 mere-

143 1650 284 1691 trices
305 1651 549 1703 recipiant,
575 1653 741 1704 quibus
769 1660 838 1692 est
859 1653 1042 1692 animus
1071 1665 1098 1692 a
1124 1658 1319 1703 peccato
1343 1651 1594 1692 resiliendi.
1618 1652 1669 1691 In
1690 1653 1777 1691 hac

148 1722 312 1762 vivunt
326 1735 448 1763 nunc
467 1724 737 1763 meretrices
755 1724 1036 1775 quindecim,
1062 1735 1261 1775 quarum
1282 1723 1530 1763 duodecim
1546 1729 1777 1763 monaste-

143 1793 278 1843 rium,
304 1793 382 1845 qui
404 1806 741 1835 conversarum
763 1795 946 1844 dicitur,
967 1793 1151 1845 ingredi
1172 1799 1451 1834 statuerunt.
1472 1794 1522 1834 In
1544 1801 1774 1833 monaste-

143 1864 212 1905 rio
241 1876 354 1905 vero
387 1865 433 1904 17
469 1866 678 1917 virgines
713 1866 883 1906 mirum
918 1877 1059 1917 quam
1094 1877 1290 1905 suavem
1322 1871 1420 1905 tota
1450 1865 1562 1905 urbe
1586 1865 1777 1905 odorem

143 1947 237 1975 non
258 1941 356 1976 tam
376 1935 609 1976 humanae
631 1949 773 1989 quam
799 1938 1042 1988 angelicae
1069 1937 1195 1976 vitae
1224 1942 1514 1988 sparserunt.
1546 1935 1642 1975 Nec
1665 1948 1771 1987 pau-

142 2017 224 2046 cas
245 2017 359 2047 suae
377 2008 642 2048 sanctitatis
660 2008 787 2048 fama
811 2009 1013 2048 invitant
1035 2008 1081 2047 in
1102 2019 1238 2047 suum
1255 2007 1543 2047 consortium
1561 2018 1568 2057 3
1590 2007 1671 2046 sed
1688 2007 1777 2046 hoc

143 2084 353 2129 tempore
374 2090 468 2118 non
488 2079 643 2119 visum
663 2086 733 2119 est
754 2079 1011 2119 consultius
1035 2079 1177 2118 ullam
1199 2078 1460 2118 admittere.

221 2148 298 2190 Ad
319 2161 537 2190 carceres
552 2162 645 2191 non
660 2162 771 2191 raro
789 2156 1020 2191 vocantur
1038 2149 1217 2199 Patres,
1238 2155 1282 2189 et
1299 2161 1353 2189 eo
1374 2149 1665 2200 frequentius
1686 2161 1776 2200 quo

144 2221 334 2271 aegrius
355 2221 458 2261 aliis
478 2234 618 2273 quam
634 2222 823 2272 nostris,
844 2222 922 2273 qui
941 2221 1086 2261 vincti
1102 2226 1333 2270 tenentur,
1358 2220 1571 2260 confiteri
1593 2221 1771 2259 volunt.

145 2291 195 2331 ln
227 2291 370 2332 Italae
407 2292 578 2345 oppido
613 2294 758 2333 multo
789 2294 967 2345 plures,
1003 2304 1143 2344 quarn
1168 2304 1251 2343 pro
1279 2303 1429 2342 more,
1453 2291 1667 2343 proximo
1694 2290 1775 2331 Pa-

143 2362 259 2402 scha
294 2363 498 2403 confessi
536 2371 659 2415 sunt,
693 2370 737 2404 et
769 2364 1075 2404 concionibus
1109 2362 1478 2414 lectionibusque
1510 2362 1670 2402 rudior
1701 2363 1775 2402 ille

142 2434 341 2485 populus
362 2446 456 2474 non
477 2435 776 2475 mediocriter
803 2434 1085 2484 delectatur,
1118 2433 1163 2473 id
1186 2433 1309 2485 quod
1336 2433 1555 2484 frequens
1588 2433 1767 2482 concio,

143 2516 263 2556 quae
285 2505 393 2545 illuc
423 2507 664 2555 convenit,
695 2506 917 2546 declarat.
942 2505 1038 2546 Nec
1070 2505 1271 2545 desitum
1303 2510 1372 2544 est
1401 2505 1447 2544 in
1478 2503 1650 2544 Sancto
1672 2503 1770 2544 Phi-

141 2575 266 2627 lippo
289 2576 450 2616 diebus
477 2576 723 2616 dominicis
751 2577 946 2617 verbum
973 2576 1061 2616 Dei
1092 2575 1371 2627 praedicari.
1397 2574 1577 2614 Horum
1607 2586 1656 2614 se
1682 2574 1773 2614 fru-

142 2651 301 2686 ctuum
322 2647 547 2697 suavitaS,
572 2659 679 2687 cum
700 2659 758 2687 ex
779 2647 851 2687 his
869 2647 1067 2699 oppidis,
1088 2653 1186 2686 turn
1203 2658 1262 2685 ex
1278 2645 1469 2685 civitate
1487 2646 1591 2693 hac,
1616 2645 1772 2685 vicina

140 2717 188 2756 in
208 2717 311 2757 loca
329 2717 523 2757 diffudit.
543 2717 951 2758 Thauronimitani
969 2718 1198 2768 siquidem
1216 2728 1341 2756 nunc
1359 2715 1620 2766 Collegium
1636 2716 1772 2767 hujus

139 2786 386 2828 Societatis
406 2794 644 2839 expetunt,
669 2794 713 2828 et
734 2788 916 2829 incolae
938 2788 1110 2840 oppidi,
1134 2787 1258 2838 quod
1278 2786 1430 2827 Sauca
1454 2787 1639 2837 dicitur,
1660 2788 1769 2827 alte-

142 2869 260 2897 rum.
289 2857 499 2898 Catanae
526 2870 710 2910 quoque
737 2871 845 2910 spes
872 2864 941 2899 est
968 2858 1191 2907 futurum,
1221 2857 1359 2909 idque
1390 2857 1591 2897 fortasse
1619 2858 1767 2898 brevi.

142 2927 395 2968 Abbatiam
416 2929 540 2969 enim
560 2930 824 2980 quamdam,
848 2941 968 2981 quae
989 2929 1046 2968 ab
1063 2929 1142 2969 illa
1157 2929 1271 2968 urbe
1291 2940 1385 2968 non
1402 2929 1540 2979 longe
1557 2929 1703 2980 abest,
1723 2930 1770 2968 in

140 2999 399 3039 subsidium
428 3000 583 3051 hujus,
613 3001 702 3040 hoc
737 3007 806 3040 est
840 2999 1171 3050 Messanensis,
1203 2998 1402 3049 Collegii
1432 3006 1475 3040 et
1512 3000 1648 3049 illius,
1681 3001 1770 3040 hoc
