<?xml version="1.0" encoding="UTF-8"?>
<!DOCTYPE html PUBLIC "-//W3C//DTD XHTML 1.0 Transitional//EN"
    "http://www.w3.org/TR/xhtml1/DTD/xhtml1-transitional.dtd">
<html xmlns="http://www.w3.org/1999/xhtml" xml:lang="en" lang="en">
 <head>
  <title>
</title>
<meta http-equiv="Content-Type" content="text/html;charset=utf-8" />
  <meta name='ocr-system' content='tesseract 3.04.00' />
  <meta name='ocr-capabilities' content='ocr_page ocr_carea ocr_par ocr_line ocrx_word'/>
</head>
<body>
  <div class='ocr_page' id='page_1' title='image "./litteraequadrime1402lain_0660.png"; bbox 0 0 2168 3437; ppageno 0'>
   <div class='ocr_carea' id='block_1_1' title="bbox 382 218 1507 259">
    <p class='ocr_par' dir='ltr' id='par_1_1' title="bbox 382 218 1507 259">
     <span class='ocr_line' id='line_1_1' title="bbox 382 218 1507 259; baseline -0.007 0"><span class='ocrx_word' id='word_1_1' title='bbox 382 223 452 259; x_wconf 53' lang='lat'>05&amp;</span> <span class='ocrx_word' id='word_1_2' title='bbox 892 218 1120 254; x_wconf 72' lang='lat' dir='ltr'>LITTERAE</span> <span class='ocrx_word' id='word_1_3' title='bbox 1147 225 1507 259; x_wconf 80' lang='lat' dir='ltr'>QUADRIMESTRES</span> 
     </span>
    </p>
   </div>
   <div class='ocr_carea' id='block_1_2' title="bbox 380 313 2027 3073">
    <p class='ocr_par' dir='ltr' id='par_1_2' title="bbox 380 313 2027 3073">
     <span class='ocr_line' id='line_1_2' title="bbox 383 313 2018 368; baseline -0.002 -10"><span class='ocrx_word' id='word_1_4' title='bbox 383 318 584 368; x_wconf 77' lang='lat' dir='ltr'>occasio,</span> <span class='ocrx_word' id='word_1_5' title='bbox 615 316 843 367; x_wconf 77' lang='lat' dir='ltr'>siquidem</span> <span class='ocrx_word' id='word_1_6' title='bbox 877 314 1083 355; x_wconf 85' lang='lat' dir='ltr'>vicinam</span> <span class='ocrx_word' id='word_1_7' title='bbox 1115 313 1253 354; x_wconf 81' lang='lat' dir='ltr'>valde</span> <span class='ocrx_word' id='word_1_8' title='bbox 1289 313 1522 353; x_wconf 87' lang='lat' dir='ltr'>Castellae</span> <span class='ocrx_word' id='word_1_9' title='bbox 1557 313 1801 364; x_wconf 81' lang='lat' dir='ltr'><strong>regionem</strong></span> <span class='ocrx_word' id='word_1_10' title='bbox 1834 313 2018 363; x_wconf 87' lang='lat' dir='ltr'>habent,</span> 
     </span>
     <span class='ocr_line' id='line_1_3' title="bbox 383 384 2022 439; baseline -0.004 -10"><span class='ocrx_word' id='word_1_11' title='bbox 383 388 659 439; x_wconf 81' lang='lat' dir='ltr'>corporibus</span> <span class='ocrx_word' id='word_1_12' title='bbox 689 386 922 437; x_wconf 87' lang='lat' dir='ltr'>refugium</span> <span class='ocrx_word' id='word_1_13' title='bbox 952 392 996 426; x_wconf 89' lang='lat' dir='ltr'>et</span> <span class='ocrx_word' id='word_1_14' title='bbox 1022 385 1186 425; x_wconf 88' lang='lat' dir='ltr'>salutis</span> <span class='ocrx_word' id='word_1_15' title='bbox 1204 384 1480 434; x_wconf 90' lang='lat' dir='ltr'>remedium,</span> <span class='ocrx_word' id='word_1_16' title='bbox 1507 396 1646 436; x_wconf 90' lang='lat' dir='ltr'>quam</span> <span class='ocrx_word' id='word_1_17' title='bbox 1667 389 1776 424; x_wconf 89' lang='lat' dir='ltr'>tunc</span> <span class='ocrx_word' id='word_1_18' title='bbox 1799 385 2022 436; x_wconf 87' lang='lat' dir='ltr'>temporis</span> 
     </span>
     <span class='ocr_line' id='line_1_4' title="bbox 382 455 2021 510; baseline -0.003 -11"><span class='ocrx_word' id='word_1_19' title='bbox 382 461 532 499; x_wconf 91' lang='lat' dir='ltr'>solum</span> <span class='ocrx_word' id='word_1_20' title='bbox 554 464 804 510; x_wconf 86' lang='lat' dir='ltr'>quaerunt,</span> <span class='ocrx_word' id='word_1_21' title='bbox 828 463 892 507; x_wconf 91' lang='lat' dir='ltr'>et,</span> <span class='ocrx_word' id='word_1_22' title='bbox 917 468 972 496; x_wconf 90' lang='lat' dir='ltr'>ea</span> <span class='ocrx_word' id='word_1_23' title='bbox 992 468 1086 496; x_wconf 90' lang='lat' dir='ltr'>una</span> <span class='ocrx_word' id='word_1_24' title='bbox 1107 455 1334 506; x_wconf 76' lang='lat' dir='ltr'>contenti,</span> <span class='ocrx_word' id='word_1_25' title='bbox 1359 456 1476 495; x_wconf 88' lang='lat' dir='ltr'>aiae.</span> <span class='ocrx_word' id='word_1_26' title='bbox 1502 456 1700 495; x_wconf 90' lang='lat' dir='ltr'>salutem</span> <span class='ocrx_word' id='word_1_27' title='bbox 1721 467 1914 506; x_wconf 85' lang='lat' dir='ltr'>prorsus</span> <span class='ocrx_word' id='word_1_28' title='bbox 1945 467 2021 495; x_wconf 89' lang='lat' dir='ltr'>ne—</span> 
     </span>
     <span class='ocr_line' id='line_1_5' title="bbox 382 525 2018 582; baseline -0.003 -12"><span class='ocrx_word' id='word_1_29' title='bbox 382 530 579 582; x_wconf 86' lang='lat' dir='ltr'>gligunt.</span> <span class='ocrx_word' id='word_1_30' title='bbox 604 528 739 569; x_wconf 89' lang='lat' dir='ltr'>Nunc</span> <span class='ocrx_word' id='word_1_31' title='bbox 761 527 1089 579; x_wconf 84' lang='lat' dir='ltr'>(omnipotenti</span> <span class='ocrx_word' id='word_1_32' title='bbox 1110 526 1212 566; x_wconf 91' lang='lat' dir='ltr'>Deo</span> <span class='ocrx_word' id='word_1_33' title='bbox 1233 526 1407 577; x_wconf 88' lang='lat' dir='ltr'>gloria)</span> <span class='ocrx_word' id='word_1_34' title='bbox 1437 526 1587 566; x_wconf 90' lang='lat' dir='ltr'>omnis</span> <span class='ocrx_word' id='word_1_35' title='bbox 1620 537 1694 566; x_wconf 91' lang='lat' dir='ltr'>res</span> <span class='ocrx_word' id='word_1_36' title='bbox 1725 532 1794 565; x_wconf 89' lang='lat' dir='ltr'>est</span> <span class='ocrx_word' id='word_1_37' title='bbox 1824 525 1872 565; x_wconf 89' lang='lat' dir='ltr'>in</span> <span class='ocrx_word' id='word_1_38' title='bbox 1902 531 2018 575; x_wconf 80' lang='lat' dir='ltr'>tuto;</span> 
     </span>
     <span class='ocr_line' id='line_1_6' title="bbox 382 597 2022 651; baseline -0.003 -10"><span class='ocrx_word' id='word_1_39' title='bbox 382 613 476 641; x_wconf 92' lang='lat' dir='ltr'>non</span> <span class='ocrx_word' id='word_1_40' title='bbox 502 608 571 641; x_wconf 90' lang='lat' dir='ltr'>est</span> <span class='ocrx_word' id='word_1_41' title='bbox 597 599 722 640; x_wconf 89' lang='lat' dir='ltr'>aliud</span> <span class='ocrx_word' id='word_1_42' title='bbox 749 610 890 651; x_wconf 91' lang='lat' dir='ltr'>quam</span> <span class='ocrx_word' id='word_1_43' title='bbox 910 598 1000 638; x_wconf 91' lang='lat' dir='ltr'>Dei</span> <span class='ocrx_word' id='word_1_44' title='bbox 1020 609 1176 648; x_wconf 86' lang='lat' dir='ltr'>amor,</span> <span class='ocrx_word' id='word_1_45' title='bbox 1200 597 1463 649; x_wconf 87' lang='lat' dir='ltr'>proposita,</span> <span class='ocrx_word' id='word_1_46' title='bbox 1495 597 1836 648; x_wconf 86' lang='lat' dir='ltr'>desyderiaque</span> <span class='ocrx_word' id='word_1_47' title='bbox 1857 603 2022 636; x_wconf 88' lang='lat' dir='ltr'>sancta</span> 
     </span>
     <span class='ocr_line' id='line_1_7' title="bbox 382 666 2020 718; baseline -0.004 -6"><span class='ocrx_word' id='word_1_48' title='bbox 382 678 591 712; x_wconf 80' lang='lat' dir='ltr'>veterem</span> <span class='ocrx_word' id='word_1_49' title='bbox 625 670 861 711; x_wconf 91' lang='lat' dir='ltr'>hominem</span> <span class='ocrx_word' id='word_1_50' title='bbox 895 669 1096 709; x_wconf 83' lang='lat' dir='ltr'>exuendi</span> <span class='ocrx_word' id='word_1_51' title='bbox 1131 674 1175 708; x_wconf 91' lang='lat' dir='ltr'>et</span> <span class='ocrx_word' id='word_1_52' title='bbox 1209 679 1386 708; x_wconf 88' lang='lat' dir='ltr'>novum</span> <span class='ocrx_word' id='word_1_53' title='bbox 1417 667 1576 707; x_wconf 83' lang='lat' dir='ltr'>divina</span> <span class='ocrx_word' id='word_1_54' title='bbox 1606 667 1760 718; x_wconf 88' lang='lat' dir='ltr'>gratia</span> <span class='ocrx_word' id='word_1_55' title='bbox 1784 666 2020 707; x_wconf 87' lang='lat' dir='ltr'>induendi.</span> 
     </span>
     <span class='ocr_line' id='line_1_8' title="bbox 382 738 2023 792; baseline -0.004 -9"><span class='ocrx_word' id='word_1_56' title='bbox 382 743 458 783; x_wconf 87' lang='lat' dir='ltr'>Pr.</span> <span class='ocrx_word' id='word_1_57' title='bbox 489 742 547 783; x_wconf 91' lang='lat' dir='ltr'>ad</span> <span class='ocrx_word' id='word_1_58' title='bbox 573 743 697 782; x_wconf 89' lang='lat' dir='ltr'>hunc</span> <span class='ocrx_word' id='word_1_59' title='bbox 724 753 872 792; x_wconf 88' lang='lat' dir='ltr'>usque</span> <span class='ocrx_word' id='word_1_60' title='bbox 901 740 1024 780; x_wconf 91' lang='lat' dir='ltr'>diem</span> <span class='ocrx_word' id='word_1_61' title='bbox 1051 739 1295 780; x_wconf 79' lang='lat' dir='ltr'>dominicis</span> <span class='ocrx_word' id='word_1_62' title='bbox 1325 750 1380 779; x_wconf 90' lang='lat' dir='ltr'>ac</span> <span class='ocrx_word' id='word_1_63' title='bbox 1406 738 1538 778; x_wconf 84' lang='lat' dir='ltr'>festis</span> <span class='ocrx_word' id='word_1_64' title='bbox 1571 738 1733 778; x_wconf 89' lang='lat' dir='ltr'>diebus</span> <span class='ocrx_word' id='word_1_65' title='bbox 1771 738 1818 777; x_wconf 91' lang='lat' dir='ltr'>in</span> <span class='ocrx_word' id='word_1_66' title='bbox 1852 739 2023 789; x_wconf 89' lang='lat' dir='ltr'>templo</span> 
     </span>
     <span class='ocr_line' id='line_1_9' title="bbox 382 809 2023 861; baseline -0.004 -6"><span class='ocrx_word' id='word_1_67' title='bbox 382 826 564 855; x_wconf 90' lang='lat' dir='ltr'>summo</span> <span class='ocrx_word' id='word_1_68' title='bbox 587 810 893 853; x_wconf 77' lang='lat' dir='ltr'>concionatus</span> <span class='ocrx_word' id='word_1_69' title='bbox 914 818 983 851; x_wconf 91' lang='lat' dir='ltr'>est</span> <span class='ocrx_word' id='word_1_70' title='bbox 1006 823 1111 851; x_wconf 92' lang='lat' dir='ltr'>cum</span> <span class='ocrx_word' id='word_1_71' title='bbox 1137 821 1310 861; x_wconf 89' lang='lat' dir='ltr'>magno</span> <span class='ocrx_word' id='word_1_72' title='bbox 1334 810 1601 850; x_wconf 88' lang='lat' dir='ltr'>auditorum</span> <span class='ocrx_word' id='word_1_73' title='bbox 1626 820 1822 849; x_wconf 91' lang='lat' dir='ltr'>numero</span> <span class='ocrx_word' id='word_1_74' title='bbox 1855 815 1899 848; x_wconf 88' lang='lat' dir='ltr'>et</span> <span class='ocrx_word' id='word_1_75' title='bbox 1928 809 2023 848; x_wconf 89' lang='lat' dir='ltr'>avi—</span> 
     </span>
     <span class='ocr_line' id='line_1_10' title="bbox 382 879 2023 933; baseline -0.004 -8"><span class='ocrx_word' id='word_1_76' title='bbox 382 886 525 926; x_wconf 78' lang='lat' dir='ltr'>ditate</span> <span class='ocrx_word' id='word_1_77' title='bbox 561 884 619 924; x_wconf 90' lang='lat' dir='ltr'>ad</span> <span class='ocrx_word' id='word_1_78' title='bbox 654 885 775 924; x_wconf 90' lang='lat' dir='ltr'>illius</span> <span class='ocrx_word' id='word_1_79' title='bbox 809 883 1073 923; x_wconf 74' lang='lat' dir='ltr'>doctrinam</span> <span class='ocrx_word' id='word_1_80' title='bbox 1108 881 1466 933; x_wconf 76' lang='lat' dir='ltr'>capessendam,</span> <span class='ocrx_word' id='word_1_81' title='bbox 1502 892 1786 932; x_wconf 91' lang='lat' dir='ltr'>quamquam</span> <span class='ocrx_word' id='word_1_82' title='bbox 1823 892 1917 920; x_wconf 92' lang='lat' dir='ltr'>non</span> <span class='ocrx_word' id='word_1_83' title='bbox 1950 879 2023 919; x_wconf 90' lang='lat' dir='ltr'>de-</span> 
     </span>
     <span class='ocr_line' id='line_1_11' title="bbox 382 951 2024 1007; baseline -0.004 -11"><span class='ocrx_word' id='word_1_84' title='bbox 382 962 529 1006; x_wconf 87' lang='lat' dir='ltr'>erant,</span> <span class='ocrx_word' id='word_1_85' title='bbox 554 956 632 1007; x_wconf 88' lang='lat' dir='ltr'>qui</span> <span class='ocrx_word' id='word_1_86' title='bbox 654 955 960 1006; x_wconf 82' lang='lat' dir='ltr'>opinarentur</span> <span class='ocrx_word' id='word_1_87' title='bbox 981 954 1131 1005; x_wconf 87' lang='lat' dir='ltr'>ipsum</span> <span class='ocrx_word' id='word_1_88' title='bbox 1154 964 1244 992; x_wconf 91' lang='lat' dir='ltr'>non</span> <span class='ocrx_word' id='word_1_89' title='bbox 1260 952 1325 992; x_wconf 90' lang='lat' dir='ltr'>ita</span> <span class='ocrx_word' id='word_1_90' title='bbox 1345 952 1462 992; x_wconf 92' lang='lat' dir='ltr'>bene</span> <span class='ocrx_word' id='word_1_91' title='bbox 1483 957 1589 1003; x_wconf 93' lang='lat' dir='ltr'>post</span> <span class='ocrx_word' id='word_1_92' title='bbox 1611 951 2024 1003; x_wconf 82' lang='lat' dir='ltr'>quadragesimam</span> 
     </span>
     <span class='ocr_line' id='line_1_12' title="bbox 381 1021 2021 1078; baseline -0.005 -10"><span class='ocrx_word' id='word_1_93' title='bbox 381 1040 430 1068; x_wconf 92' lang='lat' dir='ltr'>se</span> <span class='ocrx_word' id='word_1_94' title='bbox 465 1027 754 1074; x_wconf 88' lang='lat' dir='ltr'>habiturum,</span> <span class='ocrx_word' id='word_1_95' title='bbox 793 1025 1014 1078; x_wconf 90' lang='lat' dir='ltr'>quoniam</span> <span class='ocrx_word' id='word_1_96' title='bbox 1045 1024 1174 1064; x_wconf 87' lang='lat' dir='ltr'>illum</span> <span class='ocrx_word' id='word_1_97' title='bbox 1209 1023 1396 1063; x_wconf 83' lang='lat' dir='ltr'>aiebant</span> <span class='ocrx_word' id='word_1_98' title='bbox 1430 1022 1682 1062; x_wconf 89' lang='lat' dir='ltr'>conciones</span> <span class='ocrx_word' id='word_1_99' title='bbox 1719 1021 2021 1073; x_wconf 80' lang='lat' dir='ltr'>quadragesi-</span> 
     </span>
     <span class='ocr_line' id='line_1_13' title="bbox 381 1093 2021 1150; baseline -0.005 -10"><span class='ocrx_word' id='word_1_100' title='bbox 381 1111 485 1139; x_wconf 89' lang='lat' dir='ltr'>mae</span> <span class='ocrx_word' id='word_1_101' title='bbox 519 1098 798 1150; x_wconf 91' lang='lat' dir='ltr'>iampridem</span> <span class='ocrx_word' id='word_1_102' title='bbox 828 1096 1069 1137; x_wconf 82' lang='lat' dir='ltr'>confectas</span> <span class='ocrx_word' id='word_1_103' title='bbox 1100 1096 1146 1135; x_wconf 90' lang='lat' dir='ltr'>in</span> <span class='ocrx_word' id='word_1_104' title='bbox 1180 1094 1447 1134; x_wconf 88' lang='lat' dir='ltr'>chartaceis</span> <span class='ocrx_word' id='word_1_105' title='bbox 1479 1093 1758 1144; x_wconf 78' lang='lat' dir='ltr'>observare3</span> <span class='ocrx_word' id='word_1_106' title='bbox 1791 1098 2021 1133; x_wconf 82' lang='lat' dir='ltr'>verumta-</span> 
     </span>
     <span class='ocr_line' id='line_1_14' title="bbox 382 1165 2025 1219; baseline -0.005 -8"><span class='ocrx_word' id='word_1_107' title='bbox 382 1183 489 1211; x_wconf 89' lang='lat' dir='ltr'>men</span> <span class='ocrx_word' id='word_1_108' title='bbox 521 1171 596 1210; x_wconf 89' lang='lat' dir='ltr'>ille</span> <span class='ocrx_word' id='word_1_109' title='bbox 632 1181 717 1209; x_wconf 84' lang='lat' dir='ltr'>sua</span> <span class='ocrx_word' id='word_1_110' title='bbox 752 1168 993 1219; x_wconf 81' lang='lat' dir='ltr'>diligentia</span> <span class='ocrx_word' id='word_1_111' title='bbox 1028 1175 1072 1207; x_wconf 93' lang='lat' dir='ltr'>et</span> <span class='ocrx_word' id='word_1_112' title='bbox 1105 1166 1265 1206; x_wconf 85' lang='lat' dir='ltr'>divino</span> <span class='ocrx_word' id='word_1_113' title='bbox 1302 1166 1477 1205; x_wconf 81' lang='lat' dir='ltr'>auxilio</span> <span class='ocrx_word' id='word_1_114' title='bbox 1504 1165 1656 1205; x_wconf 85' lang='lat' dir='ltr'>effecit</span> <span class='ocrx_word' id='word_1_115' title='bbox 1691 1170 1740 1204; x_wconf 88' lang='lat' dir='ltr'>ut</span> <span class='ocrx_word' id='word_1_116' title='bbox 1776 1170 2025 1216; x_wconf 87' lang='lat' dir='ltr'>sequentes</span> 
     </span>
     <span class='ocr_line' id='line_1_15' title="bbox 384 1235 2026 1291; baseline -0.004 -9"><span class='ocrx_word' id='word_1_117' title='bbox 384 1242 638 1282; x_wconf 87' lang='lat' dir='ltr'>conciones</span> <span class='ocrx_word' id='word_1_118' title='bbox 658 1242 800 1291; x_wconf 86' lang='lat' dir='ltr'>longo</span> <span class='ocrx_word' id='word_1_119' title='bbox 823 1240 1071 1280; x_wconf 86' lang='lat' dir='ltr'>intervallo</span> <span class='ocrx_word' id='word_1_120' title='bbox 1094 1238 1362 1290; x_wconf 89' lang='lat' dir='ltr'>superiores</span> <span class='ocrx_word' id='word_1_121' title='bbox 1384 1237 1681 1286; x_wconf 82' lang='lat' dir='ltr'>excellerent,</span> <span class='ocrx_word' id='word_1_122' title='bbox 1707 1236 1767 1276; x_wconf 93' lang='lat' dir='ltr'>ad</span> <span class='ocrx_word' id='word_1_123' title='bbox 1787 1235 1911 1287; x_wconf 90' lang='lat' dir='ltr'>quod</span> <span class='ocrx_word' id='word_1_124' title='bbox 1932 1247 2026 1275; x_wconf 91' lang='lat' dir='ltr'>non</span> 
     </span>
     <span class='ocr_line' id='line_1_16' title="bbox 383 1307 2027 1365; baseline -0.005 -12"><span class='ocrx_word' id='word_1_125' title='bbox 383 1325 550 1365; x_wconf 90' lang='lat' dir='ltr'>parum</span> <span class='ocrx_word' id='word_1_126' title='bbox 573 1313 767 1353; x_wconf 87' lang='lat' dir='ltr'>contulit</span> <span class='ocrx_word' id='word_1_127' title='bbox 788 1312 939 1351; x_wconf 88' lang='lat' dir='ltr'>maior</span> <span class='ocrx_word' id='word_1_128' title='bbox 967 1310 1055 1359; x_wconf 84' lang='lat' dir='ltr'>rei,</span> <span class='ocrx_word' id='word_1_129' title='bbox 1086 1310 1142 1350; x_wconf 92' lang='lat' dir='ltr'>de</span> <span class='ocrx_word' id='word_1_130' title='bbox 1170 1321 1260 1360; x_wconf 90' lang='lat' dir='ltr'>qua</span> <span class='ocrx_word' id='word_1_131' title='bbox 1287 1309 1334 1348; x_wconf 91' lang='lat' dir='ltr'>in</span> <span class='ocrx_word' id='word_1_132' title='bbox 1361 1308 1433 1348; x_wconf 87' lang='lat' dir='ltr'>his</span> <span class='ocrx_word' id='word_1_133' title='bbox 1465 1308 1709 1358; x_wconf 79' lang='lat' dir='ltr'>agebatur,</span> <span class='ocrx_word' id='word_1_134' title='bbox 1742 1307 1951 1347; x_wconf 81' lang='lat' dir='ltr'>suavitas</span> <span class='ocrx_word' id='word_1_135' title='bbox 1982 1312 2027 1346; x_wconf 91' lang='lat' dir='ltr'>et</span> 
     </span>
     <span class='ocr_line' id='line_1_17' title="bbox 384 1377 2025 1430; baseline -0.005 -5"><span class='ocrx_word' id='word_1_136' title='bbox 384 1384 566 1425; x_wconf 90' lang='lat' dir='ltr'>ardoris</span> <span class='ocrx_word' id='word_1_137' title='bbox 588 1383 734 1424; x_wconf 81' lang='lat' dir='ltr'>divini</span> <span class='ocrx_word' id='word_1_138' title='bbox 754 1383 801 1423; x_wconf 90' lang='lat' dir='ltr'>in</span> <span class='ocrx_word' id='word_1_139' title='bbox 823 1382 1132 1422; x_wconf 86' lang='lat' dir='ltr'>concionante</span> <span class='ocrx_word' id='word_1_140' title='bbox 1153 1381 1508 1430; x_wconf 85' lang='lat' dir='ltr'>incrementum,</span> <span class='ocrx_word' id='word_1_141' title='bbox 1532 1378 1810 1430; x_wconf 87' lang='lat' dir='ltr'>praesertim</span> <span class='ocrx_word' id='word_1_142' title='bbox 1832 1378 1879 1417; x_wconf 91' lang='lat' dir='ltr'>in</span> <span class='ocrx_word' id='word_1_143' title='bbox 1906 1377 2025 1418; x_wconf 84' lang='lat' dir='ltr'>festo</span> 
     </span>
     <span class='ocr_line' id='line_1_18' title="bbox 383 1448 2027 1502; baseline -0.005 -6"><span class='ocrx_word' id='word_1_144' title='bbox 383 1455 672 1496; x_wconf 89' lang='lat' dir='ltr'>admirabilis</span> <span class='ocrx_word' id='word_1_145' title='bbox 706 1453 1035 1502; x_wconf 57' lang='lat' dir='ltr'>Ascensionis‚</span> <span class='ocrx_word' id='word_1_146' title='bbox 1074 1452 1150 1492; x_wconf 92' lang='lat' dir='ltr'>ubi</span> <span class='ocrx_word' id='word_1_147' title='bbox 1185 1451 1398 1491; x_wconf 90' lang='lat' dir='ltr'>omnibus</span> <span class='ocrx_word' id='word_1_148' title='bbox 1435 1456 1503 1490; x_wconf 89' lang='lat' dir='ltr'>est</span> <span class='ocrx_word' id='word_1_149' title='bbox 1541 1449 1810 1501; x_wconf 88' lang='lat' dir='ltr'>plenissime</span> <span class='ocrx_word' id='word_1_150' title='bbox 1847 1448 2027 1488; x_wconf 87' lang='lat' dir='ltr'>satisfa-</span> 
     </span>
     <span class='ocr_line' id='line_1_19' title="bbox 383 1522 2027 1579; baseline -0.006 -11"><span class='ocrx_word' id='word_1_151' title='bbox 383 1535 531 1578; x_wconf 89' lang='lat' dir='ltr'>ctum;</span> <span class='ocrx_word' id='word_1_152' title='bbox 571 1526 799 1579; x_wconf 87' lang='lat' dir='ltr'>siquidem</span> <span class='ocrx_word' id='word_1_153' title='bbox 825 1537 919 1565; x_wconf 90' lang='lat' dir='ltr'>non</span> <span class='ocrx_word' id='word_1_154' title='bbox 946 1524 1002 1564; x_wconf 89' lang='lat' dir='ltr'>de</span> <span class='ocrx_word' id='word_1_155' title='bbox 1029 1524 1120 1563; x_wconf 88' lang='lat' dir='ltr'>alio</span> <span class='ocrx_word' id='word_1_156' title='bbox 1150 1535 1232 1574; x_wconf 86' lang='lat' dir='ltr'>per</span> <span class='ocrx_word' id='word_1_157' title='bbox 1259 1528 1407 1563; x_wconf 89' lang='lat' dir='ltr'>totam</span> <span class='ocrx_word' id='word_1_158' title='bbox 1434 1522 1598 1562; x_wconf 87' lang='lat' dir='ltr'>urbem</span> <span class='ocrx_word' id='word_1_159' title='bbox 1631 1532 1785 1560; x_wconf 93' lang='lat' dir='ltr'>sermo</span> <span class='ocrx_word' id='word_1_160' title='bbox 1821 1525 1943 1568; x_wconf 83' lang='lat' dir='ltr'>erat,</span> <span class='ocrx_word' id='word_1_161' title='bbox 1982 1525 2027 1559; x_wconf 89' lang='lat' dir='ltr'>et</span> 
     </span>
     <span class='ocr_line' id='line_1_20' title="bbox 382 1590 2024 1651; baseline -0.006 -11"><span class='ocrx_word' id='word_1_162' title='bbox 382 1600 571 1651; x_wconf 89' lang='lat' dir='ltr'>quidam</span> <span class='ocrx_word' id='word_1_163' title='bbox 605 1599 670 1638; x_wconf 87' lang='lat' dir='ltr'>ita</span> <span class='ocrx_word' id='word_1_164' title='bbox 705 1597 948 1637; x_wconf 87' lang='lat' dir='ltr'>dicebant:</span> <span class='ocrx_word' id='word_1_165' title='bbox 985 1606 1227 1646; x_wconf 73' lang='lat' dir='ltr'>uunquam</span> <span class='ocrx_word' id='word_1_166' title='bbox 1262 1594 1331 1633; x_wconf 74' lang='lat' dir='ltr'>sic</span> <span class='ocrx_word' id='word_1_167' title='bbox 1364 1593 1593 1644; x_wconf 73' lang='lat' dir='ltr'>loquutus</span> <span class='ocrx_word' id='word_1_168' title='bbox 1628 1595 1699 1631; x_wconf 74' lang='lat' dir='ltr'>est</span> <span class='ocrx_word' id='word_1_169' title='bbox 1733 1591 1886 1631; x_wconf 73' lang='lat' dir='ltr'>homo.</span> <span class='ocrx_word' id='word_1_170' title='bbox 1928 1590 2024 1630; x_wconf 89' lang='lat' dir='ltr'>Nec</span> 
     </span>
     <span class='ocr_line' id='line_1_21' title="bbox 380 1664 2024 1719; baseline -0.006 -9"><span class='ocrx_word' id='word_1_171' title='bbox 380 1670 548 1710; x_wconf 90' lang='lat' dir='ltr'>iniuria</span> <span class='ocrx_word' id='word_1_172' title='bbox 572 1669 641 1719; x_wconf 89' lang='lat' dir='ltr'>(ut</span> <span class='ocrx_word' id='word_1_173' title='bbox 663 1667 888 1717; x_wconf 83' lang='lat' dir='ltr'>arbitror)</span> <span class='ocrx_word' id='word_1_174' title='bbox 912 1678 1006 1707; x_wconf 92' lang='lat' dir='ltr'>oes.</span> <span class='ocrx_word' id='word_1_175' title='bbox 1036 1666 1099 1706; x_wconf 86' lang='lat' dir='ltr'>ita</span> <span class='ocrx_word' id='word_1_176' title='bbox 1123 1665 1438 1715; x_wconf 86' lang='lat' dir='ltr'>mirabantur;</span> <span class='ocrx_word' id='word_1_177' title='bbox 1472 1664 1697 1714; x_wconf 90' lang='lat' dir='ltr'>quoniam</span> <span class='ocrx_word' id='word_1_178' title='bbox 1725 1673 1927 1713; x_wconf 86' lang='lat' dir='ltr'>magnus</span> <span class='ocrx_word' id='word_1_179' title='bbox 1957 1673 2024 1701; x_wconf 83' lang='lat' dir='ltr'>re-</span> 
     </span>
     <span class='ocr_line' id='line_1_22' title="bbox 382 1733 2025 1786; baseline -0.005 -5"><span class='ocrx_word' id='word_1_180' title='bbox 382 1753 497 1781; x_wconf 84' lang='lat' dir='ltr'>vera</span> <span class='ocrx_word' id='word_1_181' title='bbox 531 1741 618 1781; x_wconf 90' lang='lat' dir='ltr'>sibi</span> <span class='ocrx_word' id='word_1_182' title='bbox 650 1752 676 1780; x_wconf 88' lang='lat' dir='ltr'>a</span> <span class='ocrx_word' id='word_1_183' title='bbox 706 1739 807 1779; x_wconf 91' lang='lat' dir='ltr'>Deo</span> <span class='ocrx_word' id='word_1_184' title='bbox 837 1744 947 1778; x_wconf 90' lang='lat' dir='ltr'>tunc</span> <span class='ocrx_word' id='word_1_185' title='bbox 983 1738 1124 1777; x_wconf 90' lang='lat' dir='ltr'>ardor</span> <span class='ocrx_word' id='word_1_186' title='bbox 1160 1736 1334 1776; x_wconf 84' lang='lat' dir='ltr'>amoris</span> <span class='ocrx_word' id='word_1_187' title='bbox 1364 1741 1407 1775; x_wconf 89' lang='lat' dir='ltr'>et</span> <span class='ocrx_word' id='word_1_188' title='bbox 1435 1735 1628 1786; x_wconf 92' lang='lat' dir='ltr'>spualis.</span> <span class='ocrx_word' id='word_1_189' title='bbox 1665 1733 1917 1773; x_wconf 87' lang='lat' dir='ltr'>commotio</span> <span class='ocrx_word' id='word_1_190' title='bbox 1957 1739 2025 1772; x_wconf 90' lang='lat' dir='ltr'>est</span> 
     </span>
     <span class='ocr_line' id='line_1_23' title="bbox 382 1803 2024 1862; baseline -0.006 -9"><span class='ocrx_word' id='word_1_191' title='bbox 382 1824 630 1862; x_wconf 88' lang='lat' dir='ltr'>concessa,</span> <span class='ocrx_word' id='word_1_192' title='bbox 663 1817 708 1851; x_wconf 89' lang='lat' dir='ltr'>et</span> <span class='ocrx_word' id='word_1_193' title='bbox 737 1810 871 1850; x_wconf 90' lang='lat' dir='ltr'>nobis</span> <span class='ocrx_word' id='word_1_194' title='bbox 897 1821 981 1861; x_wconf 89' lang='lat' dir='ltr'>per</span> <span class='ocrx_word' id='word_1_195' title='bbox 1009 1809 1176 1860; x_wconf 88' lang='lat' dir='ltr'>ipsum.</span> <span class='ocrx_word' id='word_1_196' title='bbox 1208 1806 1524 1848; x_wconf 88' lang='lat' dir='ltr'>Concionatur</span> <span class='ocrx_word' id='word_1_197' title='bbox 1553 1804 1806 1857; x_wconf 91' lang='lat' dir='ltr'>aliquando</span> <span class='ocrx_word' id='word_1_198' title='bbox 1835 1815 1917 1855; x_wconf 90' lang='lat' dir='ltr'>per</span> <span class='ocrx_word' id='word_1_199' title='bbox 1946 1803 2024 1843; x_wconf 91' lang='lat' dir='ltr'>ho-</span> 
     </span>
     <span class='ocr_line' id='line_1_24' title="bbox 381 1875 2026 1933; baseline -0.007 -9"><span class='ocrx_word' id='word_1_200' title='bbox 381 1895 460 1924; x_wconf 90' lang='lat' dir='ltr'>ras</span> <span class='ocrx_word' id='word_1_201' title='bbox 482 1884 620 1931; x_wconf 78' lang='lat' dir='ltr'>duas,</span> <span class='ocrx_word' id='word_1_202' title='bbox 645 1881 894 1933; x_wconf 88' lang='lat' dir='ltr'>aliquando</span> <span class='ocrx_word' id='word_1_203' title='bbox 916 1892 999 1932; x_wconf 90' lang='lat' dir='ltr'>per</span> <span class='ocrx_word' id='word_1_204' title='bbox 1020 1880 1182 1919; x_wconf 89' lang='lat' dir='ltr'>horam</span> <span class='ocrx_word' id='word_1_205' title='bbox 1207 1890 1312 1918; x_wconf 91' lang='lat' dir='ltr'>cum</span> <span class='ocrx_word' id='word_1_206' title='bbox 1335 1876 1541 1927; x_wconf 89' lang='lat' dir='ltr'>dimidio,</span> <span class='ocrx_word' id='word_1_207' title='bbox 1571 1875 1709 1927; x_wconf 88' lang='lat' dir='ltr'>idque</span> <span class='ocrx_word' id='word_1_208' title='bbox 1731 1886 1891 1924; x_wconf 88' lang='lat' dir='ltr'>mane;</span> <span class='ocrx_word' id='word_1_209' title='bbox 1917 1886 2026 1914; x_wconf 90' lang='lat' dir='ltr'>nam</span> 
     </span>
     <span class='ocr_line' id='line_1_25' title="bbox 382 1946 2027 2006; baseline -0.006 -11"><span class='ocrx_word' id='word_1_210' title='bbox 382 1967 579 2006; x_wconf 85' lang='lat' dir='ltr'>vespere</span> <span class='ocrx_word' id='word_1_211' title='bbox 609 1954 708 1994; x_wconf 87' lang='lat' dir='ltr'>fieri</span> <span class='ocrx_word' id='word_1_212' title='bbox 737 1965 831 1992; x_wconf 91' lang='lat' dir='ltr'>non</span> <span class='ocrx_word' id='word_1_213' title='bbox 861 1957 1046 2003; x_wconf 86' lang='lat' dir='ltr'>poterat</span> <span class='ocrx_word' id='word_1_214' title='bbox 1073 1956 1264 2002; x_wconf 86' lang='lat' dir='ltr'>propter</span> <span class='ocrx_word' id='word_1_215' title='bbox 1298 1949 1565 1989; x_wconf 90' lang='lat' dir='ltr'>auditorum</span> <span class='ocrx_word' id='word_1_216' title='bbox 1601 1946 1946 1987; x_wconf 87' lang='lat' dir='ltr'>multitudinem</span> <span class='ocrx_word' id='word_1_217' title='bbox 1983 1952 2027 1985; x_wconf 85' lang='lat' dir='ltr'>et</span> 
     </span>
     <span class='ocr_line' id='line_1_26' title="bbox 384 2018 2026 2075; baseline -0.007 -8"><span class='ocrx_word' id='word_1_218' title='bbox 384 2032 541 2066; x_wconf 89' lang='lat' dir='ltr'>aestus</span> <span class='ocrx_word' id='word_1_219' title='bbox 569 2025 806 2065; x_wconf 89' lang='lat' dir='ltr'>ardorem:</span> <span class='ocrx_word' id='word_1_220' title='bbox 845 2028 1131 2075; x_wconf 87' lang='lat' dir='ltr'>quapropter</span> <span class='ocrx_word' id='word_1_221' title='bbox 1160 2032 1297 2061; x_wconf 91' lang='lat' dir='ltr'>mane</span> <span class='ocrx_word' id='word_1_222' title='bbox 1319 2019 1655 2071; x_wconf 85' lang='lat' dir='ltr'>compensabat</span> <span class='ocrx_word' id='word_1_223' title='bbox 1683 2018 1807 2069; x_wconf 92' lang='lat' dir='ltr'>quod</span> <span class='ocrx_word' id='word_1_224' title='bbox 1828 2028 2026 2068; x_wconf 85' lang='lat' dir='ltr'>vespere</span> 
     </span>
     <span class='ocr_line' id='line_1_27' title="bbox 383 2089 2027 2146; baseline -0.006 -9"><span class='ocrx_word' id='word_1_225' title='bbox 383 2097 661 2137; x_wconf 87' lang='lat' dir='ltr'>diminutum</span> <span class='ocrx_word' id='word_1_226' title='bbox 700 2101 824 2146; x_wconf 78' lang='lat' dir='ltr'>erat3</span> <span class='ocrx_word' id='word_1_227' title='bbox 866 2094 911 2135; x_wconf 92' lang='lat' dir='ltr'>id</span> <span class='ocrx_word' id='word_1_228' title='bbox 952 2093 1075 2145; x_wconf 92' lang='lat' dir='ltr'>quod</span> <span class='ocrx_word' id='word_1_229' title='bbox 1113 2103 1412 2143; x_wconf 89' lang='lat' dir='ltr'>nequaquam</span> <span class='ocrx_word' id='word_1_230' title='bbox 1451 2090 1742 2130; x_wconf 84' lang='lat' dir='ltr'>auditoribus</span> <span class='ocrx_word' id='word_1_231' title='bbox 1780 2089 2027 2128; x_wconf 90' lang='lat' dir='ltr'>molestum</span> 
     </span>
     <span class='ocr_line' id='line_1_28' title="bbox 382 2160 2026 2219; baseline -0.007 -10"><span class='ocrx_word' id='word_1_232' title='bbox 382 2177 506 2219; x_wconf 85' lang='lat' dir='ltr'>erat,</span> <span class='ocrx_word' id='word_1_233' title='bbox 544 2180 630 2208; x_wconf 94' lang='lat' dir='ltr'>nec</span> <span class='ocrx_word' id='word_1_234' title='bbox 665 2179 847 2207; x_wconf 90' lang='lat' dir='ltr'>moram</span> <span class='ocrx_word' id='word_1_235' title='bbox 874 2167 1065 2216; x_wconf 89' lang='lat' dir='ltr'>longam</span> <span class='ocrx_word' id='word_1_236' title='bbox 1098 2164 1190 2204; x_wconf 89' lang='lat' dir='ltr'>imo</span> <span class='ocrx_word' id='word_1_237' title='bbox 1225 2164 1417 2203; x_wconf 83' lang='lat' dir='ltr'>brevem</span> <span class='ocrx_word' id='word_1_238' title='bbox 1455 2173 1560 2201; x_wconf 86' lang='lat' dir='ltr'>eum</span> <span class='ocrx_word' id='word_1_239' title='bbox 1595 2161 1753 2200; x_wconf 85' lang='lat' dir='ltr'>facere</span> <span class='ocrx_word' id='word_1_240' title='bbox 1790 2160 2026 2200; x_wconf 81' lang='lat' dir='ltr'>existima-</span> 
     </span>
     <span class='ocr_line' id='line_1_29' title="bbox 382 2231 2026 2280; baseline -0.006 -1"><span class='ocrx_word' id='word_1_241' title='bbox 382 2241 507 2280; x_wconf 90' lang='lat' dir='ltr'>bant.</span> <span class='ocrx_word' id='word_1_242' title='bbox 551 2238 929 2280; x_wconf 87' lang='lat' dir='ltr'>Concionabatur</span> <span class='ocrx_word' id='word_1_243' title='bbox 969 2237 1110 2276; x_wconf 89' lang='lat' dir='ltr'>etiam</span> <span class='ocrx_word' id='word_1_244' title='bbox 1151 2235 1312 2274; x_wconf 89' lang='lat' dir='ltr'>diebus</span> <span class='ocrx_word' id='word_1_245' title='bbox 1352 2233 1540 2272; x_wconf 84' lang='lat' dir='ltr'>veneris</span> <span class='ocrx_word' id='word_1_246' title='bbox 1581 2232 1637 2272; x_wconf 92' lang='lat' dir='ltr'>de</span> <span class='ocrx_word' id='word_1_247' title='bbox 1678 2231 1939 2271; x_wconf 80' lang='lat' dir='ltr'>humilitate</span> <span class='ocrx_word' id='word_1_248' title='bbox 1980 2231 2026 2269; x_wconf 86' lang='lat' dir='ltr'>in</span> 
     </span>
     <span class='ocr_line' id='line_1_30' title="bbox 383 2302 2025 2362; baseline -0.007 -11"><span class='ocrx_word' id='word_1_249' title='bbox 383 2312 569 2362; x_wconf 88' lang='lat' dir='ltr'>templo,</span> <span class='ocrx_word' id='word_1_250' title='bbox 594 2310 672 2350; x_wconf 90' lang='lat' dir='ltr'>ubi</span> <span class='ocrx_word' id='word_1_251' title='bbox 693 2311 896 2349; x_wconf 83' lang='lat' dir='ltr'>solemus</span> <span class='ocrx_word' id='word_1_252' title='bbox 919 2307 1080 2348; x_wconf 85' lang='lat' dir='ltr'>audire</span> <span class='ocrx_word' id='word_1_253' title='bbox 1103 2305 1436 2354; x_wconf 84' lang='lat' dir='ltr'>confessiones,</span> <span class='ocrx_word' id='word_1_254' title='bbox 1462 2310 1568 2344; x_wconf 89' lang='lat' dir='ltr'>ante</span> <span class='ocrx_word' id='word_1_255' title='bbox 1591 2303 1765 2343; x_wconf 85' lang='lat' dir='ltr'>ostium</span> <span class='ocrx_word' id='word_1_256' title='bbox 1788 2302 1845 2341; x_wconf 94' lang='lat' dir='ltr'>ob</span> <span class='ocrx_word' id='word_1_257' title='bbox 1868 2302 2025 2352; x_wconf 85' lang='lat' dir='ltr'>ingen-</span> 
     </span>
     <span class='ocr_line' id='line_1_31' title="bbox 383 2372 2025 2428; baseline -0.007 -6"><span class='ocrx_word' id='word_1_258' title='bbox 383 2390 476 2422; x_wconf 87' lang='lat' dir='ltr'>tem</span> <span class='ocrx_word' id='word_1_259' title='bbox 497 2380 839 2422; x_wconf 86' lang='lat' dir='ltr'>multitudinem</span> <span class='ocrx_word' id='word_1_260' title='bbox 861 2379 1147 2427; x_wconf 84' lang='lat' dir='ltr'>auditorum,</span> <span class='ocrx_word' id='word_1_261' title='bbox 1172 2388 1370 2428; x_wconf 86' lang='lat' dir='ltr'>quorum</span> <span class='ocrx_word' id='word_1_262' title='bbox 1400 2375 1555 2426; x_wconf 89' lang='lat' dir='ltr'>plures</span> <span class='ocrx_word' id='word_1_263' title='bbox 1585 2373 1700 2413; x_wconf 85' lang='lat' dir='ltr'>soris</span> <span class='ocrx_word' id='word_1_264' title='bbox 1738 2373 1935 2412; x_wconf 87' lang='lat' dir='ltr'>aderant</span> <span class='ocrx_word' id='word_1_265' title='bbox 1967 2372 2025 2411; x_wconf 89' lang='lat' dir='ltr'>ad</span> 
     </span>
     <span class='ocr_line' id='line_1_32' title="bbox 384 2443 2025 2504; baseline -0.008 -10"><span class='ocrx_word' id='word_1_266' title='bbox 384 2454 553 2494; x_wconf 89' lang='lat' dir='ltr'>ostium</span> <span class='ocrx_word' id='word_1_267' title='bbox 593 2464 732 2504; x_wconf 89' lang='lat' dir='ltr'>quam</span> <span class='ocrx_word' id='word_1_268' title='bbox 765 2452 889 2491; x_wconf 89' lang='lat' dir='ltr'>intus</span> <span class='ocrx_word' id='word_1_269' title='bbox 918 2450 1185 2499; x_wconf 88' lang='lat' dir='ltr'>manebant,</span> <span class='ocrx_word' id='word_1_270' title='bbox 1217 2459 1303 2487; x_wconf 91' lang='lat' dir='ltr'>nec</span> <span class='ocrx_word' id='word_1_271' title='bbox 1333 2453 1517 2497; x_wconf 90' lang='lat' dir='ltr'>tempus</span> <span class='ocrx_word' id='word_1_272' title='bbox 1553 2445 1705 2484; x_wconf 89' lang='lat' dir='ltr'>labori</span> <span class='ocrx_word' id='word_1_273' title='bbox 1744 2443 2025 2484; x_wconf 83' lang='lat' dir='ltr'>destinatum</span> 
     </span>
     <span class='ocr_line' id='line_1_33' title="bbox 384 2514 2026 2577; baseline -0.008 -12"><span class='ocrx_word' id='word_1_274' title='bbox 384 2525 715 2577; x_wconf 84' lang='lat' dir='ltr'>impedimento</span> <span class='ocrx_word' id='word_1_275' title='bbox 739 2529 852 2563; x_wconf 88' lang='lat' dir='ltr'>erat.</span> <span class='ocrx_word' id='word_1_276' title='bbox 879 2521 929 2562; x_wconf 91' lang='lat' dir='ltr'>In</span> <span class='ocrx_word' id='word_1_277' title='bbox 949 2519 1224 2561; x_wconf 88' lang='lat' dir='ltr'>iuramentis</span> <span class='ocrx_word' id='word_1_278' title='bbox 1245 2517 1452 2558; x_wconf 84' lang='lat' dir='ltr'>vitandis</span> <span class='ocrx_word' id='word_1_279' title='bbox 1486 2516 1609 2567; x_wconf 91' lang='lat' dir='ltr'>(laus</span> <span class='ocrx_word' id='word_1_280' title='bbox 1631 2514 1757 2564; x_wconf 88' lang='lat' dir='ltr'>Deo)</span> <span class='ocrx_word' id='word_1_281' title='bbox 1787 2514 1939 2564; x_wconf 86' lang='lat' dir='ltr'>magis</span> <span class='ocrx_word' id='word_1_282' title='bbox 1971 2525 2026 2552; x_wconf 88' lang='lat' dir='ltr'>ac</span> 
     </span>
     <span class='ocr_line' id='line_1_34' title="bbox 384 2586 2024 2647; baseline -0.008 -11"><span class='ocrx_word' id='word_1_283' title='bbox 384 2597 536 2647; x_wconf 88' lang='lat' dir='ltr'>magis</span> <span class='ocrx_word' id='word_1_284' title='bbox 558 2596 603 2635; x_wconf 90' lang='lat' dir='ltr'>in</span> <span class='ocrx_word' id='word_1_285' title='bbox 626 2595 725 2635; x_wconf 83' lang='lat' dir='ltr'>dies</span> <span class='ocrx_word' id='word_1_286' title='bbox 747 2593 1063 2644; x_wconf 80' lang='lat' dir='ltr'>corriguntur,</span> <span class='ocrx_word' id='word_1_287' title='bbox 1088 2591 1205 2630; x_wconf 91' lang='lat' dir='ltr'>adeo</span> <span class='ocrx_word' id='word_1_288' title='bbox 1223 2596 1273 2629; x_wconf 90' lang='lat' dir='ltr'>ut</span> <span class='ocrx_word' id='word_1_289' title='bbox 1293 2588 1490 2640; x_wconf 82' lang='lat' dir='ltr'>pueruli,</span> <span class='ocrx_word' id='word_1_290' title='bbox 1514 2587 1597 2626; x_wconf 71' lang='grc' dir='ltr'>4.οῑ</span> <span class='ocrx_word' id='word_1_291' title='bbox 1619 2597 1766 2626; x_wconf 89' lang='lat' dir='ltr'>annos</span> <span class='ocrx_word' id='word_1_292' title='bbox 1788 2586 1908 2635; x_wconf 90' lang='lat' dir='ltr'>nati,</span> <span class='ocrx_word' id='word_1_293' title='bbox 1933 2596 2024 2624; x_wconf 88' lang='lat' dir='ltr'>ma-</span> 
     </span>
     <span class='ocr_line' id='line_1_35' title="bbox 383 2655 2022 2714; baseline -0.009 -6"><span class='ocrx_word' id='word_1_294' title='bbox 383 2667 530 2707; x_wconf 89' lang='lat' dir='ltr'>tribus</span> <span class='ocrx_word' id='word_1_295' title='bbox 570 2666 748 2714; x_wconf 88' lang='lat' dir='ltr'>dicant,</span> <span class='ocrx_word' id='word_1_296' title='bbox 791 2676 897 2704; x_wconf 90' lang='lat' dir='ltr'>cum</span> <span class='ocrx_word' id='word_1_297' title='bbox 935 2663 1143 2703; x_wconf 86' lang='lat' dir='ltr'>iurantes</span> <span class='ocrx_word' id='word_1_298' title='bbox 1176 2672 1257 2700; x_wconf 88' lang='lat' dir='ltr'>eas</span> <span class='ocrx_word' id='word_1_299' title='bbox 1292 2659 1510 2699; x_wconf 88' lang='lat' dir='ltr'>audiunt:</span> <span class='ocrx_word' id='word_1_300' title='bbox 1555 2663 1705 2697; x_wconf 84' lang='lat' dir='ltr'>mater</span> <span class='ocrx_word' id='word_1_301' title='bbox 1741 2663 1784 2696; x_wconf 88' lang='lat' dir='ltr'>et</span> <span class='ocrx_word' id='word_1_302' title='bbox 1821 2655 2022 2704; x_wconf 81' lang='lat' dir='ltr'>domina,</span> 
     </span>
     <span class='ocr_line' id='line_1_36' title="bbox 384 2728 2023 2786; baseline -0.008 -8"><span class='ocrx_word' id='word_1_303' title='bbox 384 2739 597 2777; x_wconf 80' lang='lat' dir='ltr'>osculare</span> <span class='ocrx_word' id='word_1_304' title='bbox 618 2737 831 2785; x_wconf 90' lang='lat' dir='ltr'>humum,</span> <span class='ocrx_word' id='word_1_305' title='bbox 857 2735 966 2786; x_wconf 89' lang='lat' dir='ltr'>quia</span> <span class='ocrx_word' id='word_1_306' title='bbox 996 2731 1319 2773; x_wconf 86' lang='lat' dir='ltr'>iusiurandum</span> <span class='ocrx_word' id='word_1_307' title='bbox 1346 2730 1524 2779; x_wconf 81' lang='lat' dir='ltr'>fecisti3</span> <span class='ocrx_word' id='word_1_308' title='bbox 1555 2740 1664 2768; x_wconf 90' lang='lat' dir='ltr'>nam</span> <span class='ocrx_word' id='word_1_309' title='bbox 1694 2728 1760 2767; x_wconf 90' lang='lat' dir='ltr'>sic</span> <span class='ocrx_word' id='word_1_310' title='bbox 1790 2739 1816 2767; x_wconf 93' lang='lat' dir='ltr'>a</span> <span class='ocrx_word' id='word_1_311' title='bbox 1838 2738 2023 2778; x_wconf 89' lang='lat' dir='ltr'>praece-</span> 
     </span>
     <span class='ocr_line' id='line_1_37' title="bbox 384 2798 2022 2861; baseline -0.009 -11"><span class='ocrx_word' id='word_1_312' title='bbox 384 2816 515 2861; x_wconf 88' lang='lat' dir='ltr'>ptore</span> <span class='ocrx_word' id='word_1_313' title='bbox 544 2814 704 2849; x_wconf 89' lang='lat' dir='ltr'>nostro</span> <span class='ocrx_word' id='word_1_314' title='bbox 737 2807 999 2847; x_wconf 88' lang='lat' dir='ltr'>didicimus.</span> <span class='ocrx_word' id='word_1_315' title='bbox 1032 2805 1128 2844; x_wconf 89' lang='lat' dir='ltr'>Iam</span> <span class='ocrx_word' id='word_1_316' title='bbox 1159 2803 1353 2854; x_wconf 88' lang='lat' dir='ltr'>quisque</span> <span class='ocrx_word' id='word_1_317' title='bbox 1375 2801 1581 2852; x_wconf 85' lang='lat' dir='ltr'>seipsum</span> <span class='ocrx_word' id='word_1_318' title='bbox 1611 2798 1931 2850; x_wconf 88' lang='lat' dir='ltr'>reprehendit,</span> <span class='ocrx_word' id='word_1_319' title='bbox 1963 2804 2022 2847; x_wconf 85' lang='lat' dir='ltr'>et,</span> 
     </span>
     <span class='ocr_line' id='line_1_38' title="bbox 385 2871 2021 2932; baseline -0.009 -11"><span class='ocrx_word' id='word_1_320' title='bbox 385 2887 635 2932; x_wconf 83' lang='lat' dir='ltr'>antequam</span> <span class='ocrx_word' id='word_1_321' title='bbox 656 2884 916 2928; x_wconf 85' lang='lat' dir='ltr'>moneatur,</span> <span class='ocrx_word' id='word_1_322' title='bbox 941 2887 1074 2916; x_wconf 90' lang='lat' dir='ltr'>suam</span> <span class='ocrx_word' id='word_1_323' title='bbox 1094 2885 1338 2925; x_wconf 83' lang='lat' dir='ltr'>magnam,</span> <span class='ocrx_word' id='word_1_324' title='bbox 1363 2883 1478 2923; x_wconf 88' lang='lat' dir='ltr'>erga</span> <span class='ocrx_word' id='word_1_325' title='bbox 1499 2871 1588 2911; x_wconf 92' lang='lat' dir='ltr'>Dei</span> <span class='ocrx_word' id='word_1_326' title='bbox 1610 2871 1785 2910; x_wconf 88' lang='lat' dir='ltr'>cultum</span> <span class='ocrx_word' id='word_1_327' title='bbox 1818 2874 1862 2908; x_wconf 92' lang='lat' dir='ltr'>et</span> <span class='ocrx_word' id='word_1_328' title='bbox 1893 2879 2021 2908; x_wconf 83' lang='lat' dir='ltr'>reve-</span> 
     </span>
     <span class='ocr_line' id='line_1_39' title="bbox 385 2939 2024 3003; baseline -0.009 -11"><span class='ocrx_word' id='word_1_329' title='bbox 385 2952 603 3003; x_wconf 86' lang='lat' dir='ltr'>rentiam,</span> <span class='ocrx_word' id='word_1_330' title='bbox 638 2950 867 2990; x_wconf 88' lang='lat' dir='ltr'>incuriam</span> <span class='ocrx_word' id='word_1_331' title='bbox 896 2953 1182 2999; x_wconf 79' lang='lat' dir='ltr'>agnoscunt;</span> <span class='ocrx_word' id='word_1_332' title='bbox 1212 2955 1408 2996; x_wconf 90' lang='lat' dir='ltr'>cumque</span> <span class='ocrx_word' id='word_1_333' title='bbox 1438 2943 1487 2982; x_wconf 85' lang='lat' dir='ltr'>fit</span> <span class='ocrx_word' id='word_1_334' title='bbox 1515 2948 1564 2982; x_wconf 89' lang='lat' dir='ltr'>ut</span> <span class='ocrx_word' id='word_1_335' title='bbox 1593 2942 1640 2982; x_wconf 90' lang='lat' dir='ltr'>in</span> <span class='ocrx_word' id='word_1_336' title='bbox 1669 2940 1855 2991; x_wconf 89' lang='lat' dir='ltr'>aliquod</span> <span class='ocrx_word' id='word_1_337' title='bbox 1887 2939 2024 2979; x_wconf 90' lang='lat' dir='ltr'>iusiu-</span> 
     </span>
     <span class='ocr_line' id='line_1_40' title="bbox 385 3009 2023 3073; baseline -0.009 -10"><span class='ocrx_word' id='word_1_338' title='bbox 385 3023 583 3062; x_wconf 87' lang='lat' dir='ltr'>randum</span> <span class='ocrx_word' id='word_1_339' title='bbox 619 3022 721 3073; x_wconf 87' lang='lat' dir='ltr'>quis</span> <span class='ocrx_word' id='word_1_340' title='bbox 757 3021 1010 3069; x_wconf 87' lang='lat' dir='ltr'>dilabatur,</span> <span class='ocrx_word' id='word_1_341' title='bbox 1040 3019 1130 3057; x_wconf 89' lang='lat' dir='ltr'>hoc</span> <span class='ocrx_word' id='word_1_342' title='bbox 1158 3016 1369 3067; x_wconf 86' lang='lat' dir='ltr'>profecto</span> <span class='ocrx_word' id='word_1_343' title='bbox 1400 3014 1512 3054; x_wconf 79' lang='lat' dir='ltr'>facit</span> <span class='ocrx_word' id='word_1_344' title='bbox 1540 3012 1826 3064; x_wconf 86' lang='lat' dir='ltr'>imprudens.</span> <span class='ocrx_word' id='word_1_345' title='bbox 1857 3009 2023 3060; x_wconf 81' lang='lat' dir='ltr'>Quam-</span> 
     </span>
    </p>
   </div>
  </div>
 </body>
</html>
