2168 3437
358 294 430 331 310
871 292 1097 329 LITTERAE
1125 303 1483 335 QUADR1MEsTREs

359 390 570 439 odorem,
601 394 649 428 ut
671 388 811 427 etiam
831 387 1046 438 patritios
1068 388 1360 427 colonienses
1381 388 1440 428 ad
1470 387 1751 428 evolandum
1779 389 1997 441 ipsosque

357 459 645 511 sequendum
673 464 989 510 provocarent
1018 457 1150 509 filios,
1184 469 1300 510 quos
1330 459 1602 499 iamdudum
1630 471 1657 499 a
1678 459 1737 500 V.
1761 459 1809 500 P.
1835 461 1995 501 osculo

359 536 523 570 sancto
547 535 767 580 exceptos
788 540 1048 579 speramus.
1072 529 1252 569 Verum
1280 535 1504 581 quantam
1533 530 1668 570 nobis
1697 531 1996 573 minabantur

358 602 667 640 obventuram
689 599 984 650 tragoediam
1006 600 1088 640 vix
1109 599 1200 639 dici
1221 606 1388 650 potest,
1410 601 1487 652 qui
1508 599 1616 640 hinc
1638 601 1713 641 vel
1733 602 1995 643 subversio-

357 683 464 712 nem
484 672 628 711 totius
648 670 895 711 Societatis
916 670 1232 722 hollandicae,
1256 683 1314 711 ne
1335 671 1489 712 dicam
1509 672 1738 723 regionis,
1762 684 1812 713 se
1833 673 1996 714 timere

357 742 655 793 iactitabant,
679 753 764 782 nos
791 742 932 781 talem
959 742 1200 792 iuvenem,
1231 742 1291 782 M.
1322 742 1666 783 Theodoricum
1694 750 1827 795 puto,
1860 744 1997 785 huius

355 814 543 854 Artium
577 813 834 853 Facultatis
868 813 1094 864 primaria
1121 813 1395 853 decoratum
1424 814 1579 865 lauro,
1609 815 1838 863 moribus,
1871 815 1997 856 vitae

355 885 645 935 integritate,
670 883 940 924 divitiarum
964 884 1273 935 abundantia,
1297 895 1480 924 necnon
1502 891 1694 925 caterva
1726 886 1860 937 quasi
1888 887 1998 927 ami-

354 967 517 995 corum
554 955 693 995 valde
728 954 1046 1006 nobilitatum,
1084 955 1258 995 furtive
1293 955 1543 1006 seducere,
1580 956 1794 997 omnibus
1837 957 1998 998 insciis

356 1026 728 1078 praesumpsisse
750 1026 933 1077 amicis,
958 1037 1157 1078 quorum
1178 1025 1408 1076 furorem,
1432 1027 1654 1078 quoniam
1685 1027 1855 1079 ubique
1884 1029 1996 1068 mul—

353 1104 454 1138 tum
473 1105 670 1149 possunt
691 1108 957 1149 magnaque
978 1097 1210 1137 habentur
1232 1097 1538 1145 authoritate,
1563 1104 1660 1138 tam
1680 1099 1837 1138 aulam
1858 1111 1998 1150 quam

353 1169 630 1221 quorumvis
650 1169 787 1209 huius
808 1169 989 1219 patriae
1018 1175 1293 1219 magnatum
1314 1174 1477 1208 contra
1498 1180 1585 1209 nos
1612 1169 1888 1210 excitandos
1919 1182 1997 1210 ve-

355 1241 579 1280 rebantur
614 1241 816 1291 animos3
849 1240 931 1280 sed
961 1251 1084 1280 nunc
1115 1239 1330 1280 videntes
1358 1240 1512 1280 Deum
1539 1239 1644 1292 Opt.
1681 1240 1834 1292 Max,
1865 1242 1997 1282 cuius

354 1312 486 1352 nutui
507 1312 750 1351 subiacent
773 1311 952 1361 omnia,
977 1311 1102 1351 haud
1124 1311 1257 1351 aliter
1278 1317 1525 1363 parentum
1550 1312 1759 1353 linivisse
1789 1313 1997 1353 dolorem

355 1394 633 1434 omnemque
654 1388 980 1434 tempestatem
1005 1382 1053 1422 in
1080 1382 1348 1422 serenitatis
1375 1389 1581 1423 mutasse
1611 1384 1998 1435 tranquillitatem

354 1465 411 1494 ac
433 1455 472 1494 si
492 1454 688 1494 lethaeis
710 1460 881 1493 cuncta
902 1453 1099 1493 fuissent
1116 1453 1269 1505 sopita
1286 1453 1442 1504 undis,
1464 1454 1597 1505 quasi
1613 1454 1660 1494 in
1678 1454 1901 1495 barathro
1919 1455 1994 1496 ad-

354 1525 616 1565 mirationis
639 1525 832 1575 detrusi,
857 1525 967 1576 quid
988 1524 1198 1576 cogitare
1221 1525 1393 1576 quidve
1415 1524 1570 1565 dicere
1591 1526 1736 1566 velint
1763 1527 1993 1567 nesciunt.

435 1596 563 1637 Deus
583 1596 714 1648 pacis
735 1602 779 1636 et
801 1596 1063 1636 dilectionis
1086 1601 1274 1636 maneat
1295 1608 1476 1648 semper
1494 1608 1599 1637 cum
1616 1597 1829 1638 omnibus
1845 1598 1992 1650 nobis,

354 1674 404 1708 ut
425 1668 544 1718 eius,
568 1679 661 1707 non
678 1668 852 1718 lingua,
874 1667 956 1707 sed
973 1678 1113 1718 opere
1136 1673 1180 1707 et
1200 1667 1421 1718 veritate,
1441 1667 1785 1719 beneplacitum
1806 1669 1995 1720 implea-

354 1751 479 1790 mus,
512 1739 642 1779 cuius
669 1750 761 1779 non
788 1738 1019 1778 immerito
1046 1738 1201 1789 gratia
1236 1750 1418 1790 omnes,
1447 1739 1710 1790 provolutis
1741 1751 1901 1780 coram
1932 1746 1990 1792 te,

355 1809 509 1860 Pater,
530 1810 712 1860 animis,
731 1820 817 1849 nos
834 1808 893 1849 V.
917 1808 965 1848 Ρ.
990 1809 1289 1860 omniumque
1310 1808 1504 1850 Patrum
1525 1821 1581 1850 ac
1602 1809 1802 1851 fratrum
1824 1812 1993 1852 oratio-

355 1882 491 1922 nibus
513 1881 833 1922 commendari
853 1891 1117 1932 precamur.

435 1953 635 1993 Lovanii
659 1952 706 1992 16
728 1952 948 1993 calendas
969 1951 1095 2004 Junii
1118 1963 1192 1991 an.
1220 1951 1336 1992 1553.

437 2026 495 2066 V.
520 2025 570 2065 P.
591 2036 758 2065 servus
778 2024 1012 2076 indignus,

1299 2167 1556 2208 ARNOLDUS
1585 2169 1776 2211 HEZIUS.

435 2381 789 2433 superscriptio
810 2381 861 2421 in
881 2385 1049 2422 octava
1063 2382 1277 2433 pagina:
1304 2383 1358 2423 R.
1383 2383 1430 2423 in
1450 2382 1532 2422 X.0
1554 2383 1682 2423 Patri
1703 2382 1790 2423 M.0
1809 2383 1991 2434 Ignatio

354 2452 413 2493 de
432 2453 608 2504 Loiola,
633 2453 845 2504 generali
864 2453 1132 2504 praeposito
1155 2452 1404 2494 Societatis
1424 2453 1548 2506 Jesu

435 2525 627 2565 Romae.
934 2521 938 2524 ’

436 2596 499 2636 Et
520 2596 618 2637 alia
639 2608 802 2637 manu:
824 2596 878 2648 Q.
897 2597 1099 2637 Lovanii
1123 2597 1168 2636 17
1191 2597 1301 2647 (sic)
1323 2596 1545 2637 calendas
1565 2596 1692 2649 Junii
1716 2596 1829 2636 1553.
