2168 3437
342 293 412 330 470
853 292 1080 330 LITTERAE
1106 303 1464 336 QUADRIMESTRES

423 388 790 440 Superscrz‘ptz'o.
813 390 840 436 †
860 388 990 441 Jhus.

421 459 480 500 Al
496 471 608 511 muy
624 459 726 500 R.d0
742 472 799 500 en
813 460 896 501 X.⁰
921 459 993 500 Re
1021 462 1063 501 el
1080 460 1152 501 P.e
1183 461 1388 502 Maestro
1414 462 1605 514 Ignacio
1631 463 1870 516 Preposito
1891 465 1977 505 Ge-

341 531 471 571 neral
493 529 549 570 de
565 531 609 570 la
631 518 889 582 Compania
911 531 967 572 de
987 532 1146 585 Jesus,

422 613 479 641 en
499 601 664 643 Roma.

419 673 484 713 2?
504 673 563 713 V.
587 673 643 713 de
664 672 885 714 Coimbra
906 685 1004 714 mes
1026 674 1082 714 de
1105 675 1310 715 octobre.

420 743 531 784 Alia
551 756 714 785 manu:
739 744 853 797 1553,
879 744 1052 786 Coim.a
1072 745 1122 786 P.
1145 745 1371 787 Melchior
1392 747 1545 798 Cotta,
1572 747 1676 788 ult.⁰
1698 747 1753 788 de
1775 753 1893 788 otu.e

998 1103 1301 1158 CCLVIII

410 1329 456 1366 P.
472 1330 668 1378 Joannes
689 1330 840 1368 Nufiez

458 1395 580 1432 Patri
598 1396 870 1434 Bernardino
889 1396 968 1434 dos
988 1396 1105 1435 ReiS.

505 1461 706 1506 Tituano,
730 1461 774 1498 12
792 1462 1056 1499 Novembris
1079 1462 1170 1500 1553
1193 1463 1217 1498 ¹.

417 1670 639 1710 Eiusdem
660 1670 719 1710 ad
741 1670 955 1711 eumdem
975 1670 989 1689 ²
1011 1671 1159 1723 pridie
1180 1671 1344 1712 Iduum
1364 1672 1645 1713 Novembris
1670 1672 1784 1712 1553.

415 1741 507 1782 Ubi
527 1741 728 1793 primum
748 1741 910 1781 literae
933 1748 1055 1793 tuae,
1075 1743 1242 1794 quibus
1264 1754 1445 1783 mecum
1462 1743 1517 1783 de
1534 1743 1770 1783 nonnullis
1787 1743 1975 1783 manda-

335 1814 395 1853 tis
417 1813 614 1864 agebaS,
640 1813 698 1853 ad
718 1824 847 1853 meas
868 1825 1127 1864 pervenere
1148 1826 1335 1863 manus,
1359 1820 1408 1854 ut
1430 1815 1607 1866 aliquot
1628 1814 1866 1865 captivos,
1903 1814 1983 1865 qui

336 1885 382 1924 in
403 1884 598 1935 maiore,
625 1896 730 1924 cum
751 1884 981 1936 corporis,
1006 1890 1104 1925 tum
1127 1885 1310 1926 animae
1340 1886 1631 1937 perdundae,
1660 1886 1868 1937 periculo
1899 1897 1976 1936 po-

336 1956 413 1996 siti
439 1961 595 2007 erant,
627 1968 650 1995 6
685 1961 816 1996 tanta
850 1956 1037 1996 miseria
1073 1963 1258 2008 ereptos
1294 1957 1340 1997 in
1374 1958 1638 1998 libertatem
1667 1956 1973 2008 vindicarem,

336 2039 532 2079 operam
552 2027 671 2078 dedi,
695 2027 874 2067 Veritus
895 2039 967 2078 ne,
991 2039 1097 2068 cum
1119 2027 1328 2068 Gadibus
1348 2028 1547 2080 pecunia
1567 2028 1628 2068 ad
1648 2039 1734 2068 nos
1756 2028 1975 2078 ferretur,

338 2098 528 2138 liberari
549 2104 642 2149 aut,
663 2099 956 2138 commerciis
977 2098 1226 2150 impeditis,
1246 2099 1305 2139 ad
1326 2111 1411 2139 Vos
1432 2099 1552 2139 mitti
1572 2099 1832 2151 nequirent:
1852 2099 1977 2151 quod

337 2181 478 2221 saepe
499 2169 685 2220 quidem
712 2170 802 2209 hac
832 2169 878 2209 in
908 2169 1100 2221 regione
1127 2171 1366 2221 usuvenit,
1401 2175 1450 2210 ut
1476 2182 1558 2222 per
1587 2181 1672 2211 sex
1701 2171 1777 2210 vel
1804 2176 1981 2222 septem

338 2241 571 2280 mensium
593 2241 798 2292 spatium
816 2240 930 2280 nulli
950 2241 1104 2281 traiici
1128 2241 1305 2293 captivi
1326 2242 1522 2293 possint.

420 2311 550 2351 Deus
571 2311 724 2351 effecit
745 2323 829 2351 sua
850 2311 1058 2352 bonitate
1079 2317 1128 2352 ut
1149 2312 1311 2353 decem
1331 2313 1406 2352 vel
1427 2313 1676 2353 duodecim
1707 2313 1978 2361 obtinerem,

339 2394 456 2434 quos
491 2383 679 2423 tertium
712 2382 806 2422 iam
832 2393 1040 2422 mensem
1068 2383 1115 2423 in
1142 2395 1245 2423 mea
1271 2389 1502 2435 potestate
1528 2384 1692 2424 habeo.
1727 2383 1843 2424 Cum
1878 2383 1982 2423 aliis

341 2454 575 2493 nonnullis
597 2460 762 2505 pactus
783 2465 887 2493 sum
909 2454 968 2493 ad
990 2454 1036 2494 id
1058 2459 1255 2506 tempus,
1278 2467 1368 2506 quo
1385 2455 1587 2506 primum
1607 2460 1816 2506 tempore
1837 2454 1982 2494 libera

341 2524 582 2576 coeperint
616 2536 718 2564 esse
748 2524 1051 2575 commercia,
1085 2536 1141 2564 ac
1171 2525 1436 2577 praefectus
1467 2525 1654 2577 quidem
1679 2525 1774 2565 iam
1801 2525 1980 2576 pridem

339 2596 535 2636 liberam
556 2596 774 2636 daturum
795 2607 844 2635 se
865 2596 1161 2636 commeandi
1183 2602 1464 2648 potestatem
1481 2596 1709 2648 promisit,
1727 2595 1975 2648 permissu-

340 2679 535 2719 rumque
558 2667 691 2707 nobis
712 2672 762 2707 ut
783 2667 830 2707 hi
851 2667 1021 2718 aliique
1043 2669 1174 2708 multi
1195 2668 1528 2720 redemptionis
1559 2667 1588 2718 ³,
1618 2667 1696 2719 qui
1723 2679 1866 2718 penes
1894 2678 1982 2706 nos

400 2779 408 2798 ¹
450 2780 698 2814 Apographum
715 2780 748 2808 in
763 2780 842 2808 folio
856 2780 1080 2808 521.—-Editae
1099 2787 1176 2808 sunt
1192 2781 1256 2808 hae
1271 2781 1411 2808 litterae
1426 2780 1618 2815 hispanice,
1631 2787 1672 2806 ex
1687 2779 1849 2807 Historia
1865 2780 1984 2811 varia,

345 2827 403 2853 fol.
420 2827 483 2861 312,
501 2827 533 2854 in
549 2827 675 2854 Cartas
690 2828 732 2855 de
753 2828 824 2854 San
840 2827 997 2861 Ignacz‘o,
1012 2831 1035 2855 t.
1053 2835 1100 2860 111,
1117 2836 1194 2862 pag.
1209 2829 1272 2855 516.

397 2874 410 2893 2
451 2874 590 2902 Patrem
606 2875 854 2902 Bernardinum
869 2883 888 2902 a
906 2875 1067 2910 Regibus,
1085 2883 1144 2902 seu
1160 2876 1222 2902 dos
1237 2876 1335 2907 Rez's,
1348 2876 1401 2903 cui
1416 2876 1519 2903 datae
1534 2878 1611 2903 sunt
1626 2882 1712 2910 quae
1729 2882 1749 2902 a
1761 2875 1857 2902 nobis
1872 2875 1983 2902 editae

349 2930 462 2956 supra,
479 2931 556 2957 pag.
573 2923 636 2956 402,
655 2927 688 2950 et
704 2923 921 2957 reperiuntur
937 2923 969 2950 in
983 2924 1202 2958 praecedenti
1218 2924 1296 2951 solio
1311 2923 1364 2951 520
1377 2923 1430 2951 v.⁰

398 2970 412 2989 5
450 2971 575 3005 aliique
597 2972 692 2998 multi
715 2971 970 3006 redemptionis,
993 2975 1088 2998 otros
1111 2972 1259 3005 muchos,
1280 2979 1343 3006 que
1359 2976 1520 3006 tenemos,
1537 2972 1626 2999 dela
1640 2971 1834 3005 redencion,
1849 2979 1905 3004 sc.,
1922 2972 1980 2998 alii

346 3017 453 3051 multi,
470 3025 552 3052 quos
564 3026 668 3053 opera
684 3023 718 3046 et
733 3019 881 3046 subsidio
897 3019 1229 3052 confraternitatum,
1243 3027 1305 3053 per
1320 3019 1505 3054 Europam,
1522 3019 1564 3047 ad
1580 3019 1794 3046 redimendos
1807 3027 1848 3046 ex
1864 3019 1985 3046 Africa

347 3064 512 3098 captivos,
527 3069 732 3100 erectarum,
749 3066 887 3094 redemi.
905 3066 1004 3100 Vide,
1020 3074 1072 3093 ex.
1089 3074 1152 3100 gr„
1169 3074 1254 3100 quae
1271 3067 1359 3101 apud
1377 3066 1543 3101 ScmNosI,
1561 3066 1730 3101 POLANco,
1746 3069 1780 3093 et
1798 3066 1922 3094 Cartas
1942 3067 1984 3092 de

349 3111 419 3138 san
436 3112 592 3145 Ignacz'o,
608 3114 733 3147 passim
747 3114 905 3141 dicuntur
921 3114 961 3140 de
977 3113 1271 3141 Confraternitate
1288 3114 1543 3148 Redemptionis
1558 3114 1789 3149 neapolitana.
