<?xml version="1.0" encoding="UTF-8"?>
<!DOCTYPE html PUBLIC "-//W3C//DTD XHTML 1.0 Transitional//EN"
    "http://www.w3.org/TR/xhtml1/DTD/xhtml1-transitional.dtd">
<html xmlns="http://www.w3.org/1999/xhtml" xml:lang="en" lang="en">
 <head>
  <title>
</title>
<meta http-equiv="Content-Type" content="text/html;charset=utf-8" />
  <meta name='ocr-system' content='tesseract 3.04.00' />
  <meta name='ocr-capabilities' content='ocr_page ocr_carea ocr_par ocr_line ocrx_word'/>
</head>
<body>
  <div class='ocr_page' id='page_1' title='image "./litteraequadrime1402lain_0406.png"; bbox 0 0 2168 3437; ppageno 0'>
   <div class='ocr_carea' id='block_1_1' title="bbox 379 294 1497 338">
    <p class='ocr_par' dir='ltr' id='par_1_1' title="bbox 379 294 1497 338">
     <span class='ocr_line' id='line_1_1' title="bbox 379 294 1497 338; baseline 0.002 -7"><span class='ocrx_word' id='word_1_1' title='bbox 379 295 450 332; x_wconf 73' lang='lat'>402</span> <span class='ocrx_word' id='word_1_2' title='bbox 885 294 1112 332; x_wconf 85' lang='lat' dir='ltr'>LITTERAE</span> <span class='ocrx_word' id='word_1_3' title='bbox 1139 305 1497 338; x_wconf 84' lang='lat' dir='ltr'>QUADRIMESTRES</span> 
     </span>
    </p>
   </div>
   <div class='ocr_carea' id='block_1_2' title="bbox 1023 744 1383 800">
    <p class='ocr_par' dir='ltr' id='par_1_2' title="bbox 1023 744 1383 800">
     <span class='ocr_line' id='line_1_2' title="bbox 1023 744 1383 800; baseline -0.006 0"><span class='ocrx_word' id='word_1_4' title='bbox 1023 744 1383 800; x_wconf 83' lang='lat' dir='ltr'>CCXLVIII</span> 
     </span>
    </p>
   </div>
   <div class='ocr_carea' id='block_1_3' title="bbox 447 973 1254 1153">
    <p class='ocr_par' dir='ltr' id='par_1_3' title="bbox 447 973 1254 1153">
     <span class='ocr_line' id='line_1_3' title="bbox 447 973 1091 1020; baseline 0.003 -11"><span class='ocrx_word' id='word_1_5' title='bbox 447 973 495 1010; x_wconf 93' lang='lat' dir='ltr'>P.</span> <span class='ocrx_word' id='word_1_6' title='bbox 516 973 712 1020; x_wconf 89' lang='lat' dir='ltr'>Joannes</span> <span class='ocrx_word' id='word_1_7' title='bbox 732 974 883 1012; x_wconf 77' lang='lat' dir='ltr'>Nufiez</span> <span class='ocrx_word' id='word_1_8' title='bbox 903 974 1091 1012; x_wconf 85' lang='lat' dir='ltr'>Barreto</span> 
     </span>
     <span class='ocr_line' id='line_1_4' title="bbox 493 1038 1185 1087; baseline 0 -11"><span class='ocrx_word' id='word_1_9' title='bbox 493 1038 617 1077; x_wconf 88' lang='lat' dir='ltr'>Patri</span> <span class='ocrx_word' id='word_1_10' title='bbox 635 1039 909 1078; x_wconf 84' lang='lat' dir='ltr'>Bernardino</span> <span class='ocrx_word' id='word_1_11' title='bbox 929 1051 955 1077; x_wconf 92' lang='lat' dir='ltr'>a</span> <span class='ocrx_word' id='word_1_12' title='bbox 973 1039 1185 1087; x_wconf 79' lang='lat' dir='ltr'>Regibus.</span> 
     </span>
     <span class='ocr_line' id='line_1_5' title="bbox 756 1104 1254 1153; baseline -0.002 -12"><span class='ocrx_word' id='word_1_13' title='bbox 756 1105 800 1142; x_wconf 85' lang='lat'>12</span> <span class='ocrx_word' id='word_1_14' title='bbox 819 1104 1094 1153; x_wconf 82' lang='lat' dir='ltr'><strong>Septembris</strong></span> <span class='ocrx_word' id='word_1_15' title='bbox 1114 1105 1209 1142; x_wconf 84' lang='lat'>1553</span> <span class='ocrx_word' id='word_1_16' title='bbox 1228 1104 1254 1139; x_wconf 89' lang='lat'>¹.</span> 
     </span>
    </p>
   </div>
   <div class='ocr_carea' id='block_1_4' title="bbox 369 1311 2021 2220">
    <p class='ocr_par' dir='ltr' id='par_1_4' title="bbox 452 1311 2012 1364">
     <span class='ocr_line' id='line_1_6' title="bbox 452 1311 2012 1364; baseline -0.001 -10"><span class='ocrx_word' id='word_1_17' title='bbox 452 1311 673 1364; x_wconf 89' lang='lat' dir='ltr'>Ejusdem</span> <span class='ocrx_word' id='word_1_18' title='bbox 695 1314 754 1354; x_wconf 91' lang='lat' dir='ltr'>ad</span> <span class='ocrx_word' id='word_1_19' title='bbox 775 1313 824 1353; x_wconf 82' lang='lat' dir='ltr'>P.</span> <span class='ocrx_word' id='word_1_20' title='bbox 849 1312 1191 1354; x_wconf 88' lang='lat' dir='ltr'>Bernardinum</span> <span class='ocrx_word' id='word_1_21' title='bbox 1212 1311 1226 1330; x_wconf 68' lang='lat'>⁹²</span> <span class='ocrx_word' id='word_1_22' title='bbox 1247 1312 1396 1363; x_wconf 82' lang='lat' dir='ltr'>pridie</span> <span class='ocrx_word' id='word_1_23' title='bbox 1413 1312 1573 1352; x_wconf 89' lang='lat' dir='ltr'>iduum</span> <span class='ocrx_word' id='word_1_24' title='bbox 1589 1311 1876 1364; x_wconf 81' lang='lat' dir='ltr'>Septembris</span> <span class='ocrx_word' id='word_1_25' title='bbox 1897 1314 2012 1354; x_wconf 83' lang='lat'>1553.</span> 
     </span>
    </p>

    <p class='ocr_par' dir='ltr' id='par_1_5' title="bbox 373 1383 2021 1497">
     <span class='ocr_line' id='line_1_7' title="bbox 452 1383 2021 1437; baseline 0.001 -12"><span class='ocrx_word' id='word_1_26' title='bbox 452 1384 554 1425; x_wconf 86' lang='lat' dir='ltr'>Pax</span> <span class='ocrx_word' id='word_1_27' title='bbox 579 1390 624 1425; x_wconf 89' lang='lat' dir='ltr'>et</span> <span class='ocrx_word' id='word_1_28' title='bbox 645 1396 777 1425; x_wconf 90' lang='lat' dir='ltr'>amor</span> <span class='ocrx_word' id='word_1_29' title='bbox 803 1385 994 1425; x_wconf 89' lang='lat' dir='ltr'>Domini</span> <span class='ocrx_word' id='word_1_30' title='bbox 1019 1384 1129 1437; x_wconf 89' lang='lat' dir='ltr'>Jesu</span> <span class='ocrx_word' id='word_1_31' title='bbox 1156 1383 1332 1425; x_wconf 82' lang='lat' dir='ltr'>Christi</span> <span class='ocrx_word' id='word_1_32' title='bbox 1357 1384 1534 1424; x_wconf 88' lang='lat' dir='ltr'>habitet</span> <span class='ocrx_word' id='word_1_33' title='bbox 1560 1395 1745 1436; x_wconf 82' lang='lat' dir='ltr'>semper</span> <span class='ocrx_word' id='word_1_34' title='bbox 1768 1385 1816 1425; x_wconf 91' lang='lat' dir='ltr'>in</span> <span class='ocrx_word' id='word_1_35' title='bbox 1845 1386 2021 1426; x_wconf 77' lang='lat' dir='ltr'>animis.</span> 
     </span>
     <span class='ocr_line' id='line_1_8' title="bbox 373 1456 755 1497; baseline -0.005 0"><span class='ocrx_word' id='word_1_36' title='bbox 373 1457 563 1497; x_wconf 89' lang='lat' dir='ltr'>nostris.</span> <span class='ocrx_word' id='word_1_37' title='bbox 588 1456 755 1497; x_wconf 88' lang='lat' dir='ltr'>Amen.</span> 
     </span>
    </p>

    <p class='ocr_par' dir='ltr' id='par_1_6' title="bbox 369 1526 2015 2220">
     <span class='ocr_line' id='line_1_9' title="bbox 451 1526 2013 1579; baseline 0 -11"><span class='ocrx_word' id='word_1_38' title='bbox 451 1527 524 1568; x_wconf 83' lang='lat' dir='ltr'>Ex</span> <span class='ocrx_word' id='word_1_39' title='bbox 544 1527 725 1578; x_wconf 90' lang='lat' dir='ltr'>litteris,</span> <span class='ocrx_word' id='word_1_40' title='bbox 750 1539 869 1579; x_wconf 85' lang='lat' dir='ltr'>quae</span> <span class='ocrx_word' id='word_1_41' title='bbox 889 1526 1003 1567; x_wconf 86' lang='lat' dir='ltr'>mihi</span> <span class='ocrx_word' id='word_1_42' title='bbox 1023 1527 1113 1567; x_wconf 91' lang='lat' dir='ltr'>hoc</span> <span class='ocrx_word' id='word_1_43' title='bbox 1133 1538 1293 1567; x_wconf 91' lang='lat' dir='ltr'>mense</span> <span class='ocrx_word' id='word_1_44' title='bbox 1314 1533 1423 1567; x_wconf 93' lang='lat' dir='ltr'>sunt</span> <span class='ocrx_word' id='word_1_45' title='bbox 1443 1527 1678 1577; x_wconf 80' lang='lat' dir='ltr'>redditae,</span> <span class='ocrx_word' id='word_1_46' title='bbox 1704 1528 1908 1579; x_wconf 83' lang='lat' dir='ltr'>cognovi</span> <span class='ocrx_word' id='word_1_47' title='bbox 1929 1528 2013 1568; x_wconf 90' lang='lat' dir='ltr'>tibi</span> 
     </span>
     <span class='ocr_line' id='line_1_10' title="bbox 372 1598 2013 1650; baseline -0.001 -10"><span class='ocrx_word' id='word_1_48' title='bbox 372 1611 399 1639; x_wconf 90' lang='lat' dir='ltr'>a</span> <span class='ocrx_word' id='word_1_49' title='bbox 418 1599 695 1650; x_wconf 80' lang='lat' dir='ltr'>Praeposito</span> <span class='ocrx_word' id='word_1_50' title='bbox 717 1604 876 1638; x_wconf 90' lang='lat' dir='ltr'>nostro</span> <span class='ocrx_word' id='word_1_51' title='bbox 899 1598 1060 1638; x_wconf 89' lang='lat' dir='ltr'>datum</span> <span class='ocrx_word' id='word_1_52' title='bbox 1081 1609 1184 1638; x_wconf 90' lang='lat' dir='ltr'>esse</span> <span class='ocrx_word' id='word_1_53' title='bbox 1203 1598 1464 1649; x_wconf 83' lang='lat' dir='ltr'>negotium,</span> <span class='ocrx_word' id='word_1_54' title='bbox 1487 1598 1554 1638; x_wconf 89' lang='lat' dir='ltr'>uti</span> <span class='ocrx_word' id='word_1_55' title='bbox 1586 1598 1755 1638; x_wconf 90' lang='lat' dir='ltr'>horum</span> <span class='ocrx_word' id='word_1_56' title='bbox 1774 1598 2013 1639; x_wconf 88' lang='lat' dir='ltr'>miserabi-</span> 
     </span>
     <span class='ocr_line' id='line_1_11' title="bbox 369 1669 2014 1721; baseline -0.001 -10"><span class='ocrx_word' id='word_1_57' title='bbox 369 1671 483 1711; x_wconf 90' lang='lat' dir='ltr'>-lium</span> <span class='ocrx_word' id='word_1_58' title='bbox 515 1670 813 1721; x_wconf 89' lang='lat' dir='ltr'>captivorum</span> <span class='ocrx_word' id='word_1_59' title='bbox 834 1680 910 1709; x_wconf 92' lang='lat' dir='ltr'>res</span> <span class='ocrx_word' id='word_1_60' title='bbox 942 1680 1156 1720; x_wconf 83' lang='lat' dir='ltr'>curares3</span> <span class='ocrx_word' id='word_1_61' title='bbox 1190 1669 1496 1720; x_wconf 87' lang='lat' dir='ltr'>quamobrem</span> <span class='ocrx_word' id='word_1_62' title='bbox 1522 1669 1623 1709; x_wconf 93' lang='lat' dir='ltr'>Deo</span> <span class='ocrx_word' id='word_1_63' title='bbox 1644 1670 1825 1721; x_wconf 77' lang='lat' dir='ltr'>gratias</span> <span class='ocrx_word' id='word_1_64' title='bbox 1855 1669 2014 1721; x_wconf 85' lang='lat' dir='ltr'>ingen-</span> 
     </span>
     <span class='ocr_line' id='line_1_12' title="bbox 372 1740 2012 1793; baseline -0.001 -11"><span class='ocrx_word' id='word_1_65' title='bbox 372 1748 442 1783; x_wconf 87' lang='lat' dir='ltr'>tes</span> <span class='ocrx_word' id='word_1_66' title='bbox 476 1753 567 1793; x_wconf 86' lang='lat' dir='ltr'>ago</span> <span class='ocrx_word' id='word_1_67' title='bbox 602 1746 647 1782; x_wconf 93' lang='lat' dir='ltr'>te</span> <span class='ocrx_word' id='word_1_68' title='bbox 682 1741 796 1781; x_wconf 87' lang='lat' dir='ltr'>mihi</span> <span class='ocrx_word' id='word_1_69' title='bbox 831 1741 879 1781; x_wconf 90' lang='lat' dir='ltr'>in</span> <span class='ocrx_word' id='word_1_70' title='bbox 912 1740 1001 1781; x_wconf 90' lang='lat' dir='ltr'>hac</span> <span class='ocrx_word' id='word_1_71' title='bbox 1035 1740 1355 1791; x_wconf 82' lang='lat' dir='ltr'>negotiatione</span> <span class='ocrx_word' id='word_1_72' title='bbox 1394 1746 1459 1791; x_wconf 91' lang='lat' dir='ltr'>et,</span> <span class='ocrx_word' id='word_1_73' title='bbox 1502 1752 1620 1792; x_wconf 89' lang='lat' dir='ltr'>quae</span> <span class='ocrx_word' id='word_1_74' title='bbox 1659 1740 1723 1781; x_wconf 89' lang='lat' dir='ltr'>illi</span> <span class='ocrx_word' id='word_1_75' title='bbox 1756 1742 2012 1792; x_wconf 90' lang='lat' dir='ltr'>perplacet,</span> 
     </span>
     <span class='ocr_line' id='line_1_13' title="bbox 372 1811 2015 1865; baseline -0.001 -11"><span class='ocrx_word' id='word_1_76' title='bbox 372 1825 527 1854; x_wconf 83' lang='lat' dir='ltr'>merce</span> <span class='ocrx_word' id='word_1_77' title='bbox 555 1818 912 1865; x_wconf 90' lang='lat' dir='ltr'>procuratorem</span> <span class='ocrx_word' id='word_1_78' title='bbox 948 1811 1217 1863; x_wconf 82' lang='lat' dir='ltr'>contigisse.</span> <span class='ocrx_word' id='word_1_79' title='bbox 1248 1811 1405 1863; x_wconf 87' lang='lat' dir='ltr'>Atque</span> <span class='ocrx_word' id='word_1_80' title='bbox 1435 1812 1525 1852; x_wconf 87' lang='lat' dir='ltr'>hoc</span> <span class='ocrx_word' id='word_1_81' title='bbox 1554 1823 1662 1863; x_wconf 89' lang='lat' dir='ltr'>uno,</span> <span class='ocrx_word' id='word_1_82' title='bbox 1690 1812 1844 1863; x_wconf 89' lang='lat' dir='ltr'>magis</span> <span class='ocrx_word' id='word_1_83' title='bbox 1872 1823 2015 1864; x_wconf 92' lang='lat' dir='ltr'>quam</span> 
     </span>
     <span class='ocr_line' id='line_1_14' title="bbox 370 1882 2011 1936; baseline -0.001 -11"><span class='ocrx_word' id='word_1_84' title='bbox 370 1895 577 1936; x_wconf 90' lang='lat' dir='ltr'>unquam</span> <span class='ocrx_word' id='word_1_85' title='bbox 598 1890 755 1934; x_wconf 90' lang='lat' dir='ltr'>antea,</span> <span class='ocrx_word' id='word_1_86' title='bbox 780 1883 880 1924; x_wconf 89' lang='lat' dir='ltr'>fore</span> <span class='ocrx_word' id='word_1_87' title='bbox 901 1882 1084 1923; x_wconf 87' lang='lat' dir='ltr'>confido</span> <span class='ocrx_word' id='word_1_88' title='bbox 1115 1889 1164 1923; x_wconf 91' lang='lat' dir='ltr'>ut</span> <span class='ocrx_word' id='word_1_89' title='bbox 1193 1883 1373 1934; x_wconf 89' lang='lat' dir='ltr'>ingenti</span> <span class='ocrx_word' id='word_1_90' title='bbox 1392 1883 1699 1935; x_wconf 84' lang='lat' dir='ltr'>pecuniarum</span> <span class='ocrx_word' id='word_1_91' title='bbox 1719 1884 1855 1934; x_wconf 87' lang='lat' dir='ltr'>copia</span> <span class='ocrx_word' id='word_1_92' title='bbox 1886 1883 2011 1924; x_wconf 87' lang='lat' dir='ltr'>adiu·</span> 
     </span>
     <span class='ocr_line' id='line_1_15' title="bbox 370 1954 2014 2007; baseline -0.002 -10"><span class='ocrx_word' id='word_1_93' title='bbox 370 1968 470 2007; x_wconf 86' lang='lat' dir='ltr'>ver,</span> <span class='ocrx_word' id='word_1_94' title='bbox 506 1955 628 1996; x_wconf 91' lang='lat' dir='ltr'>unde</span> <span class='ocrx_word' id='word_1_95' title='bbox 662 1954 843 2007; x_wconf 87' lang='lat' dir='ltr'>grande</span> <span class='ocrx_word' id='word_1_96' title='bbox 877 1966 958 1994; x_wconf 87' lang='lat' dir='ltr'>aes</span> <span class='ocrx_word' id='word_1_97' title='bbox 992 1954 1195 1995; x_wconf 88' lang='lat' dir='ltr'>alienum</span> <span class='ocrx_word' id='word_1_98' title='bbox 1229 1954 1482 1994; x_wconf 89' lang='lat' dir='ltr'>conflatum</span> <span class='ocrx_word' id='word_1_99' title='bbox 1516 1954 1713 1994; x_wconf 88' lang='lat' dir='ltr'>solvam.</span> <span class='ocrx_word' id='word_1_100' title='bbox 1750 1954 1852 1995; x_wconf 92' lang='lat' dir='ltr'>Hos</span> <span class='ocrx_word' id='word_1_101' title='bbox 1884 1955 2014 1995; x_wconf 88' lang='lat' dir='ltr'>enim</span> 
     </span>
     <span class='ocr_line' id='line_1_16' title="bbox 372 2024 2013 2081; baseline -0.002 -13"><span class='ocrx_word' id='word_1_102' title='bbox 372 2028 574 2081; x_wconf 90' lang='lat' dir='ltr'>quinque</span> <span class='ocrx_word' id='word_1_103' title='bbox 602 2038 772 2077; x_wconf 89' lang='lat' dir='ltr'>annos,</span> <span class='ocrx_word' id='word_1_104' title='bbox 804 2026 882 2078; x_wconf 87' lang='lat' dir='ltr'>qui</span> <span class='ocrx_word' id='word_1_105' title='bbox 913 2038 940 2066; x_wconf 90' lang='lat' dir='ltr'>a</span> <span class='ocrx_word' id='word_1_106' title='bbox 967 2037 1071 2066; x_wconf 91' lang='lat' dir='ltr'>meo</span> <span class='ocrx_word' id='word_1_107' title='bbox 1094 2025 1141 2066; x_wconf 88' lang='lat' dir='ltr'>in</span> <span class='ocrx_word' id='word_1_108' title='bbox 1162 2025 1252 2066; x_wconf 89' lang='lat' dir='ltr'>hoc</span> <span class='ocrx_word' id='word_1_109' title='bbox 1282 2036 1482 2077; x_wconf 89' lang='lat' dir='ltr'>regnum</span> <span class='ocrx_word' id='word_1_110' title='bbox 1511 2025 1731 2076; x_wconf 91' lang='lat' dir='ltr'>ingressu</span> <span class='ocrx_word' id='word_1_111' title='bbox 1758 2024 1772 2044; x_wconf 74' lang='lat'>³</span> <span class='ocrx_word' id='word_1_112' title='bbox 1799 2025 1860 2065; x_wconf 87' lang='lat' dir='ltr'>ad</span> <span class='ocrx_word' id='word_1_113' title='bbox 1889 2037 2013 2065; x_wconf 89' lang='lat' dir='ltr'>men-</span> 
     </span>
     <span class='ocr_line' id='line_1_17' title="bbox 373 2097 2011 2149; baseline -0.002 -8"><span class='ocrx_word' id='word_1_114' title='bbox 373 2111 470 2141; x_wconf 91' lang='lat' dir='ltr'>sem</span> <span class='ocrx_word' id='word_1_115' title='bbox 499 2098 780 2140; x_wconf 86' lang='lat' dir='ltr'>Novembris</span> <span class='ocrx_word' id='word_1_116' title='bbox 811 2102 1132 2148; x_wconf 87' lang='lat' dir='ltr'>numerantur,</span> <span class='ocrx_word' id='word_1_117' title='bbox 1163 2108 1253 2149; x_wconf 89' lang='lat' dir='ltr'>quo</span> <span class='ocrx_word' id='word_1_118' title='bbox 1275 2102 1372 2137; x_wconf 89' lang='lat' dir='ltr'>toto</span> <span class='ocrx_word' id='word_1_119' title='bbox 1393 2103 1604 2148; x_wconf 90' lang='lat' dir='ltr'>tempore</span> <span class='ocrx_word' id='word_1_120' title='bbox 1624 2097 1790 2148; x_wconf 89' lang='lat' dir='ltr'>pedem</span> <span class='ocrx_word' id='word_1_121' title='bbox 1819 2097 1866 2136; x_wconf 90' lang='lat' dir='ltr'>in</span> <span class='ocrx_word' id='word_1_122' title='bbox 1892 2097 2011 2137; x_wconf 90' lang='lat' dir='ltr'>chri-</span> 
     </span>
     <span class='ocr_line' id='line_1_18' title="bbox 372 2168 2012 2220; baseline -0.002 -8"><span class='ocrx_word' id='word_1_123' title='bbox 372 2171 631 2212; x_wconf 90' lang='lat' dir='ltr'>stianorum</span> <span class='ocrx_word' id='word_1_124' title='bbox 671 2169 810 2210; x_wconf 89' lang='lat' dir='ltr'>terris</span> <span class='ocrx_word' id='word_1_125' title='bbox 849 2180 943 2209; x_wconf 90' lang='lat' dir='ltr'>non</span> <span class='ocrx_word' id='word_1_126' title='bbox 976 2168 1135 2220; x_wconf 91' lang='lat' dir='ltr'>posui,</span> <span class='ocrx_word' id='word_1_127' title='bbox 1176 2168 1396 2208; x_wconf 82' lang='lat' dir='ltr'>maximis</span> <span class='ocrx_word' id='word_1_128' title='bbox 1431 2179 1615 2220; x_wconf 90' lang='lat' dir='ltr'>semper</span> <span class='ocrx_word' id='word_1_129' title='bbox 1657 2168 1823 2208; x_wconf 89' lang='lat' dir='ltr'>debitis</span> <span class='ocrx_word' id='word_1_130' title='bbox 1858 2168 2012 2220; x_wconf 88' lang='lat' dir='ltr'>oppri-</span> 
     </span>
    </p>
   </div>
   <div class='ocr_carea' id='block_1_5' title="bbox 368 2304 2016 3148">
    <p class='ocr_par' dir='ltr' id='par_1_7' title="bbox 425 2304 1015 2341">
     <span class='ocr_line' id='line_1_19' title="bbox 425 2304 1015 2341; baseline -0.005 -6"><span class='ocrx_word' id='word_1_131' title='bbox 425 2308 436 2328; x_wconf 88' lang='lat'>¹</span> <span class='ocrx_word' id='word_1_132' title='bbox 477 2307 736 2341; x_wconf 81' lang='lat' dir='ltr'>Apographum,</span> <span class='ocrx_word' id='word_1_133' title='bbox 753 2306 786 2333; x_wconf 89' lang='lat' dir='ltr'>in</span> <span class='ocrx_word' id='word_1_134' title='bbox 801 2305 893 2339; x_wconf 87' lang='lat' dir='ltr'>folio,</span> <span class='ocrx_word' id='word_1_135' title='bbox 906 2313 938 2333; x_wconf 89' lang='lat' dir='ltr'>n.</span> <span class='ocrx_word' id='word_1_136' title='bbox 953 2304 1015 2332; x_wconf 82' lang='lat'>520.</span> 
     </span>
    </p>

    <p class='ocr_par' dir='ltr' id='par_1_8' title="bbox 368 2352 2016 2913">
     <span class='ocr_line' id='line_1_20' title="bbox 425 2352 2011 2387; baseline -0.002 -5"><span class='ocrx_word' id='word_1_137' title='bbox 425 2355 477 2382; x_wconf 88' lang='lat' dir='ltr'>De</span> <span class='ocrx_word' id='word_1_138' title='bbox 491 2355 532 2382; x_wconf 86' lang='lat' dir='ltr'>iis</span> <span class='ocrx_word' id='word_1_139' title='bbox 547 2354 674 2382; x_wconf 88' lang='lat' dir='ltr'>litteris</span> <span class='ocrx_word' id='word_1_140' title='bbox 690 2354 757 2381; x_wconf 88' lang='lat' dir='ltr'>tria</span> <span class='ocrx_word' id='word_1_141' title='bbox 772 2353 1050 2380; x_wconf 86' lang='lat' dir='ltr'>animadvertere</span> <span class='ocrx_word' id='word_1_142' title='bbox 1066 2356 1217 2386; x_wconf 87' lang='lat' dir='ltr'>oportet:</span> <span class='ocrx_word' id='word_1_143' title='bbox 1237 2353 1309 2379; x_wconf 80' lang='lat' dir='ltr'>1,um</span> <span class='ocrx_word' id='word_1_144' title='bbox 1324 2360 1382 2380; x_wconf 84' lang='lat' dir='ltr'>eas</span> <span class='ocrx_word' id='word_1_145' title='bbox 1397 2352 1535 2387; x_wconf 87' lang='lat' dir='ltr'>proprie</span> <span class='ocrx_word' id='word_1_146' title='bbox 1553 2352 1823 2387; x_wconf 87' lang='lat' dir='ltr'>quadrimestres</span> <span class='ocrx_word' id='word_1_147' title='bbox 1845 2360 1911 2379; x_wconf 90' lang='lat' dir='ltr'>non</span> <span class='ocrx_word' id='word_1_148' title='bbox 1926 2359 2011 2386; x_wconf 68' lang='lat' dir='ltr'>esse,</span> 
     </span>
     <span class='ocr_line' id='line_1_21' title="bbox 373 2400 2011 2435; baseline -0.002 -5"><span class='ocrx_word' id='word_1_149' title='bbox 373 2411 393 2430; x_wconf 91' lang='lat' dir='ltr'>a</span> <span class='ocrx_word' id='word_1_150' title='bbox 407 2403 503 2430; x_wconf 89' lang='lat' dir='ltr'>nobis</span> <span class='ocrx_word' id='word_1_151' title='bbox 518 2406 636 2429; x_wconf 88' lang='lat' dir='ltr'>tamen</span> <span class='ocrx_word' id='word_1_152' title='bbox 650 2401 704 2428; x_wconf 92' lang='lat' dir='ltr'>hic</span> <span class='ocrx_word' id='word_1_153' title='bbox 720 2401 784 2434; x_wconf 90' lang='lat' dir='ltr'>edi,</span> <span class='ocrx_word' id='word_1_154' title='bbox 801 2401 880 2435; x_wconf 89' lang='lat' dir='ltr'>quia</span> <span class='ocrx_word' id='word_1_155' title='bbox 894 2400 984 2428; x_wconf 87' lang='lat' dir='ltr'>inter</span> <span class='ocrx_word' id='word_1_156' title='bbox 999 2400 1268 2434; x_wconf 81' lang='lat' dir='ltr'>quadrimestres</span> <span class='ocrx_word' id='word_1_157' title='bbox 1283 2400 1316 2427; x_wconf 93' lang='lat' dir='ltr'>in</span> <span class='ocrx_word' id='word_1_158' title='bbox 1331 2407 1474 2427; x_wconf 87' lang='lat' dir='ltr'>romana</span> <span class='ocrx_word' id='word_1_159' title='bbox 1489 2400 1688 2427; x_wconf 86' lang='lat' dir='ltr'>collectione</span> <span class='ocrx_word' id='word_1_160' title='bbox 1704 2403 1907 2427; x_wconf 84' lang='lat' dir='ltr'>asservatae</span> <span class='ocrx_word' id='word_1_161' title='bbox 1922 2404 2011 2433; x_wconf 87' lang='lat' dir='ltr'>sunt,</span> 
     </span>
     <span class='ocr_line' id='line_1_22' title="bbox 374 2446 2015 2485; baseline -0.002 -7"><span class='ocrx_word' id='word_1_162' title='bbox 374 2454 408 2478; x_wconf 86' lang='lat' dir='ltr'>et</span> <span class='ocrx_word' id='word_1_163' title='bbox 424 2449 727 2485; x_wconf 85' lang='lat' dir='ltr'>quadrimestrium</span> <span class='ocrx_word' id='word_1_164' title='bbox 742 2448 912 2475; x_wconf 86' lang='lat' dir='ltr'>defectum</span> <span class='ocrx_word' id='word_1_165' title='bbox 927 2449 1097 2482; x_wconf 87' lang='lat' dir='ltr'>supplent,</span> <span class='ocrx_word' id='word_1_166' title='bbox 1112 2455 1188 2475; x_wconf 90' lang='lat' dir='ltr'>cum</span> <span class='ocrx_word' id='word_1_167' title='bbox 1202 2448 1296 2474; x_wconf 91' lang='lat' dir='ltr'>nulla</span> <span class='ocrx_word' id='word_1_168' title='bbox 1312 2448 1391 2481; x_wconf 80' lang='lat' dir='ltr'>alia,</span> <span class='ocrx_word' id='word_1_169' title='bbox 1408 2448 1495 2482; x_wconf 91' lang='lat' dir='ltr'>quod</span> <span class='ocrx_word' id='word_1_170' title='bbox 1511 2448 1669 2481; x_wconf 84' lang='lat' dir='ltr'>sciamus,</span> <span class='ocrx_word' id='word_1_171' title='bbox 1685 2447 1904 2482; x_wconf 85' lang='lat' dir='ltr'>reperiantur</span> <span class='ocrx_word' id='word_1_172' title='bbox 1916 2446 2015 2474; x_wconf 80' lang='lat' dir='ltr'>docu—</span> 
     </span>
     <span class='ocr_line' id='line_1_23' title="bbox 372 2493 2013 2532; baseline -0.002 -7"><span class='ocrx_word' id='word_1_173' title='bbox 372 2501 505 2532; x_wconf 83' lang='lat' dir='ltr'>menta,</span> <span class='ocrx_word' id='word_1_174' title='bbox 522 2505 538 2523; x_wconf 93' lang='lat' dir='ltr'>e</span> <span class='ocrx_word' id='word_1_175' title='bbox 554 2497 674 2531; x_wconf 89' lang='lat' dir='ltr'>quibus</span> <span class='ocrx_word' id='word_1_176' title='bbox 689 2496 762 2523; x_wconf 89' lang='lat' dir='ltr'>erui</span> <span class='ocrx_word' id='word_1_177' title='bbox 775 2495 883 2530; x_wconf 90' lang='lat' dir='ltr'>possit</span> <span class='ocrx_word' id='word_1_178' title='bbox 898 2495 1020 2522; x_wconf 90' lang='lat' dir='ltr'>notitia</span> <span class='ocrx_word' id='word_1_179' title='bbox 1032 2502 1147 2522; x_wconf 88' lang='lat' dir='ltr'>rerum</span> <span class='ocrx_word' id='word_1_180' title='bbox 1162 2495 1195 2522; x_wconf 92' lang='lat' dir='ltr'>in</span> <span class='ocrx_word' id='word_1_181' title='bbox 1210 2495 1331 2522; x_wconf 82' lang='lat' dir='ltr'>Africa</span> <span class='ocrx_word' id='word_1_182' title='bbox 1352 2496 1416 2522; x_wconf 91' lang='lat' dir='ltr'>hoc</span> <span class='ocrx_word' id='word_1_183' title='bbox 1437 2499 1587 2529; x_wconf 90' lang='lat' dir='ltr'>tempore</span> <span class='ocrx_word' id='word_1_184' title='bbox 1609 2502 1630 2522; x_wconf 91' lang='lat' dir='ltr'>a</span> <span class='ocrx_word' id='word_1_185' title='bbox 1650 2494 1811 2522; x_wconf 88' lang='lat' dir='ltr'>Patribus</span> <span class='ocrx_word' id='word_1_186' title='bbox 1827 2493 2013 2522; x_wconf 87' lang='lat' dir='ltr'>Societatis</span> 
     </span>
     <span class='ocr_line' id='line_1_24' title="bbox 371 2541 2011 2581; baseline -0.003 -8"><span class='ocrx_word' id='word_1_187' title='bbox 371 2550 559 2579; x_wconf 86' lang='lat' dir='ltr'>gestarum.</span> <span class='ocrx_word' id='word_1_188' title='bbox 575 2544 648 2571; x_wconf 83' lang='lat' dir='ltr'>2,um</span> <span class='ocrx_word' id='word_1_189' title='bbox 665 2543 775 2571; x_wconf 87' lang='lat' dir='ltr'>editas</span> <span class='ocrx_word' id='word_1_190' title='bbox 787 2543 860 2578; x_wconf 89' lang='lat' dir='ltr'>jam</span> <span class='ocrx_word' id='word_1_191' title='bbox 874 2550 948 2569; x_wconf 88' lang='lat' dir='ltr'>esse</span> <span class='ocrx_word' id='word_1_192' title='bbox 964 2543 997 2570; x_wconf 90' lang='lat' dir='ltr'>in</span> <span class='ocrx_word' id='word_1_193' title='bbox 1013 2541 1137 2569; x_wconf 84' lang='lat' dir='ltr'>Cartas</span> <span class='ocrx_word' id='word_1_194' title='bbox 1156 2543 1198 2569; x_wconf 82' lang='lat' dir='ltr'>de</span> <span class='ocrx_word' id='word_1_195' title='bbox 1215 2542 1287 2569; x_wconf 84' lang='lat' dir='ltr'>San</span> <span class='ocrx_word' id='word_1_196' title='bbox 1302 2542 1460 2576; x_wconf 78' lang='lat' dir='ltr'>Ignacio,</span> <span class='ocrx_word' id='word_1_197' title='bbox 1475 2546 1499 2569; x_wconf 92' lang='lat' dir='ltr'>t.</span> <span class='ocrx_word' id='word_1_198' title='bbox 1516 2549 1562 2573; x_wconf 87' lang='lat'>111.</span> <span class='ocrx_word' id='word_1_199' title='bbox 1577 2550 1654 2581; x_wconf 84' lang='lat' dir='ltr'>pag.</span> <span class='ocrx_word' id='word_1_200' title='bbox 1668 2542 1722 2569; x_wconf 88' lang='lat'>512</span> <span class='ocrx_word' id='word_1_201' title='bbox 1736 2546 1769 2569; x_wconf 82' lang='lat' dir='ltr'>et</span> <span class='ocrx_word' id='word_1_202' title='bbox 1784 2549 1854 2576; x_wconf 91' lang='lat' dir='ltr'>seq.</span> <span class='ocrx_word' id='word_1_203' title='bbox 1878 2541 1943 2569; x_wconf 87' lang='lat' dir='ltr'>Sed</span> <span class='ocrx_word' id='word_1_204' title='bbox 1966 2542 2011 2568; x_wconf 94' lang='lat' dir='ltr'>ibi</span> 
     </span>
     <span class='ocr_line' id='line_1_25' title="bbox 370 2589 2014 2628; baseline -0.002 -8"><span class='ocrx_word' id='word_1_205' title='bbox 370 2594 511 2628; x_wconf 85' lang='lat' dir='ltr'>hispane</span> <span class='ocrx_word' id='word_1_206' title='bbox 528 2596 617 2626; x_wconf 90' lang='lat' dir='ltr'>sunt,</span> <span class='ocrx_word' id='word_1_207' title='bbox 639 2600 680 2619; x_wconf 87' lang='lat' dir='ltr'>ex</span> <span class='ocrx_word' id='word_1_208' title='bbox 701 2591 864 2618; x_wconf 79' lang='lat' dir='ltr'>Historia</span> <span class='ocrx_word' id='word_1_209' title='bbox 880 2591 998 2623; x_wconf 74' lang='lat' dir='ltr'>varia,</span> <span class='ocrx_word' id='word_1_210' title='bbox 1019 2590 1073 2617; x_wconf 89' lang='lat' dir='ltr'>hic</span> <span class='ocrx_word' id='word_1_211' title='bbox 1095 2590 1199 2617; x_wconf 89' lang='lat' dir='ltr'>latine</span> <span class='ocrx_word' id='word_1_212' title='bbox 1216 2598 1257 2617; x_wconf 83' lang='lat' dir='ltr'>ex</span> <span class='ocrx_word' id='word_1_213' title='bbox 1271 2597 1414 2618; x_wconf 86' lang='lat' dir='ltr'>romana</span> <span class='ocrx_word' id='word_1_214' title='bbox 1438 2590 1656 2624; x_wconf 86' lang='lat' dir='ltr'>collectione,</span> <span class='ocrx_word' id='word_1_215' title='bbox 1678 2590 1868 2624; x_wconf 86' lang='lat' dir='ltr'>desumpta.</span> <span class='ocrx_word' id='word_1_216' title='bbox 1885 2590 1959 2617; x_wconf 83' lang='lat' dir='ltr'>3.um</span> <span class='ocrx_word' id='word_1_217' title='bbox 1973 2589 2014 2616; x_wconf 87' lang='lat' dir='ltr'>In</span> 
     </span>
     <span class='ocr_line' id='line_1_26' title="bbox 373 2636 2016 2672; baseline -0.004 -4"><span class='ocrx_word' id='word_1_218' title='bbox 373 2641 499 2668; x_wconf 74' lang='lat' dir='ltr'>cartas</span> <span class='ocrx_word' id='word_1_219' title='bbox 513 2640 555 2667; x_wconf 84' lang='lat' dir='ltr'>de</span> <span class='ocrx_word' id='word_1_220' title='bbox 571 2639 643 2666; x_wconf 84' lang='lat' dir='ltr'>San</span> <span class='ocrx_word' id='word_1_221' title='bbox 658 2639 815 2672; x_wconf 75' lang='lat' dir='ltr'>Ignacio,</span> <span class='ocrx_word' id='word_1_222' title='bbox 829 2639 850 2665; x_wconf 91' lang='lat'>1.</span> <span class='ocrx_word' id='word_1_223' title='bbox 867 2645 907 2671; x_wconf 89' lang='lat' dir='ltr'>c.,</span> <span class='ocrx_word' id='word_1_224' title='bbox 924 2638 1047 2665; x_wconf 86' lang='lat' dir='ltr'>missae</span> <span class='ocrx_word' id='word_1_225' title='bbox 1063 2637 1221 2664; x_wconf 89' lang='lat' dir='ltr'>dicuntur</span> <span class='ocrx_word' id='word_1_226' title='bbox 1236 2637 1333 2665; x_wconf 88' lang='lat' dir='ltr'>Patri</span> <span class='ocrx_word' id='word_1_227' title='bbox 1350 2637 1537 2665; x_wconf 87' lang='lat' dir='ltr'>Francisco</span> <span class='ocrx_word' id='word_1_228' title='bbox 1551 2637 1659 2665; x_wconf 87' lang='lat' dir='ltr'>Viera</span> <span class='ocrx_word' id='word_1_229' title='bbox 1674 2637 1780 2670; x_wconf 87' lang='lat' dir='ltr'>(forte</span> <span class='ocrx_word' id='word_1_230' title='bbox 1797 2637 1875 2671; x_wconf 88' lang='lat' dir='ltr'>quia</span> <span class='ocrx_word' id='word_1_231' title='bbox 1896 2636 2016 2664; x_wconf 79' lang='lat' dir='ltr'>Nufiez.</span> 
     </span>
     <span class='ocr_line' id='line_1_27' title="bbox 370 2684 2011 2722; baseline -0.002 -7"><span class='ocrx_word' id='word_1_232' title='bbox 370 2688 441 2722; x_wconf 90' lang='lat' dir='ltr'>ipse</span> <span class='ocrx_word' id='word_1_233' title='bbox 457 2687 623 2722; x_wconf 89' lang='lat' dir='ltr'>quasdam</span> <span class='ocrx_word' id='word_1_234' title='bbox 637 2687 714 2714; x_wconf 87' lang='lat' dir='ltr'>huic</span> <span class='ocrx_word' id='word_1_235' title='bbox 730 2686 916 2713; x_wconf 87' lang='lat' dir='ltr'>Francisco</span> <span class='ocrx_word' id='word_1_236' title='bbox 931 2685 1062 2712; x_wconf 88' lang='lat' dir='ltr'>dedisse</span> <span class='ocrx_word' id='word_1_237' title='bbox 1077 2685 1138 2712; x_wconf 90' lang='lat' dir='ltr'>sub</span> <span class='ocrx_word' id='word_1_238' title='bbox 1154 2685 1217 2712; x_wconf 90' lang='lat' dir='ltr'>hoc</span> <span class='ocrx_word' id='word_1_239' title='bbox 1233 2688 1366 2719; x_wconf 83' lang='lat' dir='ltr'>tempus</span> <span class='ocrx_word' id='word_1_240' title='bbox 1380 2685 1517 2712; x_wconf 90' lang='lat' dir='ltr'>litteras</span> <span class='ocrx_word' id='word_1_241' title='bbox 1533 2685 1708 2718; x_wconf 85' lang='lat' dir='ltr'>affirmat);</span> <span class='ocrx_word' id='word_1_242' title='bbox 1725 2684 1784 2711; x_wconf 88' lang='lat' dir='ltr'>sed</span> <span class='ocrx_word' id='word_1_243' title='bbox 1799 2692 1894 2712; x_wconf 88' lang='lat' dir='ltr'>error</span> <span class='ocrx_word' id='word_1_244' title='bbox 1909 2684 2011 2712; x_wconf 89' lang='lat' dir='ltr'>mani-</span> 
     </span>
     <span class='ocr_line' id='line_1_28' title="bbox 369 2732 2011 2769; baseline -0.002 -6"><span class='ocrx_word' id='word_1_245' title='bbox 369 2736 476 2763; x_wconf 80' lang='lat' dir='ltr'>festus</span> <span class='ocrx_word' id='word_1_246' title='bbox 492 2738 560 2769; x_wconf 84' lang='lat' dir='ltr'>est;</span> <span class='ocrx_word' id='word_1_247' title='bbox 577 2742 654 2762; x_wconf 87' lang='lat' dir='ltr'>nam</span> <span class='ocrx_word' id='word_1_248' title='bbox 669 2734 701 2761; x_wconf 92' lang='lat' dir='ltr'>in</span> <span class='ocrx_word' id='word_1_249' title='bbox 717 2734 773 2761; x_wconf 84' lang='lat' dir='ltr'>sol.</span> <span class='ocrx_word' id='word_1_250' title='bbox 794 2733 848 2761; x_wconf 88' lang='grc'>310</span> <span class='ocrx_word' id='word_1_251' title='bbox 862 2733 1046 2760; x_wconf 75' lang='lat' dir='ltr'>Historiae</span> <span class='ocrx_word' id='word_1_252' title='bbox 1061 2733 1198 2765; x_wconf 79' lang='lat' dir='ltr'>variae,</span> <span class='ocrx_word' id='word_1_253' title='bbox 1223 2740 1265 2759; x_wconf 84' lang='lat' dir='ltr'>ex</span> <span class='ocrx_word' id='word_1_254' title='bbox 1281 2740 1344 2766; x_wconf 91' lang='lat' dir='ltr'>quo</span> <span class='ocrx_word' id='word_1_255' title='bbox 1360 2733 1581 2767; x_wconf 84' lang='lat' dir='ltr'>depromptae</span> <span class='ocrx_word' id='word_1_256' title='bbox 1596 2733 1675 2759; x_wconf 87' lang='lat' dir='ltr'>illae</span> <span class='ocrx_word' id='word_1_257' title='bbox 1692 2732 1857 2766; x_wconf 84' lang='lat' dir='ltr'>hispanae</span> <span class='ocrx_word' id='word_1_258' title='bbox 1871 2735 1960 2766; x_wconf 89' lang='lat' dir='ltr'>sunt,</span> <span class='ocrx_word' id='word_1_259' title='bbox 1976 2735 2011 2759; x_wconf 89' lang='lat' dir='ltr'>et</span> 
     </span>
     <span class='ocr_line' id='line_1_29' title="bbox 368 2773 2009 2817; baseline -0.002 -7"><span class='ocrx_word' id='word_1_260' title='bbox 368 2784 422 2810; x_wconf 91' lang='lat' dir='ltr'>hic</span> <span class='ocrx_word' id='word_1_261' title='bbox 437 2783 527 2810; x_wconf 86' lang='lat' dir='ltr'>inter</span> <span class='ocrx_word' id='word_1_262' title='bbox 542 2782 821 2817; x_wconf 88' lang='lat' dir='ltr'>quadrimestres,</span> <span class='ocrx_word' id='word_1_263' title='bbox 833 2780 929 2808; x_wconf 83' lang='lat' dir='ltr'>Patri</span> <span class='ocrx_word' id='word_1_264' title='bbox 943 2780 1154 2807; x_wconf 88' lang='lat' dir='ltr'>Bernardino</span> <span class='ocrx_word' id='word_1_265' title='bbox 1166 2780 1477 2814; x_wconf 89' lang='lat' dir='ltr'>superscribuntur,</span> <span class='ocrx_word' id='word_1_266' title='bbox 1489 2784 1522 2807; x_wconf 90' lang='lat' dir='ltr'>et</span> <span class='ocrx_word' id='word_1_267' title='bbox 1534 2779 1669 2807; x_wconf 90' lang='lat' dir='ltr'>aliunde</span> <span class='ocrx_word' id='word_1_268' title='bbox 1684 2780 1807 2807; x_wconf 87' lang='lat' dir='ltr'>scimus</span> <span class='ocrx_word' id='word_1_269' title='bbox 1821 2787 1887 2806; x_wconf 91' lang='lat' dir='ltr'>non</span> <span class='ocrx_word' id='word_1_270' title='bbox 1902 2773 2009 2806; x_wconf 64' lang='lat' dir='ltr'>Fran&#39;-</span> 
     </span>
     <span class='ocr_line' id='line_1_30' title="bbox 369 2827 2011 2862; baseline -0.003 -4"><span class='ocrx_word' id='word_1_271' title='bbox 369 2831 460 2858; x_wconf 89' lang='lat' dir='ltr'>cisco</span> <span class='ocrx_word' id='word_1_272' title='bbox 475 2830 582 2857; x_wconf 88' lang='lat' dir='ltr'>Viera</span> <span class='ocrx_word' id='word_1_273' title='bbox 597 2830 656 2857; x_wconf 91' lang='lat' dir='ltr'>sed</span> <span class='ocrx_word' id='word_1_274' title='bbox 670 2829 883 2856; x_wconf 86' lang='lat' dir='ltr'>Bernardino</span> <span class='ocrx_word' id='word_1_275' title='bbox 898 2836 918 2855; x_wconf 92' lang='lat' dir='ltr'>a</span> <span class='ocrx_word' id='word_1_276' title='bbox 932 2827 1083 2862; x_wconf 85' lang='lat' dir='ltr'>Regibus</span> <span class='ocrx_word' id='word_1_277' title='bbox 1108 2835 1128 2855; x_wconf 88' lang='lat' dir='ltr'>a</span> <span class='ocrx_word' id='word_1_278' title='bbox 1146 2829 1354 2862; x_wconf 81' lang='lat' dir='ltr'>praeposito</span> <span class='ocrx_word' id='word_1_279' title='bbox 1374 2830 1493 2854; x_wconf 83' lang='lat' dir='ltr'>nostro</span> <span class='ocrx_word' id='word_1_280' title='bbox 1515 2828 1639 2854; x_wconf 79' lang='lat' dir='ltr'>datum</span> <span class='ocrx_word' id='word_1_281' title='bbox 1663 2834 1740 2854; x_wconf 82' lang='lat' dir='ltr'>esse</span> <span class='ocrx_word' id='word_1_282' title='bbox 1762 2827 1940 2861; x_wconf 77' lang='lat' dir='ltr'>negotium</span> <span class='ocrx_word' id='word_1_283' title='bbox 1957 2827 2011 2853; x_wconf 88' lang='lat' dir='ltr'>uti</span> 
     </span>
     <span class='ocr_line' id='line_1_31' title="bbox 368 2875 1484 2913; baseline -0.004 -8"><span class='ocrx_word' id='word_1_284' title='bbox 368 2877 572 2913; x_wconf 89' lang='lat' dir='ltr'>Ulyssipone</span> <span class='ocrx_word' id='word_1_285' title='bbox 589 2877 715 2904; x_wconf 76' lang='lat' dir='ltr'>horum</span> <span class='ocrx_word' id='word_1_286' title='bbox 733 2875 996 2903; x_wconf 81' lang='lat' dir='ltr'>miserabilium</span> <span class='ocrx_word' id='word_1_287' title='bbox 1013 2876 1239 2909; x_wconf 77' lang='lat' dir='ltr'>captivorum</span> <span class='ocrx_word' id='word_1_288' title='bbox 1257 2882 1314 2902; x_wconf 87' lang='lat' dir='ltr'>res</span> <span class='ocrx_word' id='word_1_289' title='bbox 1331 2877 1484 2902; x_wconf 76' lang='lat' dir='ltr'>curaret.</span> 
     </span>
    </p>

    <p class='ocr_par' dir='ltr' id='par_1_9' title="bbox 368 2921 2013 3053">
     <span class='ocr_line' id='line_1_32' title="bbox 423 2921 2013 2959; baseline -0.002 -7"><span class='ocrx_word' id='word_1_290' title='bbox 423 2924 575 2952; x_wconf 88' lang='lat' dir='ltr'>Tandem</span> <span class='ocrx_word' id='word_1_291' title='bbox 586 2931 672 2959; x_wconf 89' lang='lat' dir='ltr'>quae</span> <span class='ocrx_word' id='word_1_292' title='bbox 688 2924 797 2958; x_wconf 88' lang='lat' dir='ltr'>primo</span> <span class='ocrx_word' id='word_1_293' title='bbox 813 2927 845 2951; x_wconf 88' lang='lat' dir='ltr'>et</span> <span class='ocrx_word' id='word_1_294' title='bbox 861 2923 1007 2951; x_wconf 88' lang='lat' dir='ltr'>secundo</span> <span class='ocrx_word' id='word_1_295' title='bbox 1024 2923 1096 2950; x_wconf 92' lang='lat' dir='ltr'>loco</span> <span class='ocrx_word' id='word_1_296' title='bbox 1109 2923 1428 2955; x_wconf 84' lang='lat' dir='ltr'>animadvertimus,</span> <span class='ocrx_word' id='word_1_297' title='bbox 1444 2923 1660 2957; x_wconf 88' lang='lat' dir='ltr'>applicentur</span> <span class='ocrx_word' id='word_1_298' title='bbox 1672 2926 1807 2957; x_wconf 89' lang='lat' dir='ltr'>oportet</span> <span class='ocrx_word' id='word_1_299' title='bbox 1823 2926 1856 2949; x_wconf 89' lang='lat' dir='ltr'>et</span> <span class='ocrx_word' id='word_1_300' title='bbox 1872 2921 2013 2955; x_wconf 70' lang='lat' dir='ltr'>litteriS,</span> 
     </span>
     <span class='ocr_line' id='line_1_33' title="bbox 368 2969 2011 3007; baseline -0.002 -7"><span class='ocrx_word' id='word_1_301' title='bbox 368 2979 452 3007; x_wconf 87' lang='lat' dir='ltr'>quas</span> <span class='ocrx_word' id='word_1_302' title='bbox 467 2979 581 3006; x_wconf 82' lang='lat' dir='ltr'>supra,</span> <span class='ocrx_word' id='word_1_303' title='bbox 597 2979 629 2999; x_wconf 91' lang='lat' dir='ltr'>n.</span> <span class='ocrx_word' id='word_1_304' title='bbox 645 2979 700 3006; x_wconf 87' lang='lat' dir='ltr'>ce,</span> <span class='ocrx_word' id='word_1_305' title='bbox 716 2979 795 3005; x_wconf 84' lang='lat' dir='ltr'>pag.</span> <span class='ocrx_word' id='word_1_306' title='bbox 809 2970 870 3004; x_wconf 74' lang='lat'>160,</span> <span class='ocrx_word' id='word_1_307' title='bbox 885 2970 1054 3004; x_wconf 88' lang='lat' dir='ltr'>dedimus,</span> <span class='ocrx_word' id='word_1_308' title='bbox 1071 2970 1223 3005; x_wconf 85' lang='lat' dir='ltr'>ejusdem</span> <span class='ocrx_word' id='word_1_309' title='bbox 1246 2970 1360 2997; x_wconf 87' lang='lat' dir='ltr'>Patris</span> <span class='ocrx_word' id='word_1_310' title='bbox 1382 2970 1498 2998; x_wconf 77' lang='lat' dir='ltr'>Nunez</span> <span class='ocrx_word' id='word_1_311' title='bbox 1521 2971 1564 2996; x_wconf 88' lang='lat' dir='ltr'>ad</span> <span class='ocrx_word' id='word_1_312' title='bbox 1588 2970 1795 3004; x_wconf 89' lang='lat' dir='ltr'>Episcopum</span> <span class='ocrx_word' id='word_1_313' title='bbox 1821 2969 2011 2996; x_wconf 87' lang='lat' dir='ltr'>Cellensem</span> 
     </span>
     <span class='ocr_line' id='line_1_34' title="bbox 369 3018 925 3053; baseline -0.005 -6"><span class='ocrx_word' id='word_1_314' title='bbox 369 3020 426 3053; x_wconf 84' lang='lat' dir='ltr'>(de</span> <span class='ocrx_word' id='word_1_315' title='bbox 442 3019 534 3047; x_wconf 82' lang='lat' dir='ltr'>Celte</span> <span class='ocrx_word' id='word_1_316' title='bbox 549 3019 712 3046; x_wconf 90' lang='lat' dir='ltr'>scribitur</span> <span class='ocrx_word' id='word_1_317' title='bbox 726 3019 758 3045; x_wconf 91' lang='lat' dir='ltr'>in</span> <span class='ocrx_word' id='word_1_318' title='bbox 776 3018 925 3053; x_wconf 83' lang='lat' dir='ltr'>Cartas).</span> 
     </span>
    </p>

    <p class='ocr_par' dir='ltr' id='par_1_10' title="bbox 418 3064 1898 3100">
     <span class='ocr_line' id='line_1_35' title="bbox 418 3064 1898 3100; baseline -0.001 -7"><span class='ocrx_word' id='word_1_319' title='bbox 418 3067 432 3086; x_wconf 71' lang='lat'>2</span> <span class='ocrx_word' id='word_1_320' title='bbox 474 3066 509 3093; x_wconf 88' lang='lat' dir='ltr'>P.</span> <span class='ocrx_word' id='word_1_321' title='bbox 527 3066 760 3093; x_wconf 87' lang='lat' dir='ltr'>Bernardinus</span> <span class='ocrx_word' id='word_1_322' title='bbox 775 3073 795 3093; x_wconf 90' lang='lat' dir='ltr'>a</span> <span class='ocrx_word' id='word_1_323' title='bbox 811 3065 972 3100; x_wconf 86' lang='lat' dir='ltr'>Regibus,</span> <span class='ocrx_word' id='word_1_324' title='bbox 988 3065 1047 3092; x_wconf 88' lang='lat' dir='ltr'>dos</span> <span class='ocrx_word' id='word_1_325' title='bbox 1062 3065 1153 3100; x_wconf 90' lang='lat' dir='ltr'>Reis,</span> <span class='ocrx_word' id='word_1_326' title='bbox 1166 3065 1245 3092; x_wconf 91' lang='lat' dir='ltr'>olim</span> <span class='ocrx_word' id='word_1_327' title='bbox 1260 3065 1416 3098; x_wconf 78' lang='lat' dir='ltr'>Escalco.</span> <span class='ocrx_word' id='word_1_328' title='bbox 1432 3064 1517 3092; x_wconf 90' lang='lat' dir='ltr'>Vide</span> <span class='ocrx_word' id='word_1_329' title='bbox 1533 3071 1646 3099; x_wconf 88' lang='lat' dir='ltr'>supra,</span> <span class='ocrx_word' id='word_1_330' title='bbox 1664 3068 1687 3091; x_wconf 91' lang='lat' dir='ltr'>t.</span> <span class='ocrx_word' id='word_1_331' title='bbox 1705 3072 1725 3099; x_wconf 79' lang='lat'>1,</span> <span class='ocrx_word' id='word_1_332' title='bbox 1742 3071 1820 3098; x_wconf 88' lang='lat' dir='ltr'>pag.</span> <span class='ocrx_word' id='word_1_333' title='bbox 1837 3064 1898 3091; x_wconf 84' lang='lat'>571.</span> 
     </span>
    </p>

    <p class='ocr_par' dir='ltr' id='par_1_11' title="bbox 421 3103 1655 3148">
     <span class='ocr_line' id='line_1_36' title="bbox 421 3103 1655 3148; baseline -0.002 -7"><span class='ocrx_word' id='word_1_334' title='bbox 421 3114 434 3134; x_wconf 79' lang='lat'>³</span> <span class='ocrx_word' id='word_1_335' title='bbox 471 3113 558 3141; x_wconf 88' lang='lat' dir='ltr'>Vide</span> <span class='ocrx_word' id='word_1_336' title='bbox 575 3114 734 3147; x_wconf 74' lang='grc' dir='ltr'>ΡοιΑΝςι,</span> <span class='ocrx_word' id='word_1_337' title='bbox 750 3112 953 3147; x_wconf 77' lang='lat' dir='ltr'>chronicon,</span> <span class='ocrx_word' id='word_1_338' title='bbox 969 3117 992 3140; x_wconf 90' lang='lat' dir='ltr'>t.</span> <span class='ocrx_word' id='word_1_339' title='bbox 1009 3120 1030 3146; x_wconf 84' lang='lat'>1,</span> <span class='ocrx_word' id='word_1_340' title='bbox 1047 3120 1125 3148; x_wconf 86' lang='lat' dir='ltr'>pag.</span> <span class='ocrx_word' id='word_1_341' title='bbox 1145 3113 1207 3146; x_wconf 76' lang='lat'>327,</span> <span class='ocrx_word' id='word_1_342' title='bbox 1224 3120 1302 3140; x_wconf 87' lang='lat' dir='ltr'>ann.</span> <span class='ocrx_word' id='word_1_343' title='bbox 1320 3112 1398 3145; x_wconf 63' lang='lat'>1518,</span> <span class='ocrx_word' id='word_1_344' title='bbox 1415 3120 1446 3139; x_wconf 89' lang='lat' dir='ltr'>n.</span> <span class='ocrx_word' id='word_1_345' title='bbox 1462 3112 1525 3139; x_wconf 71' lang='lat'>289.</span> <span class='ocrx_word' id='word_1_346' title='bbox 1653 3103 1655 3106; x_wconf 55' lang='grc'>’</span> 
     </span>
    </p>
   </div>
  </div>
 </body>
</html>
