2168 3437
328 249 400 289 ‘218
840 248 1067 285 LITTERAE
1094 257 1452 289 QUADRIMESTRES

328 354 425 388 tam
446 347 635 398 impigri
657 347 715 386 ad
737 345 1069 385 instituendam
1090 345 1212 384 hanc
1231 343 1539 395 juventutem,
1564 350 1660 384 tam
1681 344 1885 396 prompti
1906 344 1965 383 ad

330 419 427 459 eius
449 429 603 458 mores
624 417 897 457 formandos
919 423 964 457 et
985 421 1081 457 tam
1102 416 1370 456 obedientes
1390 416 1587 467 denique
1608 422 1716 456 tuae
1735 415 1783 455 P.
1804 416 1968 456 volun-

330 489 436 539 tati,
475 500 615 540 quam
650 499 700 527 se
734 498 908 538 magna
944 487 1130 527 occasio
1169 486 1227 526 ad
1262 487 1429 526 uberes
1462 486 1644 526 fructus
1679 486 1965 537 colligendos

331 560 546 600 ostendit.

408 631 469 671 Ut
491 630 647 670 omnia
674 629 818 680 igitur
845 628 1007 669 ordine
1036 629 1262 677 scribam,
1292 628 1346 668 R.
1377 627 1427 668 P.
1460 628 1733 668 Emmanuel
1758 627 1964 667 Alvarez

330 713 514 741 mecum
535 700 805 741 Conimbria
827 699 1065 752 profectus
1086 705 1155 739 est
1177 705 1346 739 octavo
1369 700 1458 739 cal.
1480 698 1745 749 Februarii,
1769 698 1847 750 qui
1867 698 1966 738 dies

329 771 388 812 D.
415 771 549 812 Pauli
569 771 867 812 conversioni
888 776 958 811 est
979 782 1127 811 sacer.
1151 770 1202 810 In
1223 770 1403 820 itinere,
1427 781 1532 810 cum
1553 781 1690 809 mane
1712 775 1964 820 antequam

329 844 415 883 iter
441 842 810 894 ingrederemur,
843 849 942 883 tum
967 842 1154 893 vesperi
1183 847 1435 892 antequam
1462 841 1634 881 iremus
1662 840 1721 880 ad
1749 840 1963 881 Xenodo-

330 914 510 965 chium,
534 914 581 954 in
603 914 778 966 aliquot
806 913 989 965 oppidis
1016 925 1121 953 cum
1152 912 1422 964 oppidaniS,
1452 912 1529 964 qui
1559 912 1697 952 huius
1723 912 1791 952 rei
1822 922 1966 951 causa

331 985 672 1026 conveniebant
693 985 740 1025 in
761 985 1004 1036 templum,
1028 984 1172 1024 locuti
1193 994 1366 1023 sumus.
1396 983 1476 1023 Bis
1506 983 1646 1022 etiam
1672 982 1836 1022 vocari
1866 994 1964 1034 per-

331 1057 502 1096 multos
522 1068 693 1108 pueros
713 1056 930 1106 fecimus,
955 1056 1032 1107 qui
1063 1060 1106 1095 et
1135 1054 1322 1095 divinae
1351 1054 1470 1105 legis
1498 1059 1750 1105 praecepta
1779 1054 1967 1105 vulgari

332 1128 539 1168 carmine
560 1127 736 1178 scripta
759 1132 1025 1177 cantantes,
1050 1131 1094 1166 et
1116 1138 1191 1175 ea,
1216 1137 1335 1177 quae
1364 1137 1390 1164 a
1420 1125 1554 1165 nobis
1584 1125 1812 1165 adversus
1838 1124 1968 1176 flagi-

331 1199 501 1238 tiosam
521 1198 706 1238 iurandi
728 1196 1114 1238 consuetudinem
1136 1196 1426 1244 dicebantur,
1447 1201 1620 1235 attente
1638 1194 1898 1246 audientes,
1923 1201 1969 1236 et

331 1269 519 1309 veniam
542 1281 567 1309 a
589 1280 638 1308 se
660 1274 818 1308 mutuo
840 1273 1051 1320 petentes
1071 1267 1319 1319 puerilium
1335 1267 1637 1312 iniuriarum,
1668 1266 1846 1306 itineris
1873 1278 1965 1306 mo-

330 1341 513 1381 lestiam
541 1340 824 1380 minuebant.
862 1339 914 1379 In
945 1339 1147 1390 quodam
1178 1338 1348 1390 oppido
1379 1338 1692 1389 gravissimae
1724 1343 1858 1377 erant
1887 1337 1967 1377 ini-

331 1412 534 1452 micitiae
558 1412 676 1451 inter
697 1411 813 1451 duas
833 1411 1057 1451 honestas
1077 1410 1326 1459 foeminas,
1355 1421 1553 1461 quarum
1584 1410 1730 1449 altera
1752 1409 1964 1460 quintum

331 1484 425 1523 iam
445 1495 652 1523 mensem
674 1489 773 1523 erat
795 1483 841 1522 in
863 1494 1054 1522 carcere
1075 1493 1182 1522 cum
1210 1481 1402 1530 ancilla,
1433 1481 1555 1532 quod
1586 1481 1782 1520 alteram
1811 1479 1969 1520 foemi-

332 1567 442 1595 nam
462 1555 808 1595 verberassent.
832 1552 1102 1593 Accedebat
1124 1553 1183 1593 ad
1204 1553 1303 1592 eius
1324 1553 1539 1592 miserias
1568 1552 1731 1603 gravis
1762 1552 1967 1602 morbus,

332 1638 469 1679 quem
489 1625 875 1678 importuniorem
896 1625 985 1665 loci
1001 1624 1236 1664 faciebant
1253 1623 1513 1675 angustiae.
1533 1622 1624 1663 Sed
1645 1622 1771 1663 Deus
1797 1622 1847 1662 Ο.
1867 1622 1970 1661 Μα-

333 1698 519 1748 mimus,
542 1697 674 1737 cuius
695 1696 742 1736 in
762 1708 904 1736 manu
926 1701 1088 1736 nostra
1109 1702 1215 1735 sunt
1238 1694 1417 1745 omnia,
1442 1694 1509 1734 sic
1542 1694 1646 1734 odia
1668 1693 1785 1733 haec
1807 1693 1970 1733 restin-

334 1769 420 1820 xit,
450 1774 500 1809 ut
531 1780 624 1809 non
653 1768 790 1808 modo
819 1779 940 1819 quae
973 1766 1125 1807 fuerat
1159 1767 1287 1806 laesa
1320 1778 1347 1806 a
1380 1764 1705 1817 persequenda
1739 1764 1971 1805 destiterit

332 1841 522 1888 iniuria,
549 1840 630 1880 sed
652 1840 711 1880 ad
733 1850 971 1880 carcerem
993 1838 1133 1878 etiam
1156 1849 1262 1878 cum
1288 1848 1461 1888 magna
1489 1836 1632 1876 totius
1663 1836 1841 1887 oppidi,
1873 1841 1971 1876 tum

332 1912 657 1961 admiratione,
683 1916 781 1950 tum
801 1909 978 1950 laetitia
998 1908 1195 1957 venerit,
1218 1913 1268 1948 ut
1285 1913 1529 1958 aegrotam
1549 1907 1789 1947 inviseret.

412 1983 664 2034 Postquam
681 1982 1013 2033 Ulyssiponem
1034 1979 1262 2030 venimus,
1284 1978 1516 2018 adventus
1536 1978 1688 2017 nostri
1710 1989 1905 2018 causam
1926 1983 1971 2016 et

331 2060 439 2095 tuae
469 2053 518 2094 P.
549 2054 843 2093 voluntatem
871 2051 1215 2092 declaravimus
1241 2050 1357 2090 viris
1392 2049 1566 2101 aliquot
1597 2055 1641 2088 et
1671 2049 1897 2100 religione
1927 2054 1971 2088 et

332 2126 543 2167 doctrina
567 2124 750 2165 eximiis
770 2129 820 2164 ut
840 2123 1040 2163 instituti
1067 2121 1305 2174 gymnasii
1333 2121 1565 2161 rationem
1594 2121 1641 2160 in
1669 2119 1971 2160 concionibus

331 2196 503 2249 populo
538 2196 848 2236 declararent.
880 2194 1003 2235 Inter
1034 2205 1150 2246 quos
1180 2200 1282 2233 erat
1312 2192 1365 2233 R.
1399 2192 1449 2232 P.
1483 2191 1721 2243 Montoya,
1758 2196 1972 2231 nostrum

334 2269 540 2309 omnium
558 2267 907 2308 amantissimus
920 2272 964 2306 et
978 2265 1398 2306 Dominicanorum
1413 2263 1697 2313 Moderator,
1712 2274 1850 2314 quem
1861 2261 1971 2302 Pro-

332 2340 583 2381 vincialem
600 2343 788 2388 vocant,
807 2337 895 2388 vir,
916 2342 966 2377 ut
988 2336 1104 2377 alias
1122 2336 1220 2376 eius
1242 2335 1506 2386 singulares
1523 2335 1721 2374 virtutes
1743 2333 1966 2381 omittam,

333 2411 578 2463 flagrantis
600 2409 741 2450 studii
761 2409 820 2449 ad
841 2408 1081 2449 hominum
1102 2408 1216 2447 vitia
1238 2406 1533 2458 extirpanda,
1556 2406 1705 2446 nostri
1727 2411 1853 2445 certe
1869 2416 1967 2456 per-

335 2483 585 2523 studiosus.
608 2481 668 2521 Hi
690 2492 796 2521 cum
825 2479 1023 2520 caeteris
1050 2484 1146 2519 tam
1175 2478 1468 2518 fructuosum
1497 2478 1705 2517 laborem
1736 2477 1860 2516 hunc
1891 2488 1969 2516 no—

334 2561 459 2594 strae
481 2552 729 2593 Societatis
750 2551 1019 2592 christianis
1041 2550 1275 2600 omnibus,
1300 2560 1394 2589 non
1414 2548 1552 2588 modo
1580 2547 1834 2598 iuventuti,
1867 2558 1969 2586 esse

335 2626 685 2674 intellexerunt,
711 2629 759 2663 ut
781 2634 884 2662 eam
905 2622 980 2662 vel
1002 2622 1151 2661 solam
1172 2621 1403 2660 rationem
1431 2631 1532 2659 esse
1562 2618 1770 2659 dicerent
1798 2618 1969 2658 instau-

335 2696 469 2736 randi
490 2696 733 2747 antiquum
753 2694 882 2734 illum
903 2692 1150 2733 christiani
1169 2692 1328 2743 populi
1350 2691 1601 2741 fervorem,
1626 2690 1704 2742 qui
1724 2695 1970 2740 tantopere

334 2767 424 2807 iam
449 2766 617 2817 ubique
638 2763 820 2805 refrixit
841 2770 979 2816 atque
1001 2763 1117 2804 adeo
1139 2763 1186 2802 in
1207 2763 1363 2802 multis
1383 2761 1653 2813 regionibus
1675 2760 1859 2811 penitus
1893 2771 1969 2799 ex-

333 2838 505 2877 tinctus
526 2842 616 2886 est;
641 2848 782 2888 quam
803 2847 966 2876 eorum
987 2834 1266 2875 sententiam
1297 2845 1404 2873 cum
1432 2833 1549 2872 haec
1580 2832 1692 2872 urbs
1720 2831 1971 2871 intellexis-

334 2915 424 2959 set,
449 2919 704 2948 concursus
727 2908 850 2947 illico
873 2917 1073 2957 magnus
1099 2905 1252 2945 factus
1281 2911 1370 2953 est,
1404 2904 1672 2955 receptique
1704 2908 1810 2942 sunt
1840 2901 1972 2941 multi

335 2980 539 3031 optimae
561 2979 730 3019 indolis
752 2977 1073 3018 adolescentes
1094 2976 1166 3016 his
1184 2975 1546 3016 conditionibus:
1567 2981 1616 3014 ut
1633 2973 1830 3032 singulis
1846 2984 1967 3012 men-

336 3051 463 3091 sibus
484 3049 542 3090 ad
572 3048 844 3101 purgandos
873 3048 1055 3088 animos
1085 3048 1129 3087 in
1159 3053 1323 3087 sancta
1351 3045 1645 3086 confessione
1673 3044 1966 3093 accederent,
