2168 3437
937 233 1021 270 AN.
1052 233 1143 271 1553
1790 231 1860 270 459

225 331 384 371 ristiae
402 336 698 371 sacramento
714 329 942 370 tradendo
959 335 1185 369 vacarent
1199 329 1377 379 Patres,
1393 341 1480 369 nec
1497 329 1619 369 enim
1636 329 1712 369 vel
1728 328 1858 368 festis

224 395 301 441 xiel
322 401 568 441 dominicis
590 401 751 441 diebus
773 401 986 440 omnibus
1009 401 1145 440 simul
1166 406 1384 452 poterant
1405 399 1668 440 subvenire.

305 471 435 523 Sunt,
460 478 509 512 ut
529 472 757 520 Videmus,
781 471 834 511 R.
859 471 925 521 P.,
951 472 1261 512 lusitanorum
1283 471 1491 511 omnium
1513 471 1656 511 animi
1684 470 1858 520 (divino

225 543 464 593 beneficio)
487 543 534 583 in
554 549 765 583 nostram
791 543 1167 582 benevolentiam
1198 543 1408 593 adducti;
1438 543 1675 593 multaque
1704 542 1858 581 subse-

223 620 355 665 cuta,
397 626 514 665 quae
554 615 840 665 singularem
876 614 965 653 Dei
999 614 1278 654 charitatem
1308 614 1355 653 in
1394 614 1544 665 ipsam
1577 612 1860 654 Societatem

225 684 364 724 facile
399 685 661 734 declarant,
699 696 817 736 quae
852 684 947 724 iam
981 696 1105 724 nunc
1147 696 1343 724 narrare
1380 685 1615 736 incipiam.
1652 684 1860 724 Primum

224 767 427 807 namque
448 767 560 795 vere
589 755 874 808 christianus
895 754 1015 805 Rex,
1040 755 1162 806 quod
1184 756 1277 795 iam
1308 762 1445 795 antea
1477 756 1664 807 saepius
1692 756 1859 795 consti·

225 832 394 877 tuerat,
417 838 540 866 nunc
563 826 752 866 omnino
772 826 995 876 decrevit,
1019 832 1069 866 ut
1091 827 1267 866 scilicet
1289 839 1347 866 ex
1374 827 1547 866 nostris
1569 827 1736 878 aliquis
1756 839 1860 878 pro-

223 896 391 937 vinciis
426 896 577 937 Presti
610 897 805 949 joannis
839 897 1113 948 patriarcha
1147 896 1472 948 praeficiatur;
1506 897 1638 937 cuius
1674 903 1770 937 tam
1798 898 1863 950 pii

226 967 446 1007 desiderii
466 966 708 1007 Summum
728 967 1015 1017 Pontificem,
1041 979 1175 1007 suum
1197 969 1418 1018 legatum,
1449 980 1633 1008 necnon
1654 968 1705 1008 T.
1731 968 1785 1009 R.
1810 969 1859 1009 P.

223 1038 472 1078 certiorem
493 1038 615 1089 fecit,
650 1038 725 1078 cui
751 1038 893 1078 totius
921 1050 1152 1078 summam
1181 1044 1224 1078 et
1251 1044 1531 1089 potestatem
1564 1039 1631 1079 rei
1658 1039 1860 1090 delegat,

225 1109 349 1160 quod
380 1109 419 1149 si
445 1109 547 1159 fiat,
585 1108 872 1149 incredibilis
905 1109 1168 1149 animarum
1202 1109 1383 1149 fructus
1417 1117 1653 1161 sequetur,
1691 1117 1741 1150 ut
1776 1122 1861 1162 pro

226 1186 357 1220 certo
380 1180 629 1231 habemus;
652 1187 696 1220 et
722 1180 800 1232 qui
821 1193 874 1220 eo
903 1192 962 1220 ex
990 1180 1214 1220 societate
1244 1180 1430 1230 iverint,
1456 1180 1726 1231 probandos
1753 1194 1864 1222 vere

230 1251 424 1299 scimus;
449 1251 680 1303 oportebit
703 1252 827 1291 enim
856 1252 1027 1291 multos
1058 1251 1214 1291 subire
1242 1251 1442 1301 labores,
1467 1252 1546 1303 qui
1573 1252 1771 1303 publicis
1791 1252 1865 1292 his

227 1322 499 1362 ministeriis
517 1323 725 1363 adiuncti
747 1335 849 1363 esse
871 1323 1035 1363 solent.

313 1393 477 1445 Coepit
495 1400 739 1444 praeterea
761 1393 1009 1434 Societatis
1027 1394 1092 1445 (ut
1118 1394 1182 1434 ita
1197 1393 1366 1444 dicam)
1385 1394 1623 1444 plenitudo
1641 1395 1866 1445 paulatim

231 1475 335 1504 sese
357 1465 620 1516 ostendere,
645 1477 738 1505 non
766 1466 917 1505 solum
937 1466 1039 1505 luce
1067 1471 1111 1505 et
1133 1465 1347 1505 claritate
1368 1465 1596 1515 maxima,
1628 1477 1768 1516 quam
1790 1477 1866 1505 no-

231 1536 302 1576 bis
324 1536 680 1576 constitutiones
707 1536 972 1586 attulerant,
997 1548 1163 1576 verum
1190 1536 1332 1576 etiam
1362 1536 1570 1575 omnium
1597 1536 1744 1587 ipsius
1765 1547 1867 1587 par-

230 1607 346 1647 tium
362 1607 667 1647 institutione.
690 1607 958 1659 Olisiponae
975 1619 1175 1659 namque
1193 1607 1374 1658 domus,
1395 1618 1534 1658 quam
1551 1606 1869 1658 professorum

235 1678 538 1730 appellamus,
563 1690 589 1717 a
611 1678 819 1730 Collegio
841 1684 1061 1730 separata
1076 1684 1168 1719 est:
1193 1679 1225 1718 ii
1240 1690 1370 1729 vero,
1387 1678 1465 1730 qui
1483 1678 1530 1718 in
1547 1678 1684 1718 domo
1706 1678 1869 1718 eadem

231 1755 381 1800 erant,
412 1749 459 1789 in
493 1749 732 1801 professos
763 1749 1168 1801 coadiutoresque,
1200 1755 1297 1789 tum
1332 1750 1377 1789 in
1408 1749 1748 1801 spiritualibus,
1771 1755 1868 1789 tum

231 1821 372 1860 etiam
392 1821 439 1860 in
460 1821 794 1872 temporalibus
816 1821 955 1861 divisi
973 1826 1099 1861 sunt:
1125 1821 1156 1860 ii
1172 1821 1311 1861 etiam
1333 1821 1555 1871 adiuncti,
1573 1821 1651 1872 qui
1668 1821 1714 1860 in
1731 1820 1869 1860 domo

231 1891 522 1942 probationis
543 1899 809 1942 versantur,
834 1898 883 1932 ut
904 1892 1098 1932 inferius
1115 1892 1263 1932 obiter
1285 1891 1598 1931 narrabimus.

311 1962 416 2016 Jam
438 1969 576 2003 antea
604 1963 729 2014 apud
756 1963 916 2003 divum
936 1963 1194 2004 Antonium
1217 1963 1264 2003 in
1286 1963 1433 2003 tribus
1462 1963 1688 2002 classibus
1715 1974 1866 2013 gram—

231 2034 428 2074 matices
449 2033 799 2086 rhetoricesque
815 2035 1111 2085 documenta,
1136 2034 1343 2074 maxima
1365 2045 1471 2074 cum
1493 2034 1759 2074 auditorum
1782 2033 1867 2074 frc-

230 2105 435 2156 quentia,
451 2106 856 2157 praelegebantur.
874 2106 1068 2156 Egimus
1080 2106 1236 2157 itaque
1254 2117 1360 2145 cum
1377 2105 1520 2156 Rege,
1536 2104 1726 2158 eiusque
1739 2105 1868 2144 iussu

232 2186 340 2214 cum
360 2175 567 2225 civitate,
590 2177 792 2216 velletne
815 2183 863 2216 ut
885 2175 1179 2228 Olissiponae
1198 2177 1269 2227 iis,
1289 2188 1409 2228 quae
1431 2176 1479 2216 in
1500 2175 1633 2215 Italia
1651 2175 1871 2216 Siciliave

235 2252 355 2296 sunt,
380 2247 530 2299 simile
551 2247 813 2298 erigeretur
835 2247 1108 2298 Collegium,
1133 2247 1179 2287 in
1200 2259 1291 2299 quo
1313 2247 1370 2287 ob
1399 2247 1603 2287 civitatis
1632 2246 1870 2286 celebrita-

233 2323 327 2356 tem
349 2317 394 2356 in
424 2318 571 2357 tribus
599 2318 828 2358 classibus
857 2318 1232 2369 grammaticam,
1262 2319 1310 2358 in
1332 2318 1510 2358 duobus
1539 2323 1583 2357 et
1610 2317 1870 2357 rhetorices

233 2393 501 2439 praecepta,
525 2394 569 2428 et
590 2400 709 2440 quae
730 2390 1080 2440 provectiorum
1102 2389 1195 2429 iam
1216 2389 1372 2429 stilum
1390 2389 1588 2440 polirent
1609 2389 1868 2440 praelectu-

233 2470 313 2498 ros
339 2470 425 2498 nos
453 2459 670 2510 diximus,
701 2471 884 2500 necnon
912 2471 1115 2511 graecae
1142 2460 1484 2512 hebraicaeque
1515 2460 1703 2510 linguae
1732 2464 1869 2510 atque

233 2541 397 2569 earum
418 2530 745 2581 quaestionum
762 2531 895 2582 (quas
909 2533 1052 2583 vulgo
1070 2543 1207 2571 casus
1225 2531 1539 2572 conscientiae
1556 2530 1868 2578 nominamus)

234 2601 458 2641 lectiones
479 2601 736 2641 habituros.
755 2601 936 2642 Placuit
957 2603 1127 2643 mirum
1148 2603 1195 2643 in
1216 2602 1404 2642 modum
1432 2601 1549 2641 haec
1573 2601 1758 2651 collegii
1780 2600 1871 2640 for-

233 2683 308 2712 ma
331 2684 338 2712 :
361 2672 572 2723 protinus
595 2672 654 2712 ad
675 2672 854 2723 Regem
874 2673 1152 2725 detulerunt,
1177 2674 1275 2713 sine
1292 2673 1424 2713 cuius
1450 2672 1586 2723 copia
1612 2672 1726 2711 nihil
1748 2672 1873 2723 quic-

234 2754 375 2793 quam
403 2755 461 2783 ex
487 2743 621 2783 bonis
649 2743 857 2784 civitatis
887 2745 1087 2796 expendi
1115 2750 1313 2796 poterat.
1346 2744 1447 2783 Rex
1474 2743 1535 2793 ei,
1567 2743 1644 2794 qui
1670 2743 1870 2794 primum

234 2813 354 2854 inter
390 2815 683 2854 consiliarios
713 2815 868 2854 locum
903 2815 1155 2865 obtinebat,
1187 2815 1321 2855 nobis
1353 2813 1539 2865 quidem
1568 2814 1868 2863 amicissimo,

232 2884 432 2936 Collegii
446 2897 609 2925 curam
621 2885 872 2936 delegavit,
887 2891 937 2925 ut
950 2892 995 2926 et
1006 2898 1089 2926 suo
1105 2885 1181 2937 [et]
1196 2886 1403 2926 civitatis
1416 2885 1602 2925 nomine
1620 2890 1807 2924 curaret
1823 2891 1871 2924 ut

233 2966 375 3006 quam
390 2956 591 3007 primum
604 2955 826 2995 lectiones
843 2956 1191 3007 inchoarentur,
1212 2968 1270 2996 ne
1292 2956 1402 3007 quid
1419 2955 1560 2996 etiam
1577 2967 1636 2995 ex
1656 2955 1727 3005 iiS,
1750 2967 1870 3006 quae

233 3025 442 3077 Collegio
461 3026 730 3067 necessaria
747 3032 894 3076 erant,
915 3027 1097 3066 deesset
1114 3026 1523 3067 animadverteret.
1543 3026 1694 3066 Tanta
1715 3032 1872 3065 autem
