2168 3437
335 301 406 338 292
851 297 1077 334 LITTERAE
1104 309 1464 341 QUADRIMESTRES

334 398 469 438 blicis
508 395 598 436 illis
632 394 799 434 studiis
832 394 1036 445 impendi
1071 406 1411 447 conspexero„
1453 396 1685 436 Dominus
1718 396 1875 449 Jesus,
1914 396 1975 436 ad

337 468 460 509 sacri
481 466 728 516 Evangelii
748 465 1174 516 promulgationem
1194 466 1241 506 in
1270 478 1432 507 omnes
1461 467 1676 507 nationes
1705 468 1978 519 dispergen-

337 540 444 580 dam
466 544 511 578 et
538 538 720 577 lucrum
741 536 1003 576 animarum
1025 537 1381 589 amplissimum,
1406 546 1622 580 sanctam
1642 539 1864 591 Episcopi
1893 551 1970 579 Vo-

335 611 559 650 luntatem
583 618 766 658 semper
786 606 944 647 foveat
966 613 1106 658 atque
1129 608 1390 649 confirmet.
1413 609 1580 650 Amen.

416 679 595 719 Verum
622 678 862 718 enimvero
895 683 1050 718 utrum
1080 678 1127 718 in
1155 679 1233 718 illa
1255 678 1504 721 Societatis
1526 682 1793 722 consulibus
1814 687 1859 721 et
1878 681 1977 720 Ma-

335 749 608 802 gistratibus
648 749 1047 789 commendandae
1085 749 1385 802 fatigatione,
1427 751 1555 793 Patri
1594 764 1699 793 cum
1738 752 1973 804 plerisque

337 820 663 862 controversia
683 820 809 860 haud
829 820 962 870 levis,
987 832 1127 872 super
1148 820 1402 862 Societatis
1422 829 1615 863 nostrae
1635 823 1873 864 reddenda
1902 835 1976 863 ra·

336 894 481 942 tione,
505 891 804 942 suscipienda
824 891 977 941 fuerit,
1001 891 1304 933 paternitatis
1332 898 1440 934 tuae
1461 895 1707 946 prudentia
1730 907 1823 935 non
1846 895 1974 945 igno-

334 970 421 1004 rat.
454 963 542 1003 Hic
578 963 637 1003 ad
671 961 919 1003 Societatis
952 963 1064 1015 Jesu
1094 963 1393 1014 mentionem,
1429 972 1617 1008 austera
1647 972 1692 1006 et
1722 966 1974 1017 imperiosa

334 1035 538 1087 quadam
565 1033 846 1084 obiectione,
870 1035 1263 1085 percontabatur:
1296 1035 1515 1088 “Ergone
1536 1037 1724 1089 reliqui,
1757 1049 1783 1076 a
1814 1043 1974 1077 vestro

332 1107 548 1147 Instituto
570 1106 731 1157 alieni,
756 1118 780 1146 e
802 1105 1034 1146 Societate
1057 1112 1164 1146 sunt
1195 1105 1440 1157 Diaboli?„
1474 1108 1606 1148 Alter
1635 1119 1751 1148 ausu
1780 1114 1972 1148 temera-

334 1178 403 1218 rio
424 1177 471 1217 in
491 1176 607 1217 haec
629 1177 770 1228 impia
792 1177 938 1217 verba
960 1177 1254 1228 erumpebat:
1280 1177 1296 1194 “
1310 1189 1398 1218 VOS
1421 1178 1606 1229 quidem
1628 1191 1799 1219 nomen
1820 1179 1972 1219 Socie-

332 1249 441 1289 tatis
461 1248 572 1301 Jesu
602 1248 766 1298 geritis
786 1248 918 1288 titulo
940 1254 1089 1288 tenus.
1113 1248 1177 1288 At
1206 1249 1512 1300 proculdubio
1541 1250 1753 1290 diabolus
1783 1256 1972 1290 vestrae

331 1319 581 1361 Societatis
609 1326 774 1360 auctor
801 1319 1005 1370 extitit„;
1039 1320 1116 1370 qui
1144 1320 1285 1360 etiam
1315 1320 1607 1362 Daemonem
1634 1321 1840 1362 Concilio
1874 1321 1975 1361 Tri-

332 1391 520 1432 dentino
560 1390 742 1431 Ducem
776 1390 1030 1442 praeficere
1066 1402 1227 1431 coram
1262 1391 1363 1442 ipso
1398 1391 1537 1444 Patre
1572 1398 1735 1432 nostro
1771 1404 1867 1432 non
1902 1398 1977 1432 est

330 1463 523 1503 veritus.
547 1461 756 1512 Tertius,
782 1461 1028 1502 calumniis
1049 1473 1144 1501 non
1173 1463 1394 1513 satiatus,
1426 1463 1576 1514 flagra
1605 1470 1649 1504 et
1677 1464 1864 1514 flagella
1893 1475 1970 1503 no-

330 1533 400 1574 bis
439 1533 805 1585 imprecabatur,
848 1533 953 1583 qui,
994 1533 1104 1573 dum
1142 1533 1199 1573 ab
1241 1534 1388 1574 altero
1428 1533 1679 1575 Societatis
1719 1535 1871 1575 amico
1911 1534 1971 1574 ad

329 1611 599 1645 nostrarum
620 1604 823 1656 partium
842 1604 1055 1644 favorem
1075 1605 1407 1656 postularetur,
1431 1617 1517 1657 pro
1545 1607 1749 1657 benigna
1779 1617 1974 1657 respon·

329 1677 475 1727 sione,
493 1675 758 1716 huiusmodi
774 1675 939 1725 verba,
963 1675 1128 1727 quibus
1149 1687 1235 1716 nos
1256 1676 1436 1728 feriret,
1461 1677 1670 1717 retorsit:
1699 1678 1715 1695 “
1728 1677 1788 1717 Hi
1809 1676 1972 1728 flagris

329 1748 482 1800 potius
503 1746 767 1797 castigandi
789 1752 834 1786 et
853 1758 911 1786 ex
928 1746 1017 1786 hac
1038 1745 1298 1792 Academia
1322 1748 1605 1799 profligandi
1636 1754 1764 1798 sunt,
1790 1753 1972 1788 tantum

329 1819 460 1859 abest
481 1824 531 1858 ut
552 1816 866 1858 admittendos
888 1828 1121 1857 censeam.
1139 1851 1154 1868 „
1187 1816 1364 1858 Omitto
1395 1819 1598 1859 leviores
1620 1819 1880 1859 calumnias
1910 1830 1966 1858 ac

327 1889 543 1939 iniurias,
578 1888 833 1928 obsecrans
868 1887 1123 1928 Dominum
1155 1887 1316 1941 Jesum
1346 1894 1395 1929 ut
1432 1889 1638 1929 offensas
1675 1889 1968 1930 adversario-

327 1973 431 2001 rum
453 1971 635 2010 omnes,
659 1959 832 1999 fructui
853 1958 1146 2009 Evangelico
1176 1959 1302 1999 haud
1330 1960 1433 2000 leve
1464 1960 1759 2012 dispendium
1787 1961 1974 2000 inuren-

327 2037 417 2083 tes,
441 2031 642 2071 inimicis
668 2030 857 2081 nostris,
880 2029 1053 2075 forsan*¹
1069 2030 1127 2069 ab
1155 2030 1367 2070 hostibus
1396 2031 1692 2072 Christianae
1718 2031 1823 2071 fidei
1851 2031 1971 2071 male

328 2102 497 2153 suasis,
520 2102 751 2152 ignoscat.

407 2173 469 2214 Ut
489 2173 629 2223 igitur
654 2172 712 2212 ad
733 2172 997 2212 institutum
1018 2178 1181 2212 nostra
1203 2172 1364 2212 redeat
1382 2174 1547 2221 oratio,
1573 2173 1787 2223 Senatus,
1812 2173 1859 2213 in
1879 2184 1969 2224 quo

328 2245 535 2296 plerique
569 2244 705 2283 nobis
739 2243 1128 2295 adversabantur,
1170 2243 1500 2285 Procuratoris
1535 2244 1670 2295 Regii
1706 2244 1864 2284 audito
1901 2256 1969 2284 re-

329 2327 500 2367 sponso
522 2326 689 2366 parum
709 2326 793 2366 pro
815 2314 950 2354 nobis
970 2314 1192 2365 faciente,
1226 2320 1270 2355 et
1301 2328 1358 2355 ex
1387 2315 1604 2365 adverso,
1634 2315 1779 2367 Regis
1802 2315 1970 2355 iterata

330 2386 634 2426 concessione
656 2391 795 2437 atque
818 2385 1082 2425 Cardinalis
1103 2386 1302 2436 repetito
1323 2385 1488 2426 favore
1511 2386 1845 2436 consideratis,
1869 2397 1970 2437 pro-

327 2457 542 2497 lixiorem
564 2468 677 2497 suae
698 2456 956 2496 sententiae
977 2456 1451 2507 procrastinationem
1474 2469 1529 2497 ac
1551 2458 1695 2497 multo
1723 2458 1875 2497 minus
1897 2468 1968 2496 ca-

329 2528 589 2580 tegoricam
619 2528 857 2579 repulsam
887 2527 1063 2567 nostris
1093 2527 1331 2567 laboribus
1357 2528 1559 2568 reddidit
1587 2528 1966 2580 haudquaquam

328 2605 653 2640 verumtamen
675 2610 851 2639 novam
873 2598 1127 2650 quamdam
1148 2599 1275 2639 viam
1297 2599 1560 2650 ingressus,
1596 2611 1732 2639 omne
1754 2611 1870 2639 onus
1891 2599 1969 2639 hu-

329 2671 471 2711 meris
505 2670 602 2710 suis
638 2670 904 2720 excutiens,
947 2669 1195 2709 universae
1235 2670 1587 2710 controversiae
1630 2669 1873 2710 arbitrium
1911 2669 1970 2709 ad

330 2740 708 2782 Reverendiss.mi
735 2741 957 2792 Episcopi
978 2739 1256 2780 Parisiensis
1279 2739 1289 2759 ¹
1319 2746 1364 2780 et
1390 2740 1706 2792 Theologicae
1733 2739 1975 2780 facultatis

331 2812 549 2853 iudicium
574 2812 835 2863 transtulit,
869 2811 1052 2851 adiecta
1072 2812 1196 2862 lege,
1221 2823 1311 2863 qua
1332 2823 1381 2852 se
1401 2811 1625 2863 Episcopi
1646 2818 1690 2852 et
1711 2811 1973 2851 Facultatis

387 3020 397 3039 ¹
438 3018 641 3047 Parisiensis
663 3019 851 3053 Episcopus
874 3021 950 3045 erat
975 3017 1184 3045 Eustachius
1208 3018 1250 3045 du
1274 3018 1414 3054 Be11ay;
1431 3019 1469 3045 de
1486 3026 1523 3045 eo
1539 3018 1677 3053 ejusque
1694 3018 1726 3045 in
1742 3018 1804 3045 hoc
1828 3017 1973 3052 negotio

333 3068 439 3102 gestis
454 3067 619 3094 videndus
634 3067 743 3101 Pam,
760 3066 950 3093 AIe‘moz'res
962 3069 1054 3100 pour
1069 3066 1187 3092 servir
1202 3067 1221 3092 (ὶ
1238 3066 1411 3093 l'lzz'stoz're
1426 3067 1472 3093 du
1491 3064 1577 3094 Ρὲνε
1594 3066 1701 3094 Broet
1717 3068 1750 3093 et
1775 3066 1837 3094 des
1862 3066 1969 3100 origi-

334 3121 396 3142 nes
411 3115 452 3142 de
467 3115 502 3141 la
520 3115 731 3149 Compagszz'e
748 3115 789 3141 de
803 3114 910 3148 Jesus
926 3121 967 3140 en
984 3113 1138 3145 Franco,
1157 3117 1245 3148 part.
1263 3121 1310 3146 111,
1328 3114 1384 3141 lib.
1400 3121 1420 3141 1.
