2168 3437
305 213 376 251 022
819 209 1049 246 LITTERAE
1075 217 1434 251 QUADRIMESTRES

305 307 490 357 ciudad,
510 307 755 346 veniamos
773 304 892 345 cada
912 310 1010 344 tres
1031 307 1056 344 o
1074 309 1239 344 cuatro
1260 315 1324 344 un
1345 303 1610 344 escuadron
1630 315 1743 355 muy
1763 304 1946 354 grande

305 380 441 419 hasta
464 378 504 417 el
525 377 749 429 hospital;
772 389 804 428 y
826 377 894 416 asi
921 387 972 416 se
1001 377 1176 426 ponian
1205 378 1233 415 a
1263 375 1335 415 las
1364 380 1619 426 ventanas,
1654 374 1886 414 alabando
1917 378 1944 415 a

304 450 421 490 Dios
442 460 525 488 ver
546 449 617 488 los
637 447 858 487 hombres
880 446 937 487 de
963 447 1107 487 Elvas
1136 451 1218 486 tan
1246 445 1497 497 recogidos
1523 456 1556 496 y
1586 445 1721 486 fuera
1749 445 1805 486 de
1834 457 1944 486 con-

303 520 608 560 versaciones
627 518 905 558 mundanas
926 517 1089 559 Gloria
1105 519 1133 557 a
1153 516 1269 557 Dios
1291 517 1346 557 de
1366 517 1477 557 todo
1499 522 1614 568 esto,
1632 528 1747 568 pues
1764 516 1872 556 todo
1895 528 1947 557 es

306 603 469 643 suyo.„

388 661 480 702 Por
503 661 730 702 comision
753 661 826 701 del
847 659 896 701 P.
921 659 1097 712 Miguel
1119 659 1175 700 de
1195 659 1402 711 Bairros,

1272 802 1470 843 MARCUS
1500 802 1753 843 GEORGIUS.

947 1231 1311 1287 OGLXXXV

385 1463 604 1512 Aegidius
625 1463 846 1502 Gonzalez
865 1462 1028 1500 Davila

428 1529 551 1567 Patri
568 1530 737 1577 Ignatio
757 1528 811 1565 de
829 1528 1015 1575 Loyola.

456 1596 704 1643 Compluto,
726 1595 773 1633 30
791 1594 958 1642 Aprilis
981 1594 1074 1631 1554
1092 1594 1116 1629 ¹.

1119 1806 1148 1852 ,Γ

1063 1858 1201 1911 Jesus

394 2093 496 2134 R.d0
529 2093 575 2133 in
607 2092 794 2133 Christo
825 2091 953 2132 Patri
982 2090 1119 2131 Mtro.
1148 2089 1330 2140 Ignatio
1358 2088 1413 2129 de
1439 2088 1635 2140 Loyola,
1672 2087 1949 2139 Praeposito

314 2165 535 2206 Generali
555 2163 805 2205 Societatis
825 2163 951 2216 Jesu,
975 2162 1173 2201 salutem
1195 2161 1241 2201 in
1262 2160 1481 2201 Domino.

395 2235 562 2277 Gratia
590 2241 634 2276 et
660 2246 755 2286 pax
789 2233 962 2274 Christi
994 2233 1106 2287 Jesu
1141 2233 1200 2272 sit
1226 2244 1408 2284 semper
1437 2232 1484 2272 in
1512 2231 1731 2271 cordibus
1760 2230 1950 2270 nostris.

315 2308 482 2348 Amen.

395 2380 599 2429 Eorum,
637 2390 756 2430 quae
791 2376 915 2429 apud
948 2387 1034 2416 nos
1069 2376 1158 2416 hoc
1194 2375 1410 2427 proximo
1445 2373 1777 2426 quadrimestri
1815 2379 1950 2424 gesta

315 2457 437 2501 sunt,
460 2451 693 2491 rationem
713 2449 796 2490 tibi
815 2449 1049 2500 integram
1070 2446 1353 2497 redditurus,
1376 2445 1515 2486 Pater
1545 2445 1592 2485 in
1620 2444 1809 2485 Christo
1839 2444 1952 2497 Jesu

317 2522 769 2572 observandissime,
794 2532 848 2560 eo
879 2519 1068 2559 uberior
1097 2517 1323 2558 dilatandi
1350 2528 1615 2557 sermonem
1641 2527 1690 2556 se
1722 2515 1948 2555 offerebat

317 2594 543 2644 materia,
585 2605 676 2644 quo
715 2591 1028 2632 abundantius
1063 2590 1224 2630 divina
1257 2588 1580 2629 misericordia
1620 2587 1864 2627 nobiscum
1898 2597 1949 2626 se

317 2665 603 2715 effundente,
636 2665 683 2704 in
711 2664 809 2704 dies
837 2661 1016 2714 majora
1044 2666 1297 2713 augmenta
1324 2660 1562 2711 suscipere
1593 2658 1711 2698 haec
1740 2657 1954 2697 Societas

319 2736 743 2786 cumulatim-esque
766 2734 946 2775 fructus
966 2745 1051 2773 suo
1071 2733 1183 2785 Jesu
1203 2732 1400 2772 reddere
1416 2730 1616 2781 videtur;
1635 2729 1725 2770 hoc
1741 2739 1955 2780 praeser-

319 2808 403 2848 tim
423 2813 649 2858 tempore,
675 2817 766 2858 quo
785 2805 881 2857 jam
901 2816 1026 2845 nunc
1046 2805 1197 2844 bonus
1214 2803 1328 2843 odor
1344 2801 1592 2843 Societatis
1608 2801 1655 2841 in
1669 2799 1947 2852 Hispaniam

375 2994 383 3013 ¹
425 2992 672 3027 Autographae
687 2991 720 3019 in
735 2990 947 3025 quadruplici
963 2990 1052 3023 folio,
1070 2997 1123 3016 nn.
1144 2988 1206 3022 336,
1221 2988 1274 3015 337
1295 2991 1327 3015 et
1348 2987 1410 3014 338.
1436 2985 1556 3019 Quarti
1577 2984 1660 3018 folii,
1679 2991 1745 3011 non
1768 2981 1952 3016 numerati,

320 3041 414 3076 prior
429 3041 555 3075 pagina
573 3040 680 3066 nitida
696 3043 764 3073 est;
781 3039 813 3066 in
827 3037 1017 3073 posteriore
1032 3041 1147 3065 autem
1164 3040 1215 3064 est
1230 3035 1486 3070 superscriptio.
