2168 3437
908 274 991 311 AN.
1022 274 1114 311 1553
1760 274 1831 310 403

198 380 320 419 mor,
344 375 499 410 tantos
520 370 567 410 in
587 370 821 411 curandos
849 371 1062 423 captivos
1088 376 1328 422 aegrotos,
1359 376 1404 411 et
1430 370 1677 411 nonnullas
1707 371 1828 421 puel-

199 440 288 490 las,
312 451 339 479 a
362 441 507 481 turcis
528 447 708 492 captas,
731 442 1026 482 redimendas
1047 447 1257 493 sumptus
1278 441 1415 482 facio.
1439 440 1543 481 Non
1564 441 1628 481 ita
1648 441 1831 492 pridem

199 510 569 562 quadringentos
597 523 789 562 aureos,
820 518 868 552 ut
894 512 985 552 duo
1013 512 1156 553 millia
1180 518 1225 552 et
1255 524 1309 552 eo
1337 512 1535 564 amplius
1569 518 1827 563 praeterea,

201 592 320 632 quae
340 580 428 622 fide
449 594 554 622 mea
575 594 676 622 esse
697 582 952 634 jusseram,
983 583 1223 623 debebam.
1254 582 1398 635 Atqui
1425 583 1648 634 permittit
1674 582 1831 623 Domi-

201 663 289 692 nus
315 658 473 692 noster
507 664 592 693 sua
624 653 851 693 immensa
884 654 1207 693 misericordia
1240 659 1288 693 ut
1316 660 1359 693 et
1393 653 1545 694 Mauri
1579 660 1624 693 et
1649 653 1830 706 Judaei,

202 723 368 774 quibus
388 734 491 763 sum
510 729 667 774 notus,
691 724 803 763 mihi
823 724 1078 764 maximam
1105 724 1410 775 pecuniarum
1438 736 1688 775 summam,
1718 725 1835 765 nihil

201 794 277 834 hic
298 794 422 834 aliud
441 794 530 834 nisi
550 794 639 834 hoc
661 794 848 834 habenti
869 795 1217 845 corpusculum,
1249 806 1336 834 nec
1362 801 1458 835 tam
1485 801 1663 835 certum
1693 807 1834 847 quam

202 876 304 905 esse
331 864 574 914 debuerat,
606 864 796 905 credere
823 876 916 904 non
943 865 1167 904 dubitent.
1197 865 1310 905 Mihi
1338 866 1660 916 gratissimum
1694 873 1834 912 esset,

204 936 242 975 si
275 935 367 975 tuis
402 936 548 975 oculis
579 941 623 975 et
651 936 913 976 animarum
941 934 1175 986 jacturam
1204 942 1248 976 et
1277 937 1643 987 quamplurimus
1669 937 1746 978 hic
1777 937 1837 977 ad

204 1006 394 1046 Mauros
427 1005 624 1046 deficere
658 1007 863 1057 videres3
900 1013 950 1046 ut
981 1012 1163 1047 tantum
1197 1008 1372 1047 malum
1402 1008 1710 1058 perspiciens,
1748 1008 1837 1048 hoc

205 1083 294 1127 est,
318 1077 572 1117 Dominum
592 1083 824 1126 nostrum,
852 1076 1104 1129 Optimum,
1127 1078 1384 1118 maximum
1405 1090 1460 1118 ac
1481 1079 1836 1129 pientissimum,

207 1161 234 1188 a
256 1149 413 1189 multis
432 1154 481 1188 ut
502 1148 836 1189 cacodaemoni
857 1149 1086 1199 serviant,
1110 1149 1367 1200 repudiari,
1392 1151 1543 1189 lucem
1567 1149 1682 1200 fugi,
1716 1156 1838 1190 tene-

207 1220 317 1260 bras
344 1220 580 1271 amplecti,
609 1219 786 1270 majore
813 1220 959 1260 divini
985 1220 1178 1260 honoris
1205 1220 1356 1260 studio
1385 1232 1632 1269 accensus,
1671 1221 1839 1272 sigilla-

208 1291 310 1341 tim,
335 1296 379 1331 et
406 1301 579 1342 magno
611 1291 756 1330 animi
777 1291 966 1342 ardore,
987 1291 1200 1342 privatas
1220 1291 1483 1342 principum
1506 1291 1644 1331 aedes
1674 1292 1841 1332 obeun-

209 1362 283 1411 do,
307 1362 632 1413 eleemosynas
660 1361 962 1413 efflagitares,
992 1361 1157 1413 quibus
1187 1362 1487 1401 tantum-hoc
1514 1362 1843 1402 detrimentum

208 1432 534 1472 resarciretur.

287 1503 482 1544 Duabus
502 1515 703 1556 namque
725 1504 928 1544 maxime
955 1504 1011 1544 de
1033 1504 1188 1544 causis
1213 1505 1396 1544 lucrum
1423 1505 1589 1556 ingens
1615 1505 1764 1545 fieret:
1797 1505 1844 1544 in

208 1574 386 1626 primis,
410 1575 584 1615 multae
605 1575 812 1625 animae,
835 1575 1176 1627 pretiosissimo
1199 1575 1371 1615 Christi
1392 1576 1621 1626 sanguine
1643 1582 1841 1627 emptae,

209 1656 327 1697 quas
348 1646 554 1697 quotidie
574 1646 764 1686 interire
784 1646 1090 1697 pecuniarum
1110 1646 1306 1697 penuria
1334 1646 1486 1696 video,
1518 1647 1706 1686 minime
1733 1647 1845 1687 inte-

209 1717 369 1757 rirent.
405 1716 607 1768 Deinde,
636 1717 688 1767 ii,
722 1728 839 1769 quos
867 1716 996 1756 Deus
1023 1727 1197 1767 magna
1222 1717 1429 1768 potentia
1461 1723 1505 1757 et
1533 1718 1847 1757 maximorum

209 1787 441 1828 redituum
467 1788 788 1840 bonorumque
815 1787 1143 1839 temporalium
1170 1787 1519 1839 dispensatores
1550 1800 1651 1828 esse
1681 1789 1844 1835 voluit,

211 1858 249 1898 si
270 1870 369 1899 rem
389 1866 485 1899 tam
505 1859 633 1911 piam
654 1859 946 1911 adjuvarent,
970 1859 1210 1910 ingentem
1231 1859 1288 1899 ab
1310 1859 1387 1899 illo
1410 1860 1510 1910 ipso
1533 1860 1735 1910 gratiam
1765 1860 1845 1899 ini-

210 1935 329 1970 rent.
352 1929 427 1971 Sic
449 1930 696 1981 pecuniam
711 1942 846 1970 suam
862 1930 963 1970 Deo
980 1929 1162 1970 foenori
1183 1930 1363 1971 darent.
1387 1930 1507 1971 Nam
1527 1943 1611 1982 pro
1633 1943 1703 1981 ea,
1728 1942 1848 1982 quae

212 2001 276 2041 ita
302 2001 409 2041 vilis
436 2007 482 2041 et
509 2008 778 2053 contempta
804 2007 894 2051 est,
927 2002 964 2041 si
992 2001 1039 2041 in
1067 2002 1214 2042 malos
1248 2013 1360 2042 usus
1395 2002 1720 2053 profundatur,
1744 2008 1792 2042 ut
1821 2014 1848 2041 a

151 2079 155 2081 ’
212 2072 336 2113 Divo
357 2072 495 2113 Petro
517 2079 699 2114 stercus
719 2074 992 2125 appelletur,
1025 2073 1149 2124 quod
1178 2073 1365 2124 quidem
1387 2080 1660 2124 congestum
1689 2074 1849 2113 inutile

212 2151 303 2194 est,
335 2155 552 2195 sparsum
586 2155 701 2184 vero
737 2150 782 2184 et
815 2149 1059 2185 extensum
1093 2144 1325 2184 maximos
1357 2144 1536 2184 fructus
1570 2144 1766 2196 profert,
1802 2144 1849 2184 in

213 2215 344 2255 coelo
365 2215 404 2255 si
430 2226 512 2266 per
542 2227 772 2267 pauperes
800 2215 1099 2266 dispergitur,
1134 2215 1311 2255 aeterni
1341 2215 1551 2255 thesauri
1578 2216 1848 2266 persolvun-

214 2292 304 2325 tur.
328 2284 391 2327 At
417 2286 863 2326 excellentissimum
881 2285 1048 2326 foenus
1075 2293 1145 2326 est
1170 2287 1323 2338 ipsum
1343 2286 1494 2326 Deum
1524 2297 1755 2326 summum
1773 2285 1850 2326 bo—

214 2368 326 2397 num
344 2368 429 2408 pro
452 2357 665 2397 mercede
685 2356 784 2408 ejus
810 2357 877 2397 rei
897 2357 1126 2409 accipere,
1149 2369 1268 2408 quae
1295 2370 1385 2409 quo
1408 2357 1573 2409 maJ'ori
1601 2357 1734 2397 nobis
1764 2356 1851 2397 fuit

215 2428 466 2479 voluptati,
499 2440 554 2468 eo
575 2427 750 2479 majore
771 2439 878 2468 cum
899 2427 1075 2479 dolore,
1099 2429 1298 2469 velimus
1318 2429 1540 2476 nolimus,
1564 2427 1753 2468 tandem
1774 2428 1851 2469 ali-

217 2499 403 2551 quando
423 2498 695 2550 reliquenda
717 2504 800 2538 est.
823 2498 872 2539 Si
893 2505 1003 2550 quot
1023 2499 1070 2539 in
1090 2499 1164 2539 his
1182 2499 1342 2550 regnis
1365 2499 1547 2539 animae
1568 2498 1690 2538 hanc
1710 2510 1852 2539 unam

218 2570 276 2610 ob
298 2581 492 2611 causam
510 2575 727 2621 pereant,
750 2570 861 2621 quia
880 2569 993 2610 mihi
1012 2570 1239 2620 pecuniae
1270 2570 1460 2620 desunt,
1494 2570 1659 2621 quibus
1687 2568 1853 2609 redimi

218 2640 419 2692 possint,
452 2640 536 2680 tibi
558 2640 875 2691 particulatim
897 2640 1037 2680 velim
1058 2652 1314 2692 exponere,
1338 2640 1520 2680 difficile
1542 2645 1664 2680 esset
1686 2639 1854 2691 episto-

218 2712 291 2752 lae
311 2712 487 2752 exitum
506 2711 732 2752 invenire.
757 2710 1038 2763 Saepissime
1059 2713 1183 2752 enim
1203 2713 1375 2752 multae
1392 2718 1634 2751 turcarum
1653 2710 1855 2752 biremes

219 2783 280 2823 ad
304 2781 440 2834 hujus
467 2782 626 2834 oppidi
651 2788 840 2834 portum
866 2783 1176 2834 appelluntur,
1211 2783 1376 2835 quibus
1401 2793 1576 2833 magna
1603 2793 1856 2833 puerorum

221 2853 482 2905 multitudo,
519 2865 638 2905 quos
665 2853 731 2895 illi
757 2852 1038 2894 foedissimis
1060 2854 1347 2895 ,constrictos
1379 2860 1517 2905 atque
1550 2853 1756 2893 irretitos
1792 2859 1855 2894 te-

220 2931 331 2966 nent
352 2925 624 2976 sceleribus,
656 2925 855 2965 vehitur.
885 2925 946 2966 Hi
966 2925 1027 2966 ad
1047 2937 1121 2966 me
1142 2937 1282 2977 saepe
1307 2925 1643 2965 lachrimantes
1672 2925 1856 2977 publice

220 2996 438 3047 veniunt,
467 3002 517 3036 ut
544 3007 647 3036 sese
673 3002 771 3036 tam
789 3007 940 3048 prava
966 2996 1302 3036 consuetudine
1329 2996 1521 3036 liberem
1550 3001 1689 3048 atque
1720 3008 1855 3047 expe-

224 3067 364 3108 diam.
388 3067 452 3108 At
475 3078 579 3119 ego,
603 3067 909 3119 pecuniarum
938 3067 1116 3118 inopia,
1150 3078 1231 3118 spe
1261 3078 1347 3107 sua
1379 3066 1632 3107 frustratos
1658 3066 1856 3118 dimitto,
