2168 3437
897 258 981 295 AN.
1014 259 1106 297 1553
1752 263 1817 300 491

187 363 432 393 numerum
452 365 546 394 non
566 354 777 396 imminui
797 356 879 396 sed
899 357 1064 407 augeri
1090 359 1358 409 postulabat
1381 358 1408 400 ¹.
1432 359 1685 400 Praeterea
1713 372 1819 401 cum

188 422 494 465 intellexisset
527 437 612 466 nos
647 438 813 478 parum
847 428 1090 468 commode
1124 429 1171 468 in
1203 429 1276 469 his
1311 430 1503 470 aedibus
1539 442 1702 482 agere,
1740 438 1821 472 aut

188 493 296 544 quia
317 496 558 547 proprium
578 509 672 537 non
692 497 972 538 haberemus
993 500 1229 550 templum,
1255 501 1302 540 in
1323 513 1414 552 quo
1436 501 1596 541 liceret
1620 502 1818 542 charita-

188 564 246 604 tis
268 565 422 606 officia
444 568 686 608 commode
707 569 878 620 populo
900 568 1144 620 impertiri,
1169 576 1249 610 aut
1273 572 1397 622 quod
1418 573 1506 612 loci
1528 572 1665 624 hujus
1681 573 1817 623 ratio,

187 641 284 675 tum
304 638 496 688 populo,
520 644 619 678 tum
635 637 867 689 juventuti
893 639 953 680 ad
979 652 1066 680 nos
1092 641 1319 692 venienti,
1350 642 1482 682 daret
1509 643 1817 694 obstaculum,

187 706 243 747 de
271 708 361 748 alio
388 709 526 760 longe
554 710 869 750 commodiore
902 711 1037 751 nobis
1067 713 1330 764 prospexit,
1370 713 1672 765 Monasterio,
1710 716 1820 755 olim

188 777 452 819 Carmelitis
474 788 765 831 consecrato,
791 780 872 821 sed
893 781 1017 833 quod
1038 794 1162 822 nunc
1183 783 1241 823 ab
1262 795 1353 823 uno
1374 790 1556 824 tantum
1582 786 1814 837 incolitur3

186 849 311 900 quod
331 850 439 890 licet
460 851 695 891 desertum
717 852 775 892 sit
796 858 841 892 et
867 853 1011 904 longa
1038 853 1135 893 fere
1165 859 1399 894 vetustate
1429 855 1573 895 variis
1605 856 1652 896 in
1678 857 1819 908 parti-

185 921 271 960 bus
306 927 597 973 corruptum,
641 935 734 963 non
774 929 903 964 caret
938 928 1094 964 tamen
1130 925 1348 964 maximis
1389 926 1486 965 suis
1520 926 1815 967 utilitatibus.

186 992 340 1032 Habet
373 993 496 1032 enim
528 994 894 1045 pulcherrimum
927 1001 972 1035 et
1007 995 1347 1047 amplissimum
1381 998 1623 1048 templum,
1663 1009 1816 1038 nume·

183 1075 291 1103 roso
318 1064 488 1115 populo
519 1065 882 1117 circumquaque
913 1066 1138 1116 cinctum,
1169 1066 1216 1106 in
1242 1078 1332 1118 quo
1352 1072 1570 1118 poterunt
1592 1080 1686 1108 non
1716 1069 1816 1109 sine

182 1145 356 1185 magno
387 1135 541 1175 fructu
572 1142 616 1176 et
644 1137 894 1177 conciones
914 1143 958 1177 et
986 1137 1079 1177 alia
1105 1137 1266 1177 divina
1297 1138 1455 1178 munia
1485 1140 1715 1189 exerceri,
1750 1146 1819 1180 est

183 1211 397 1256 preterea
432 1206 478 1246 in
515 1207 767 1248 lectissimo
807 1208 1013 1249 civitatis
1046 1209 1150 1249 loco
1187 1221 1242 1249 ac
1278 1209 1413 1261 quasi
1447 1209 1724 1260 meditullio,
1763 1222 1818 1251 ac

178 1275 281 1328 jure
300 1277 498 1328 proinde
525 1284 715 1318 nostrae
741 1277 964 1319 Societati
992 1279 1323 1331 studiosaeque
1346 1278 1580 1330 juventuti
1615 1282 1818 1321 maxime

183 1348 442 1388 commodo.
465 1349 523 1389 Et
545 1350 760 1400 quamvis
779 1350 825 1390 in
846 1351 981 1390 nobis
1001 1351 1075 1401 sit,
1100 1361 1207 1390 cum
1226 1351 1428 1402 primum
1450 1351 1680 1402 volumus,
1706 1352 1818 1392 illud

183 1430 435 1471 occupare,
459 1421 633 1460 nostris
654 1427 811 1461 tamen
833 1422 1094 1462 consultius
1119 1422 1273 1462 visum
1301 1429 1371 1462 est
1398 1422 1524 1472 fore,
1558 1423 1597 1462 si
1626 1434 1814 1474 respon-

182 1501 285 1530 sum
316 1491 553 1541 generalis
579 1491 842 1544 Praepositi
871 1493 1243 1543 Carmelitarum,
1269 1492 1328 1533 ad
1361 1505 1499 1545 quem
1528 1505 1555 1533 a
1576 1493 1705 1544 Rege
1727 1494 1816 1534 hac

183 1561 239 1601 de
260 1573 309 1601 re
330 1564 649 1615 conscriptum
670 1569 760 1614 est,
784 1564 1137 1615 praestolemur.

263 1633 393 1673 Haec
420 1640 548 1685 sunt,
578 1635 627 1675 P.
663 1636 710 1675 in
736 1635 819 1676 Χ.Ο
846 1634 974 1686 R.de,
1007 1647 1126 1687 quae
1151 1642 1313 1676 nostra
1342 1636 1602 1687 perexigua
1623 1637 1817 1687 protulit

185 1715 348 1755 opera;
383 1706 518 1756 plura
547 1706 748 1746 fortasse
773 1707 1080 1759 productura,
1110 1707 1199 1747 nisi
1226 1707 1515 1758 negligentia
1544 1707 1814 1757 obstitisset,

184 1787 324 1826 quam
353 1775 490 1816 facile
523 1778 740 1829 supplere
766 1783 987 1829 poterunt
1014 1785 1122 1819 tuae
1157 1778 1211 1818 R.
1248 1777 1297 1819 Ρ.
1331 1779 1592 1829 orationes,
1623 1790 1741 1830 quas
1768 1786 1817 1818 ut

183 1857 268 1897 pro
289 1847 422 1887 nobis
443 1847 503 1888 ad
522 1847 776 1889 Dominum
796 1848 965 1889 fundas
985 1855 1030 1889 te
1051 1849 1354 1890 vehementer
1376 1861 1536 1890 omnes
1567 1862 1621 1889 ac
1643 1850 1813 1902 suppli-

184 1917 300 1957 citer
321 1930 531 1970 oramus,
556 1931 646 1971 quo
667 1926 712 1960 et
733 1932 924 1971 sperare
945 1921 1124 1961 maiora
1147 1927 1191 1961 et
1213 1921 1375 1961 conari
1397 1922 1639 1961 valeamus
1660 1920 1689 1959 ².

261 1988 394 2030 Vale.
419 1989 632 2031 Viennae
652 1981 887 2042 Austriae‚
911 1992 974 2032 3.0
997 1992 1218 2033 calendas
1237 1992 1465 2044 januarii,
1494 1992 1609 2032 1554.

260 2059 618 2112 Indignissimus
639 2068 746 2103 tuus
767 2064 1009 2115 servulus,

1048 2205 1273 2246 ERARDUS
1304 2205 1595 2246 LEODfflNsis.

264 2415 324 2454 In
345 2416 501 2466 primi
521 2418 801 2469 apographi
826 2422 999 2469 quarta
1024 2419 1239 2470 pagiua:
1274 2418 1512 2469 Viennae,
1545 2418 1814 2469 Quadrime-

183 2493 324 2537 stres,
347 2486 411 2526 3.0
433 2488 610 2528 calend.
635 2487 785 2540 Jan.rii

262 2557 324 2597 In
344 2558 544 2598 secundi
566 2558 675 2599 item
703 2564 877 2610 quarta
902 2560 1117 2611 pagina:
1149 2560 1262 2601 1554.
1295 2560 1442 2611 Quad.
1473 2560 1603 2600 Vien.
1635 2561 1695 2600 ΞΡ
1726 2561 1814 2600 cal.

180 2628 432 2681 Janu.—Q.
458 2628 502 2670 S.

235 2815 243 2834 ¹
284 2815 372 2842 Vide
388 2815 535 2842 POLANCI
548 2836 553 2848 ,
568 2815 771 2848 Chronicon,
786 2820 807 2843 t.
821 2823 871 2849 111,
887 2823 964 2850 pag.
980 2815 1033 2842 260
1047 2820 1080 2843 et
1095 2823 1178 2851 seq.,
1195 2823 1247 2843 nn.
1260 2815 1314 2842 582
1328 2818 1361 2842 et
1376 2822 1445 2848 seq.

234 2864 248 2882 ‘²
285 2863 356 2891 Ista
372 2864 493 2898 omnia,
506 2870 526 2890 a
541 2863 681 2891 vocibus
697 2863 794 2891 Haec
809 2866 904 2894 sunt,
919 2863 1158 2891 desiderantur
1173 2865 1206 2891 in
1221 2863 1329 2898 primo
1344 2862 1554 2896 apographo.
