2168 3437
866 209 949 247 AN.
979 209 1072 247 1552
1740 210 1788 246 37

157 307 291 348 nobis
326 306 591 358 exiguntur,
622 306 777 358 qualia
803 306 960 357 qualia
987 311 1113 355 sunt,
1145 306 1236 345 huc
1266 305 1576 356 proferemus,
1603 304 1786 346 etiamsi

157 377 415 428 exiguitate
435 377 710 417 minutulam
733 376 853 417 illius
874 376 1045 416 viduae
1067 381 1308 426 superent,
1331 375 1468 415 modo
1496 373 1595 426 ejus
1624 376 1787 416 libera-

156 449 336 488 litatem
370 447 698 499 quoquomodo
735 447 908 487 imitari
941 447 1159 498 gestiant.
1192 446 1397 486 Tametsi
1425 446 1514 486 hac
1541 447 1787 487 ratiocina-

156 519 281 560 tione
317 519 505 559 omnino
539 518 682 558 nolim
715 518 956 569 ignaviam
989 523 1202 557 nostram
1236 518 1412 557 sarcire
1453 524 1591 568 atque
1626 518 1790 558 eadem

156 601 298 641 opera
318 589 423 630 fidei
443 589 628 629 illorum
649 589 898 641 quicquam
918 587 1178 638 detrahere,
1204 600 1295 639 qua
1317 595 1360 628 et
1381 588 1499 628 haec
1520 588 1607 628 Dei
1624 588 1786 629 benefi-

157 661 229 701 cia
249 661 503 712 impetrant
524 666 855 712 exponuntque
879 658 1042 699 eadem
1064 665 1226 699 sancte
1250 659 1295 698 in
1316 671 1522 700 usuram.

236 731 430 771 Dimissi
451 731 607 783 itaque
628 731 685 771 ab
706 731 846 779 Urbe,
871 730 1029 770 statim
1051 730 1106 770 de
1122 730 1374 780 legationis
1391 737 1580 771 nostrae
1598 730 1748 771 officio
1765 742 1793 769 a

156 802 379 842 fratribus
403 802 601 853 cogitari
622 807 838 853 coeptum
859 807 949 852 est,
975 813 1030 841 ac
1051 801 1098 840 in
1119 800 1270 852 primo
1296 801 1557 841 diversorio
1578 802 1793 853 protinus

158 873 436 922 declamari,
477 873 719 925 proposito
759 873 989 923 themate,
1032 872 1146 912 satis
1186 877 1234 911 ut
1272 871 1518 912 videbatur
1559 872 1790 924 apposito:

171 944 357 984 Vivitur
377 957 441 984 ex
459 932 619 996 rapto,
640 955 733 984 non
760 943 932 994 hospes
961 944 1017 983 ab
1044 943 1229 994 hospite
1256 946 1391 982 tutus
1415 942 1440 980 ¹.
1471 943 1537 983 Eo
1559 955 1671 983 vero
1702 944 1792 983 hoc

158 1015 341 1056 avidius
362 1016 703 1056 conveniebant
724 1015 955 1066 hospites,
979 1027 1069 1065 quo
1090 1015 1244 1054 minus
1265 1026 1313 1054 se
1336 1026 1363 1053 a
1390 1014 1523 1054 nobis
1552 1015 1792 1065 expectari

155 1086 447 1138 judicabant,
473 1087 596 1138 quod
619 1087 827 1127 studiose
857 1086 1020 1137 fiebat,
1053 1086 1198 1126 veluti
1227 1091 1586 1137 expectaremus
1613 1092 1795 1126 tantum

159 1158 309 1198 donec
349 1163 481 1198 aestu
515 1159 755 1209 paululum
793 1158 989 1198 remisso
1028 1168 1352 1209 pergeremus;
1395 1163 1534 1208 atque
1573 1158 1661 1196 hac
1693 1163 1792 1197 arte

159 1241 253 1270 non
274 1231 423 1270 solum
444 1229 725 1270 audiverunt
746 1229 802 1269 de
820 1229 1000 1280 justitia
1022 1228 1277 1279 servanda,
1308 1227 1556 1279 injustitia,
1592 1229 1795 1268 avaritia

161 1301 450 1352 caeterisque
480 1300 526 1340 id
546 1312 715 1351 genus,
747 1300 913 1352 quibus
943 1300 1148 1340 humana
1176 1299 1330 1339 studia
1359 1299 1484 1339 infici
1515 1300 1683 1349 solent,
1718 1311 1795 1339 ve-

158 1384 263 1412 rum
284 1372 424 1412 etiam
446 1377 490 1412 et
512 1370 771 1422 cujusmodi
791 1383 893 1412 esse
916 1371 1051 1411 debet
1074 1370 1274 1411 officium
1304 1370 1505 1410 hominis
1533 1365 1792 1419 christiani,

159 1444 247 1484 hoc
268 1444 315 1484 in
336 1443 510 1484 mundo
531 1443 787 1495 peregrini,
813 1443 950 1494 idque
972 1443 1152 1482 duobus
1183 1442 1285 1482 aliis
1313 1442 1536 1481 fratribus
1567 1441 1793 1481 disseren-

159 1515 301 1563 tibus;
327 1515 474 1555 altero
496 1526 555 1554 ex
575 1514 646 1555 his
668 1515 885 1566 Apostoli
907 1515 1090 1565 verbis;
1113 1513 1275 1553 Didici
1290 1513 1339 1553 in
1361 1513 1529 1564 quibus
1554 1525 1661 1553 snm
1694 1524 1796 1553 con-

158 1590 319 1626 tentus
353 1598 454 1626 esse
485 1585 514 1626 ².
544 1586 709 1626 Altero
737 1598 851 1626 vero
880 1598 938 1626 ex
968 1586 1179 1625 oratione
1213 1585 1464 1633 dominica,
1498 1585 1682 1624 Panem
1718 1596 1795 1624 no-

157 1661 314 1697 strum
355 1656 684 1708 quotidianum
722 1657 784 1696 da
824 1656 957 1696 nobis
994 1656 1143 1696 hodie.
1191 1655 1346 1707 Atque
1385 1656 1523 1695 simili
1568 1655 1795 1696 industria

159 1734 374 1769 curatum
409 1734 498 1778 est,
536 1734 585 1768 ut
619 1728 787 1779 ubique
816 1739 902 1780 pro
931 1728 1132 1768 diversis
1159 1727 1401 1767 hominum
1432 1727 1793 1776 conditionibus,

157 1800 204 1839 in
227 1811 342 1852 quos
369 1799 710 1851 incidebamus,
741 1799 984 1851 appositus
1013 1799 1297 1850 deligeretur
1324 1799 1479 1847 cibus,
1509 1805 1606 1838 tam
1635 1799 1681 1838 in
1707 1798 1794 1850 pri-

156 1872 281 1911 vatis
303 1871 722 1921 cohortationibUS,
746 1882 886 1922 quam
907 1870 1106 1922 publicis
1128 1870 1456 1920 concionibus,
1489 1869 1627 1921 idque
1656 1869 1795 1909 modo

158 1942 205 1982 in
226 1942 378 1993 agris,
401 1941 540 1982 modo
561 1942 608 1981 in
628 1942 788 1993 pagis,
813 1941 1065 1993 oppidulis,
1091 1947 1231 1992 atque
1254 1941 1371 1981 adeo
1395 1941 1440 1980 in
1462 1941 1575 1992 ipsis
1598 1940 1792 1980 civitati-

156 2013 265 2063 bus;
288 2013 401 2063 hoc,
425 2013 636 2064 inquam,
657 2013 930 2053 studebatur
951 2012 1166 2053 omnibus
1187 2012 1277 2052 illis
1306 2018 1354 2052 ut
1385 2024 1411 2052 a
1440 2012 1536 2052 suis
1557 2012 1795 2052 erroribus

155 2084 473 2135 unusquisque
494 2084 554 2124 ad
575 2084 790 2124 veritatis
812 2084 996 2134 asylum
1017 2084 1209 2134 rediret,
1232 2084 1307 2123 hic
1328 2095 1355 2122 a
1376 2083 1683 2123 seditionibus
1704 2094 1794 2122 me-

157 2155 360 2195 ditandis
381 2155 758 2207 blasphemisque
780 2155 1097 2206 sermonibus,
1122 2155 1197 2195 ille
1224 2167 1338 2195 vero
1367 2155 1424 2194 ab
1447 2155 1553 2194 odio
1584 2167 1611 2194 a
1640 2155 1796 2194 multis

154 2224 252 2276 jam
272 2226 407 2266 annis
430 2232 674 2266 contracto
696 2226 1016 2277 similibusque
1033 2226 1182 2277 vitiis,
1205 2226 1328 2277 quod
1345 2225 1433 2265 Dei
1449 2225 1672 2265 beneficio
1690 2237 1794 2264 con-

157 2296 261 2347 tigit
281 2308 655 2348 nonnumquam,
681 2303 729 2337 ut
750 2298 959 2349 pluribus
979 2310 1072 2337 non
1095 2298 1320 2338 dicamus.
1344 2297 1499 2337 Etiam
1529 2297 1584 2336 de
1606 2297 1793 2347 hospiti-

157 2367 244 2407 bus
264 2368 461 2418 nostris,
498 2379 614 2419 quos
634 2368 708 2419 pie
729 2374 774 2408 et
796 2375 980 2419 sancte,
1006 2380 1124 2420 quae
1144 2369 1279 2408 nobis
1307 2368 1413 2408 illac
1443 2367 1796 2408 transeuntibus

158 2444 460 2490 acceperant,
484 2439 626 2479 etiam
645 2451 770 2480 nunc
791 2451 985 2479 servare
1005 2440 1263 2479 retulerunt
1284 2439 1474 2491 quidam
1495 2451 1552 2478 ex
1572 2437 1795 2479 fratribus

156 2509 353 2560 nostris,
378 2509 457 2560 qui
477 2509 628 2549 Roma
649 2510 738 2550 hac
759 2511 846 2550 iter
866 2511 1092 2551 fecerunt.

237 2579 480 2620 Perusiam
501 2581 658 2632 itaque
679 2581 867 2622 tandem
890 2582 1098 2633 appulsis
1119 2581 1325 2621 occurrit
1345 2581 1484 2621 homo
1507 2580 1696 2631 quidam
1715 2579 1791 2620 So-

158 2651 339 2691 cietatis
371 2657 563 2691 nostrae
596 2652 883 2703 peramicus,
915 2653 992 2704 qui
1021 2652 1171 2693 obviis
1198 2652 1320 2691 ulnis
1351 2663 1407 2691 ac
1437 2652 1597 2691 osculo
1628 2658 1792 2691 sancto

157 2733 243 2761 nos
281 2721 484 2773 excepit,
523 2727 695 2762 tractat
729 2723 1065 2764 humanissime
1101 2722 1351 2774 statimque
1386 2721 1446 2762 ad
1474 2721 1529 2762 R.
1558 2721 1615 2761 D.
1651 2721 1789 2762 Vica-

157 2792 279 2832 rium
313 2793 550 2844 perducit,
591 2793 670 2845 qui
704 2800 748 2834 et
781 2795 880 2846 ipse
915 2795 1078 2835 eodem
1105 2794 1256 2834 officio
1291 2805 1377 2833 nos
1411 2793 1708 2844 amplectitur
1736 2805 1792 2832 ac

215 2973 222 2992 ¹
264 2973 361 3001 Ovid.

212 3020 226 3038 ‘²
265 3020 331 3055 Sic,
348 3028 486 3050 sensum
503 3028 616 3052 tamen
633 3030 665 3052 et
677 3033 741 3053 non
757 3026 874 3060 verba,
890 3030 989 3060 prout
1004 3025 1058 3052 hic
1074 3025 1290 3059 adhibentur,
1301 3025 1335 3052 in
1349 3025 1446 3054 Pauli
1462 3026 1614 3060 epistolis
1630 3025 1793 3052 invenies
