2168 3437
888 215 972 251 AN.
1001 214 1092 251 1553
1737 210 1809 247 ‘287

166 314 333 354 denter.
349 312 673 364 gubernando,
696 311 847 363 fungi;
873 310 996 362 quod
1017 311 1228 362 proxime
1251 310 1409 361 elapso
1430 308 1654 360 paschate
1670 318 1804 359 prae-

166 384 296 424 stitit.
320 382 471 423 Alteri
492 382 727 422 sacerdoti
749 382 843 433 (qui
864 382 1154 421 iuventutem
1183 381 1230 420 in
1257 379 1410 421 Gallia
1438 379 1660 428 instituit,
1695 390 1804 418 con-

167 454 421 495 cionatoris
441 464 524 493 seu
544 452 859 493 Ecclesiastae
881 452 1108 503 dignitate
1130 451 1381 503 aliquando
1402 450 1603 499 functus)
1627 449 1805 489 tradita

166 532 273 565 sunt
296 536 323 564 a
344 523 484 564 Patre
505 524 744 564 exercitia.
770 523 812 563 Is
833 523 959 562 haud
988 522 1213 562 mediocri
1244 522 1467 573 spiritalis
1500 522 1624 560 vitae
1651 519 1801 571 profe-

166 603 244 636 ctu
264 595 392 636 Patri
414 595 528 635 satis
548 594 739 645 placuit;
759 593 964 633 nondum
985 598 1141 632 tamen
1164 592 1222 632 ad
1242 594 1385 632 ullam
1406 592 1682 643 religionem
1702 602 1800 630 cer-

166 674 264 707 tum
284 665 492 707 animum
513 665 713 716 appulit,
737 675 1022 715 quamquam
1050 663 1200 703 nostri
1230 663 1413 702 numeri
1441 661 1645 713 augendi
1675 672 1807 713 spem

167 737 304 777 nobis
331 736 584 787 reliquerit.
616 734 870 774 Precamur
891 733 1145 785 Dominum
1165 740 1228 784 ut,
1260 733 1518 773 secundum
1546 732 1806 784 beneplaci-

144 839 146 841 .
168 814 268 848 tum
289 806 616 847 sanctissimae
638 805 894 845 voluntatis
915 816 1051 855 suae,
1075 804 1229 855 ipsum
1259 816 1343 844 sua
1370 804 1619 844 vocatione
1651 803 1807 854 digne-

167 886 256 929 tur,
281 889 371 930 qua
394 876 453 917 ad
474 887 708 917 summum
730 875 903 916 Christi
924 876 1151 915 honorem
1188 874 1358 926 ubique
1384 886 1570 925 semper
1599 880 1811 925 spectan-

168 949 277 989 dum
298 948 470 1000 optime
491 947 623 998 fungi
643 947 803 998 possit.
824 945 1082 995 PostremO,
1108 945 1236 984 hisce
1259 945 1420 984 diebus
1441 945 1631 996 elapsis,
1654 955 1806 984 sacer-

169 1020 278 1071 doti,
301 1019 559 1059 ternarium
579 1017 946 1058 exercitatorum
963 1027 1212 1056 numerum
1230 1015 1502 1067 perficienti,
1526 1016 1661 1055 nobis
1681 1015 1809 1055 fami-

168 1090 440 1141 liarissimo,
463 1089 577 1129 iuris
598 1088 859 1128 Licentiato
883 1099 937 1127 ac
960 1087 1233 1138 theologiae
1255 1087 1412 1126 multis
1434 1087 1570 1126 annis
1600 1086 1812 1126 Lutetiae

171 1173 364 1214 operam
384 1159 691 1212 impendenti,
717 1159 976 1199 animarum
1001 1170 1114 1199 cura
1140 1164 1359 1209 gravato,
1385 1157 1519 1197 Pater
1542 1163 1810 1197 nostrorum

172 1232 504 1273 exercitiorum
526 1237 708 1282 partem
728 1230 990 1281 impertitus
1011 1236 1102 1279 est,
1127 1241 1245 1281 quae
1265 1229 1481 1280 proxima
1512 1229 1678 1280 hyeme
1707 1240 1806 1279 per-

171 1304 310 1344 ficere
336 1303 556 1352 instituit,
586 1301 774 1341 liberior
808 1308 907 1341 tum
936 1312 962 1340 a
992 1300 1373 1340 distractionibus
1403 1299 1600 1339 futurus.
1634 1299 1676 1338 Is
1703 1310 1813 1338 mox

173 1375 315 1416 etiam
332 1380 439 1414 ante
456 1373 784 1413 Pentecostem
805 1372 864 1412 ad
884 1371 1155 1423 paroeciam
1177 1382 1311 1410 suam
1332 1371 1419 1410 iter
1440 1370 1653 1419 adornat,
1674 1370 1814 1409 sitam

172 1447 220 1486 in
254 1446 427 1486 ducatu
460 1443 783 1494 Burgundiae,
818 1443 865 1482 in
895 1454 986 1494 qua
1015 1442 1266 1494 aliquando
1303 1448 1511 1482 moratus
1544 1447 1614 1481 est
1648 1440 1813 1481 Sacra-

173 1523 439 1557 mentorum
460 1521 504 1555 et
527 1515 658 1555 verbi
679 1514 936 1554 ministerio
958 1513 1163 1553 functus.
1182 1512 1226 1553 Is
1250 1524 1366 1564 erga
1387 1512 1634 1553 Societatis
1655 1524 1814 1563 seque-

173 1590 266 1628 lam
287 1586 482 1627 affectus
504 1592 587 1635 est,
608 1585 647 1625 si
664 1584 940 1624 Dominicae
962 1584 1231 1624 vocationis
1252 1583 1453 1635 impulsu
1477 1583 1541 1633 (ut
1562 1584 1660 1634 ipse
1681 1583 1817 1622 nobis

171 1665 335 1711 sponte
370 1669 455 1697 sua
488 1655 625 1697 fidem
660 1655 807 1705 dedit)
843 1655 902 1695 ad
937 1656 1082 1695 ullum
1116 1655 1358 1706 religionis
1390 1660 1564 1694 statum
1605 1654 1812 1693 animum

173 1729 377 1780 adiiciat,
402 1728 461 1768 ad
482 1739 567 1767 nos
595 1728 945 1767 convolatur-us.
978 1727 1061 1766 Est
1091 1726 1314 1766 sacerdos
1345 1732 1562 1777 quartus,
1593 1731 1700 1765 ante
1728 1725 1814 1764 hos

171 1801 346 1841 nostris
380 1799 617 1840 exercitiis
657 1798 865 1838 eruditus
886 1830 893 1848 ,
935 1797 1313 1850 frequentissime
1352 1797 1400 1836 in
1439 1805 1600 1836 nostro
1641 1797 1814 1835 sacello

172 1884 310 1912 sacra
332 1871 574 1912 celebrans
595 1869 845 1921 mysteria,
871 1869 949 1920 qui
971 1868 1029 1908 ad
1050 1874 1262 1908 nostram
1283 1867 1509 1908 accedere
1531 1866 1814 1907 Societatem

171 1944 382 1994 impenso
403 1947 532 1993 optat
554 1940 743 1990 affectu,
767 1952 905 1991 quem
935 1939 1146 1990 corporis
1181 1939 1338 1979 multis
1364 1939 1603 1978 laboribus
1631 1944 1816 1978 contra-

174 2020 251 2054 cta
273 2013 518 2053 infirmitas
539 2013 766 2052 hactenus
787 2017 1064 2050 remoratur.
1097 2009 1237 2050 Faxit
1267 2010 1497 2050 Dominus
1523 2010 1658 2062 Jesus
1686 2008 1813 2049 Chri-

174 2091 272 2125 stus
299 2090 363 2134 ut,
389 2095 587 2136 quorum
616 2082 705 2134 piis
732 2082 856 2122 votis
891 2093 945 2121 ac
980 2081 1225 2121 desideriis
1251 2080 1497 2121 Societatis
1528 2087 1718 2120 nostrae
1747 2091 1813 2119 se-

174 2155 401 2208 quendae,
426 2160 623 2195 naturae
644 2155 719 2193 vel
750 2153 917 2192 aetatis
939 2152 1271 2204 impedimenta
1293 2153 1500 2202 obstant,
1523 2151 1815 2191 individuam

175 2238 282 2267 cum
302 2226 489 2267 Christo
511 2225 785 2265 societatem
806 2224 852 2263 in
876 2225 1006 2264 coelo
1031 2229 1393 2274 consequantur.

231 2309 235 2313 ·
257 2296 506 2337 Caeterum
544 2295 665 2335 RduS
704 2294 844 2335 Pater
882 2301 1042 2335 noster
1082 2294 1431 2334 confessionum
1477 2292 1816 2333 audiendarum

176 2367 559 2410 consuetudinem
579 2378 696 2418 pene
717 2365 1036 2417 quotidianam
1058 2366 1105 2405 in
1133 2365 1247 2405 aede
1278 2365 1401 2405 Divo
1432 2365 1630 2405 Cosmae
1658 2375 1812 2413 sacra,

174 2446 364 2480 nostrae
393 2438 646 2478 Paroeciae
670 2437 907 2487 Ecclesia,
946 2436 1107 2476 diebus
1143 2436 1466 2476 communibus
1501 2447 1557 2475 ac
1593 2434 1815 2485 profestis

175 2511 439 2562 frequentat
460 2520 554 2548 non
575 2508 672 2547 sine
695 2509 958 2547 animarum
981 2508 1146 2547 salutis
1168 2507 1475 2558 promotione.
1500 2505 1677 2545 Diebus
1698 2516 1813 2544 vero

177 2581 341 2630 sacris,
359 2581 405 2620 in
423 2578 624 2619 Abbatia
642 2577 803 2618 Sancti
819 2578 1057 2626 Germani,
1078 2577 1389 2617 confessionis
1406 2582 1449 2616 et
1467 2575 1815 2616 communionis

177 2658 473 2692 sacramenta
495 2649 758 2701 petentibus
782 2660 868 2699 pro
892 2660 1021 2688 more
1043 2649 1294 2689 ministrat.
1318 2648 1442 2688 Inter
1470 2647 1694 2698 reliquos,
1720 2646 1814 2697 qui-

177 2724 263 2763 bus
297 2723 435 2763 Pater
471 2734 497 2761 a
532 2720 825 2761 confessione
863 2719 972 2770 fuit,
1009 2731 1128 2760 unus
1166 2726 1209 2760 et
1243 2720 1359 2759 alter
1398 2723 1713 2767 emerserunt,
1738 2717 1815 2768 qui

179 2793 492 2846 poenitentiae
530 2791 763 2842 insignem
802 2789 1006 2830 fructum
1042 2791 1243 2831 retulere
1284 2801 1338 2829 ac
1377 2789 1515 2829 nobis
1552 2788 1816 2839 gratiarum

181 2865 380 2905 actionis
400 2864 500 2904 Deo
521 2861 786 2903 reddendae
813 2873 987 2900 novam
1016 2861 1273 2912 praebuere
1301 2860 1613 2900 occasionem.
1646 2858 1814 2898 Adole-

181 2947 341 2986 scens,
372 2935 637 2975 animarum
667 2943 807 2972 onere
839 2938 1089 2982 gravatus,
1119 2942 1284 2983 preces
1310 2931 1586 2980 canonicas,
1618 2940 1819 2981 quarum

180 3006 381 3046 necdum
403 3004 672 3045 methodum
693 3003 933 3053 didicerat,
953 3003 1123 3042 multos
1142 3013 1290 3042 annos
1307 3000 1493 3041 Christo
1516 3006 1560 3040 et
1577 3000 1818 3040 Ecclesiae
