2168 3437
372 244 441 280 1Ἶὶ)ι
884 244 1110 278 LITTERAE
1137 252 1496 284 QUADRIMESTRES

367 341 415 380 in
436 340 596 380 divino
618 339 882 380 confortata
912 350 1085 390 amore,
1118 339 1244 379 omni
1272 340 1591 381 consolatione
1612 341 1672 382 ad
1687 353 1798 381 suas
1816 353 2009 382 reversa

367 417 452 462 est,
483 411 619 451 citius
651 411 831 461 eligens
865 410 985 450 mori
1016 422 1271 463 omnesque
1293 411 1536 461 angustias
1563 417 1607 452 et
1638 412 1833 453 iniurias
1868 412 2007 463 ferre,

365 494 508 533 quam
530 495 556 522 a
573 494 658 522 sua
680 482 908 533 religione
930 488 1213 533 apostatare,
1234 488 1283 522 ut
1304 483 1542 523 multoties
1563 490 1727 535 postea
1749 483 1808 524 ad
1831 484 2009 524 confes-

365 553 544 593 sionem
567 563 829 603 recurrens,
853 553 968 593 satis
989 553 1346 594 demonstravit.

448 623 675 675 Quamvis
691 624 815 663 enim
836 624 1063 664 coenobia
1088 625 1163 665 hic
1184 625 1383 675 plurima
1405 625 1675 676 habeamus,
1700 637 1922 676 magnam
1944 632 2010 666 ta-

366 706 471 734 men
509 705 686 744 eorum,
719 695 994 735 monialium
1028 696 1300 747 praecipue,
1339 696 1586 747 penuriam
1620 697 1850 748 patimur;
1889 697 2007 736 adeo

361 766 486 805 enim
510 766 725 806 certatim
747 778 801 806 ea
823 766 1008 816 ingredi
1029 767 1239 818 virgines
1256 773 1550 817 exaestuant,
1570 772 1619 807 ut
1640 768 1843 819 quinque
1862 779 2004 819 quan-

362 837 529 889 doque,
553 836 705 887 unius‚
729 843 779 877 ut
795 837 859 877 ita
879 838 1046 887 dicam,
1068 844 1235 889 morte,
1256 838 1345 878 loci
1363 839 1723 879 evacuationem
1745 845 2007 891 expectent,

361 908 576 958 graviter
611 908 864 949 admodum
899 909 1124 949 mundum
1159 909 1384 959 ferentes,
1414 921 1638 961 magnam
1672 910 1762 950 sibi
1790 915 2009 961 reputant

360 979 462 1019 fieri
484 980 703 1020 iniuriam
730 992 784 1020 eo
815 980 938 1032 quod
965 992 1048 1032 pro
1084 986 1195 1021 voto
1226 992 1361 1021 suum
1397 981 1617 1021 dilectum
1647 980 1823 1021 nudum
1858 981 2009 1021 Iesum

362 1051 584 1102 amplecti
604 1063 698 1091 non
714 1051 1059 1102 permittantur.

442 1121 518 1162 Ad
540 1134 728 1163 sacram
749 1123 1138 1174 communionem,
1158 1129 1207 1163 ut
1235 1124 1281 1164 in
1309 1124 1412 1164 aliis
1440 1124 1586 1174 festis,
1622 1124 1685 1163 ita
1715 1129 1759 1163 et
1788 1123 1939 1174 magis
1962 1124 2007 1163 in

367 1194 456 1233 hoc
476 1194 595 1234 festo
616 1194 888 1234 Nativitatis
909 1194 1112 1245 Domini,
1132 1195 1299 1246 ingens
1321 1196 1569 1236 multitudo
1587 1195 1804 1244 accessit,
1824 1195 1881 1235 ab
1904 1195 2007 1246 ipso

364 1265 439 1305 die
468 1266 614 1305 natali
635 1276 782 1317 usque
803 1266 847 1305 in
871 1265 1081 1317 quintam
1100 1266 1266 1306 feriam
1287 1278 1380 1306 non
1408 1267 1588 1307 minore
1610 1266 1824 1306 libertate
1851 1277 1906 1306 ac
1937 1278 2006 1306 so-

359 1336 614 1386 lemnitate,
645 1348 787 1388 quam
808 1337 847 1376 si
876 1336 1060 1377 Pascha
1082 1337 1367 1377 celebratum
1396 1337 1577 1378 fuisset.
1612 1337 1789 1388 Quibus
1827 1337 2004 1388 diebus,

366 1408 432 1448 uti
452 1408 650 1459 singulis
672 1408 919 1448 dominicis
941 1415 985 1448 et
1006 1408 1201 1458 festivis,
1226 1409 1273 1448 in
1294 1420 1476 1448 summa
1502 1420 1689 1460 pompa,
1720 1414 1911 1458 ornatu,
1935 1420 2005 1448 ce·

361 1479 579 1519 lebritate
609 1485 746 1530 atque
778 1479 1077 1519 luminarium
1105 1480 1241 1530 copia
1264 1479 1548 1520 Venerabile
1578 1478 1938 1519 Sacramentum
1959 1479 2006 1518 in

356 1551 495 1590 altari
532 1551 796 1602 expositum
831 1551 983 1590 fuerat
1021 1551 1078 1590 ab
1122 1551 1223 1602 ipso
1261 1551 1465 1590 diluculo
1498 1551 1544 1590 in
1570 1550 1814 1590 meridiem
1840 1562 2004 1602 usque.

355 1622 480 1673 quod
503 1628 610 1661 ante
633 1622 749 1662 duos
771 1633 919 1662 annos
937 1622 1138 1662 Lovanii
1157 1633 1397 1674 nunquam
1419 1622 1575 1662 visum
1598 1627 1682 1661 est.
1706 1621 1840 1662 Unde
1864 1622 2006 1661 etiam

361 1699 475 1744 quot
509 1700 799 1744 peccatores,
837 1705 977 1744 quam
1004 1705 1149 1733 saxea
1178 1693 1338 1743 corda,
1376 1693 1422 1733 in
1450 1693 1551 1733 dies
1580 1693 1638 1733 ad
1661 1693 2004 1743 contritionem,

361 1764 683 1815 devotionem,
728 1764 1070 1805 confessionem
1116 1772 1161 1804 et
1207 1764 1587 1805 communionem
1632 1770 2002 1815 commoventur,

355 1836 628 1887 quotidiana
652 1847 738 1876 nos
760 1836 943 1876 abunde
966 1836 1101 1876 docet
1129 1836 1441 1887 experientia,
1473 1836 1550 1887 qui
1579 1835 1687 1875 huic
1718 1835 1848 1887 operi
1876 1835 2001 1875 adiu-

357 1908 500 1947 trices
532 1907 752 1947 debemus
787 1919 955 1948 manus
977 1919 1229 1960 apponere.
1262 1906 1653 1959 Quandoquidem
1688 1907 1743 1946 de
1780 1906 2004 1947 extremis

353 1979 563 2019 civitatis
584 1979 810 2030 partibus,
836 1985 934 2019 tum
957 1979 1016 2019 ad
1039 1979 1325 2019 audiendum
1349 1978 1568 2030 (praefati
1589 1978 1649 2018 M.
1675 1978 1791 2028 Nri.)
1819 1978 2002 2018 concio-

354 2061 479 2100 nem,
511 2056 607 2090 tum
643 2051 703 2090 ad
733 2050 1076 2090 confessionem
1105 2056 1149 2090 et
1171 2050 1548 2090 communionem
1589 2049 1829 2089 turmatim
1859 2049 2000 2089 homi-

354 2133 438 2161 nes
460 2121 714 2161 confluunt.
743 2121 930 2161 Novum
948 2122 1071 2161 enim
1094 2121 1203 2161 hinc
1230 2127 1447 2161 exortum
1468 2120 1708 2172 proverbii
1729 2121 1831 2160 1000
1853 2120 1900 2170 in
1920 2132 2001 2160 ore

355 2192 565 2232 omnium
593 2192 740 2232 fertur
771 2192 1044 2232 dicterium:
1081 2193 1127 2232 in
1160 2193 1332 2244 templo
1368 2191 1528 2232 Sancti
1562 2191 1803 2232 Michaelis
1838 2197 2001 2243 aperta

355 2276 541 2315 semper
562 2264 762 2304 inveniri
784 2264 1124 2315 promptuaria,
1150 2264 1258 2315 quia
1281 2263 1496 2303 coelestis
1519 2263 1593 2303 ille
1615 2263 1749 2314 panis
1780 2264 1826 2303 in
1855 2269 2001 2303 aeter-

352 2347 464 2375 num
499 2335 772 2375 benedictus
797 2336 883 2386 ,uti
919 2335 1218 2386 quotidianus
1253 2335 1310 2374 ab
1339 2335 1440 2385 ipso
1471 2333 1814 2374 Patrefamilias
1847 2335 1997 2386 appel-

353 2408 476 2446 latus
511 2413 594 2457 est,
626 2406 688 2446 ita
723 2406 864 2446 etiam
887 2406 1090 2457 quotidie
1121 2405 1225 2445 filiis
1247 2405 1454 2445 eiusdem
1475 2405 1679 2445 familiae
1709 2406 1755 2445 in
1785 2406 2000 2456 spiritua-

352 2476 444 2517 lem
465 2477 766 2517 refectionem
797 2477 1013 2528 partitur.
1040 2476 1149 2516 Inde
1171 2489 1225 2516 eo
1247 2477 1437 2516 tandem
1459 2477 1692 2527 (quamvis
1713 2488 1806 2516 non
1827 2477 2000 2528 exiguo

352 2549 513 2588 labore
542 2560 630 2588 nec
652 2549 752 2588 sine
775 2549 1107 2588 oblatrantium
1137 2547 1466 2597 mordacitate)
1489 2548 1735 2588 devenisse
1763 2548 1997 2596 videmus,

353 2625 403 2659 ut
441 2626 523 2660 aut
559 2631 720 2659 omnes
760 2619 958 2659 aliarum
994 2619 1302 2658 ecclesiarum
1327 2626 1544 2669 pastores
1585 2619 1787 2670 idipsum
1822 2618 1870 2658 in
1904 2619 2000 2659 suis

352 2691 566 2730 ecclesiis
582 2691 802 2730 exhibere
820 2696 1064 2741 cogantur,
1085 2695 1165 2728 aut
1184 2688 1324 2740 <quod
1342 2689 1476 2740 absit)
1494 2696 1592 2729 toto
1607 2690 1834 2741 paulatim
1851 2700 1999 2741 grege

361 2761 690 2812 destituantur,
715 2761 822 2813 quia
845 2761 1071 2809 oviculae,
1096 2760 1293 2800 desertis
1310 2761 1451 2800 etiam
1472 2761 1567 2800 suis
1588 2760 1854 2812 pastoribus
1872 2792 1879 2811 ,
1899 2761 1996 2812 pin-

353 2832 524 2882 guiora
554 2837 794 2872 sectantur
821 2843 1011 2884 pascua.
1036 2830 1104 2871 Ne
1127 2831 1269 2881 igitur
1291 2837 1519 2882 pastoreS,
1543 2831 1704 2882 quales
1726 2830 1960 2883 Propheta
1984 2831 1991 2849 ¹

364 2902 595 2954 depingit,
631 2914 827 2953 gregem
858 2915 951 2942 non
979 2901 1203 2942 ducentes
1238 2902 1546 2953 reperiantur,
1583 2902 1816 2952 nonnulli,
1847 2908 1999 2942 retra-

425 3062 435 3081 ¹
472 3061 640 3095 Ezechiel,
652 3069 725 3096 cap.
742 3069 799 3088 xxx
806 3071 836 3088 v.
