2168 3437
0 0 44 30 [ret
77 2 80 5 ·
113 0 116 2 ’

872 221 956 257 AN.
987 220 1080 257 1554
1723 216 1797 254 623

156 321 383 362 latissime
418 331 468 359 se
497 318 752 359 diffundere
783 328 1044 368 nomenque
1071 316 1213 366 illius,
1244 321 1382 355 antea
1409 315 1643 366 plerisque
1670 314 1795 354 inco-

161 393 358 443 gnitum,
382 391 552 442 ubique
574 389 755 429 celebre
777 388 931 440 coepit
952 387 1129 427 haberi.
1155 386 1290 437 Quod
1310 397 1416 426 eum
1437 386 1512 425 hic
1533 385 1581 425 P.
1615 384 1796 425 Natalis

160 469 204 503 et
227 462 276 503 P.
301 461 612 502 Provincialis
635 458 645 478 ¹
668 460 804 500 simul
824 459 1059 508 adessent,
1083 457 1291 509 periculo
1315 457 1644 508 comperimus.
1679 455 1797 496 Con-

158 534 363 574 fluebant
384 532 509 572 enim
531 530 590 571 ad
611 531 713 571 illos
734 530 922 582 plurimi
943 529 1161 580 undique,
1186 529 1438 568 multorum
1459 540 1515 567 ac
1537 527 1796 578 insignium

162 604 423 653 civitatum,
448 602 805 653 Episcoporum‚
830 601 1107 651 Magnatum
1138 598 1361 639 mandata
1393 598 1681 649 adferentes,
1717 597 1795 638 So-

161 675 379 715 cietatem
407 685 566 713 secum
593 672 785 712 summis
814 671 1076 711 animorum
1103 670 1226 710 votis
1255 669 1428 717 habere
1455 669 1799 720 exoptantium.

158 746 289 786 Haec
306 744 581 795 Collegium,
600 743 674 783 ille
693 743 896 792 domum,
913 742 1031 781 alius
1048 741 1257 781 redditus
1274 741 1588 792 amplissimos
1605 740 1798 791 promit-

162 817 302 864 tebat;
340 815 550 867 plerique
580 826 629 854 se
658 814 849 854 foelices
879 825 935 853 ac
970 813 1134 853 beatos
1159 812 1258 852 fore
1294 812 1627 852 existimabant
1655 812 1695 851 si
1723 811 1799 851 vel

158 899 301 928 unum
322 887 524 936 Patrem,
549 886 626 937 qui
647 884 895 926 Societatis
915 884 1069 934 fuerit,
1096 895 1257 923 secum
1278 884 1432 934 aliquo
1461 889 1671 934 tempore
1703 894 1798 923 mo-

163 959 261 999 rari
283 957 547 1007 contigerit.

237 1030 355 1069 Tam
375 1028 661 1068 uberrimam
682 1039 883 1067 messem
904 1025 1118 1067 Christus
1144 1025 1313 1076 ubique
1336 1025 1538 1065 ostendit
1561 1030 1623 1073 ut,
1657 1035 1799 1075 quan-

157 1107 256 1141 tum
276 1099 509 1149 existimo,
532 1099 614 1138 Vix
635 1104 733 1138 tota
755 1097 980 1147 Societas,
1004 1096 1322 1148 quamtumvis
1344 1107 1426 1147 per
1449 1097 1608 1135 orbem
1631 1107 1797 1147 sparsa

159 1178 203 1212 et
221 1171 402 1221 diffusa,
424 1170 561 1210 unius
578 1169 835 1220 Hispaniae
852 1169 977 1208 votis
995 1167 1270 1207 satisfacere
1287 1167 1447 1218 possit.
1468 1166 1560 1207 Sed
1579 1167 1802 1218 quoniam

158 1245 379 1295 pleraque
401 1242 570 1282 horum
591 1253 650 1280 ex
670 1240 879 1291 epistolis
900 1239 949 1279 P.
976 1239 1257 1290 Hieronymi
1277 1237 1458 1278 Natalis
1490 1239 1800 1288 aliorumque,

162 1314 329 1366 quibus
348 1313 395 1353 id
415 1312 622 1353 muneris
645 1323 671 1351 a
693 1318 737 1351 te
760 1310 1020 1362 injunctum
1042 1315 1125 1359 est,
1150 1321 1291 1349 nosse
1312 1316 1469 1360 potes,
1494 1320 1580 1348 nos
1613 1320 1667 1348 ea
1690 1308 1800 1348 scri-

162 1386 340 1435 bemus,
367 1395 485 1437 quae
507 1381 644 1433 hujus
666 1388 772 1422 sunt
792 1381 1048 1433 peculiaria
1071 1380 1267 1431 Collegii
1296 1381 1356 1428 (si
1377 1380 1643 1432 quicquam,
1677 1379 1802 1431 quod

161 1456 398 1509 peculiare
421 1455 514 1495 dici
535 1454 696 1506 possit,
722 1453 929 1493 charitas
951 1453 1124 1502 habet),
1148 1451 1438 1501 brevissime,
1472 1457 1699 1502 quantum
1726 1462 1805 1490 res

161 1528 263 1579 ipsa
284 1526 563 1579 permiserit,
588 1531 788 1576 tuaeque
809 1523 1107 1576 plenissimae
1130 1523 1466 1574 occupationes
1497 1521 1708 1570 suadent,
1746 1522 1800 1561 si-

160 1598 410 1650 gnificasse
432 1597 515 1637 tibi
534 1597 690 1648 potius
712 1608 767 1636 ea
789 1600 868 1635 aut
890 1595 1097 1634 innuisse
1119 1606 1259 1646 quam
1280 1605 1474 1634 ornasse
1497 1593 1718 1633 contenti.

239 1671 297 1710 Et
317 1675 367 1709 ut
388 1669 445 1708 ab
467 1668 524 1708 iis
547 1667 858 1719 auspicemur,
882 1677 1001 1717 quae
1022 1666 1150 1706 circa
1173 1671 1360 1706 exteros
1382 1665 1571 1705 Domini
1593 1665 1704 1717 jesu
1725 1665 1801 1704 bo-

160 1742 282 1781 nitas
317 1746 586 1783 nostrorum
620 1738 879 1778 ministerio
915 1743 1152 1789 operatur,
1182 1749 1363 1787 eorum,
1397 1737 1475 1788 qui
1511 1736 1804 1776 documentis

160 1811 477 1864 spiritualibus
507 1816 801 1860 exercentur,
836 1820 1020 1860 semper
1047 1819 1248 1859 magnus
1278 1814 1348 1848 est
1379 1808 1502 1859 apud
1530 1819 1618 1847 nos
1646 1819 1802 1847 nume-

161 1895 262 1934 rus,
286 1889 336 1923 ut
355 1894 442 1922 nec
464 1882 628 1922 domus
649 1880 919 1932 amplitudo,
945 1891 1063 1931 quae
1085 1886 1287 1930 angusta
1318 1891 1410 1919 non
1441 1884 1530 1924 est,
1565 1884 1802 1918 tantorum

160 1955 284 1995 votis
318 1959 458 2006 queat
479 1952 767 2001 satisfacere,
805 1951 946 1992 etiam
981 1951 1019 1991 si
1050 1951 1107 1991 ob
1138 1951 1185 1990 id
1210 1950 1433 1990 fratribus
1468 1961 1804 2001 nonnunquam

163 2026 407 2077 angustius
442 2024 676 2075 agendum
711 2024 784 2063 sit.
821 2022 926 2063 Non
961 2022 1083 2062 enim
1123 2022 1304 2061 minore
1339 2021 1579 2072 diligentia
1617 2020 1803 2071 quando

165 2097 291 2150 apud
310 2108 395 2136 nos
416 2097 546 2136 locus
576 2095 635 2135 sit
665 2094 851 2146 plurimi
879 2094 1161 2143 observant3
1190 2104 1375 2143 unoque
1404 2092 1678 2141 decedente,
1711 2097 1811 2131 tres

163 2174 243 2208 aut
263 2174 464 2219 quatuor
485 2166 743 2206 succedunt
765 2164 957 2205 summis
979 2164 1098 2204 inter
1121 2175 1169 2203 se
1191 2163 1434 2203 desideriis
1463 2168 1698 2202 certantes
1727 2161 1806 2213 qui

162 2240 346 2279 illorum
367 2238 512 2289 recipi
534 2237 593 2277 ad
613 2236 837 2276 exercitia
860 2235 990 2287 prius
1012 2235 1177 2274 debeat
1199 2245 1339 2285 quam
1361 2234 1439 2273 alii
1466 2234 1616 2273 solent
1639 2233 1685 2272 in
1714 2233 1804 2272 col-

163 2310 394 2361 legiorum
414 2308 693 2360 praebendis
714 2307 726 2325 ³
748 2306 951 2357 inhiare;
975 2311 1114 2357 atque
1136 2305 1200 2345 ita
1221 2305 1378 2356 plures
1401 2304 1612 2355 cogimur
1642 2303 1810 2343 admit-⁷

163 2388 261 2421 tere
282 2391 422 2432 quam
443 2379 588 2419 otium
616 2378 816 2418 fortasse
845 2384 890 2417 et
924 2377 1054 2429 quies
1080 2376 1278 2416 fratrum
1308 2375 1561 2426 patiantur.
1596 2374 1805 2414 Fuerunt

166 2463 349 2504 semper
386 2451 458 2491 his
492 2450 654 2490 diebus
693 2449 817 2490 domi
853 2454 960 2488 octo
996 2449 1099 2499 plus
1133 2447 1347 2487 minusve
1382 2446 1429 2486 in
1463 2446 1723 2496 exercitiis,
1761 2451 1805 2485 et

166 2530 411 2576 praeterea
432 2521 682 2573 plusquam
702 2520 891 2571 viginti,
917 2520 994 2571 qui
1016 2519 1172 2559 multis
1190 2517 1287 2569 jam
1307 2517 1469 2557 diebus
1492 2528 1663 2568 magno
1697 2516 1804 2556 affe-

167 2601 246 2634 ctu
272 2606 326 2634 ea
354 2606 381 2633 a
407 2592 541 2633 nobis
575 2591 847 2642 efflagitant.
881 2590 1061 2630 Horum
1090 2600 1312 2629 numerus
1339 2599 1523 2639 semper
1557 2587 1808 2639 accrescit,

166 2665 337 2717 partim
358 2676 416 2703 ex
436 2663 531 2713 his,
556 2663 633 2713 qui
655 2662 701 2702 in
722 2661 887 2702 studiis
908 2661 1128 2701 literariis
1151 2672 1257 2700 cum
1276 2659 1499 2699 fratribus
1527 2658 1806 2698 familiarius

225 2848 234 2867 ¹
275 2847 312 2875 Ρ.
329 2847 498 2873 Antonius
513 2846 552 2872 de
570 2846 696 2872 Araoz.

222 2894 235 2914 ²
274 2894 438 2927 Collegia,
454 2893 748 2920 Universitatibus
763 2893 843 2919 olim
863 2892 1036 2926 adjuncta,
1053 2892 1217 2926 quosdam
1236 2891 1408 2918 habebant
1424 2891 1603 2925 officiale&
1624 2891 1690 2925 qui,
1707 2898 1807 2925 prae-

170 2947 223 2970 ter
246 2942 496 2969 habitationem
517 2944 550 2967 et
572 2940 867 2971 sustentationem,
886 2939 1039 2973 pluribus
1062 2940 1152 2966 haud
1174 2939 1305 2973 exiguis
1327 2939 1494 2966 reditibus
1516 2943 1549 2965 et
1571 2939 1812 2966 emolumentis

170 2991 383 3017 fruebantur.
396 2989 492 3015 Unde
506 2995 622 3015 eorum
637 2987 750 3021 officia
767 2987 916 3021 ejusdem
931 2986 1001 3014 fere
1023 2987 1124 3021 pretii
1146 2991 1180 3014 et
1202 2985 1381 3021 dignitatis
1401 2986 1615 3014 habebantur
1638 2994 1677 3013 ae
1701 2988 1807 3013 eecle-

169 3038 297 3064 siarum
310 3037 549 3072 praebendae.
