<?xml version="1.0" encoding="UTF-8"?>
<!DOCTYPE html PUBLIC "-//W3C//DTD XHTML 1.0 Transitional//EN"
    "http://www.w3.org/TR/xhtml1/DTD/xhtml1-transitional.dtd">
<html xmlns="http://www.w3.org/1999/xhtml" xml:lang="en" lang="en">
 <head>
  <title>
</title>
<meta http-equiv="Content-Type" content="text/html;charset=utf-8" />
  <meta name='ocr-system' content='tesseract 3.04.00' />
  <meta name='ocr-capabilities' content='ocr_page ocr_carea ocr_par ocr_line ocrx_word'/>
</head>
<body>
  <div class='ocr_page' id='page_1' title='image "./litteraequadrime1402lain_0646.png"; bbox 0 0 2168 3437; ppageno 0'>
   <div class='ocr_carea' id='block_1_1' title="bbox 391 250 1518 293">
    <p class='ocr_par' dir='ltr' id='par_1_1' title="bbox 391 250 1518 293">
     <span class='ocr_line' id='line_1_1' title="bbox 391 250 1518 293; baseline -0.002 -4"><span class='ocrx_word' id='word_1_1' title='bbox 391 252 462 289; x_wconf 74' lang='lat'>642</span> <span class='ocrx_word' id='word_1_2' title='bbox 903 250 1132 287; x_wconf 74' lang='lat' dir='ltr'>LITTERAE</span> <span class='ocrx_word' id='word_1_3' title='bbox 1159 260 1518 293; x_wconf 75' lang='lat' dir='ltr'><strong>QUADRIMESTRES</strong></span> 
     </span>
    </p>
   </div>
   <div class='ocr_carea' id='block_1_2' title="bbox 382 346 2036 2610">
    <p class='ocr_par' dir='ltr' id='par_1_2' title="bbox 389 346 2031 541">
     <span class='ocr_line' id='line_1_2' title="bbox 389 346 2031 399; baseline 0 -10"><span class='ocrx_word' id='word_1_4' title='bbox 389 347 699 389; x_wconf 87' lang='lat' dir='ltr'>interfuerunt</span> <span class='ocrx_word' id='word_1_5' title='bbox 721 352 764 386; x_wconf 90' lang='lat' dir='ltr'>et</span> <span class='ocrx_word' id='word_1_6' title='bbox 785 346 1039 386; x_wconf 89' lang='lat' dir='ltr'>Dominum</span> <span class='ocrx_word' id='word_1_7' title='bbox 1060 347 1193 397; x_wconf 90' lang='lat' dir='ltr'>coeli,</span> <span class='ocrx_word' id='word_1_8' title='bbox 1219 346 1293 387; x_wconf 91' lang='lat' dir='ltr'>cui</span> <span class='ocrx_word' id='word_1_9' title='bbox 1314 358 1363 387; x_wconf 93' lang='lat' dir='ltr'>se</span> <span class='ocrx_word' id='word_1_10' title='bbox 1384 346 1677 398; x_wconf 75' lang='lat' dir='ltr'>dicaverant,</span> <span class='ocrx_word' id='word_1_11' title='bbox 1697 349 1830 399; x_wconf 82' lang='lat' dir='ltr'>quasi</span> <span class='ocrx_word' id='word_1_12' title='bbox 1846 348 2031 389; x_wconf 86' lang='lat' dir='ltr'>futurae</span> 
     </span>
     <span class='ocr_line' id='line_1_3' title="bbox 389 418 2030 470; baseline 0.001 -12"><span class='ocrx_word' id='word_1_13' title='bbox 389 419 571 470; x_wconf 89' lang='lat' dir='ltr'>gloriae</span> <span class='ocrx_word' id='word_1_14' title='bbox 592 430 676 469; x_wconf 91' lang='lat' dir='ltr'>pro</span> <span class='ocrx_word' id='word_1_15' title='bbox 699 429 783 457; x_wconf 87' lang='lat' dir='ltr'>sua</span> <span class='ocrx_word' id='word_1_16' title='bbox 806 418 1040 458; x_wconf 87' lang='lat' dir='ltr'>oblatione</span> <span class='ocrx_word' id='word_1_17' title='bbox 1071 418 1262 469; x_wconf 81' lang='lat' dir='ltr'>pignus,</span> <span class='ocrx_word' id='word_1_18' title='bbox 1299 424 1604 470; x_wconf 89' lang='lat' dir='ltr'>acceperunt,</span> <span class='ocrx_word' id='word_1_19' title='bbox 1628 430 1818 459; x_wconf 89' lang='lat' dir='ltr'>mensae</span> <span class='ocrx_word' id='word_1_20' title='bbox 1839 420 2030 460; x_wconf 90' lang='lat' dir='ltr'>domini-</span> 
     </span>
     <span class='ocr_line' id='line_1_4' title="bbox 390 489 848 541; baseline -0.004 -11"><span class='ocrx_word' id='word_1_21' title='bbox 390 503 473 530; x_wconf 91' lang='lat' dir='ltr'>cae</span> <span class='ocrx_word' id='word_1_22' title='bbox 493 489 848 541; x_wconf 80' lang='lat' dir='ltr'>participantes.</span> 
     </span>
    </p>

    <p class='ocr_par' dir='ltr' id='par_1_3' title="bbox 385 559 2034 1681">
     <span class='ocr_line' id='line_1_5' title="bbox 471 559 2028 613; baseline 0.001 -13"><span class='ocrx_word' id='word_1_23' title='bbox 471 560 846 611; x_wconf 84' lang='lat' dir='ltr'>Quadragesima</span> <span class='ocrx_word' id='word_1_24' title='bbox 868 559 1172 611; x_wconf 86' lang='lat' dir='ltr'>adventante,</span> <span class='ocrx_word' id='word_1_25' title='bbox 1203 559 1341 601; x_wconf 86' lang='lat' dir='ltr'>Pater</span> <span class='ocrx_word' id='word_1_26' title='bbox 1370 561 1428 601; x_wconf 94' lang='lat' dir='ltr'>D.</span> <span class='ocrx_word' id='word_1_27' title='bbox 1453 561 1665 613; x_wconf 80' lang='lat' dir='ltr'>Baptista</span> <span class='ocrx_word' id='word_1_28' title='bbox 1685 562 1976 602; x_wconf 90' lang='lat' dir='ltr'>Fontenente</span> <span class='ocrx_word' id='word_1_29' title='bbox 2003 562 2028 613; x_wconf 82' lang='lat'>²,</span> 
     </span>
     <span class='ocr_line' id='line_1_6' title="bbox 390 630 2032 684; baseline 0.001 -12"><span class='ocrx_word' id='word_1_30' title='bbox 390 631 611 684; x_wconf 88' lang='lat' dir='ltr'>oppidum</span> <span class='ocrx_word' id='word_1_31' title='bbox 631 630 895 683; x_wconf 85' lang='lat' dir='ltr'>frequentia</span> <span class='ocrx_word' id='word_1_32' title='bbox 916 643 971 671; x_wconf 93' lang='lat' dir='ltr'>ac</span> <span class='ocrx_word' id='word_1_33' title='bbox 994 631 1169 672; x_wconf 84' lang='lat' dir='ltr'>civium</span> <span class='ocrx_word' id='word_1_34' title='bbox 1190 632 1433 672; x_wconf 90' lang='lat' dir='ltr'>nobilitate</span> <span class='ocrx_word' id='word_1_35' title='bbox 1456 633 1780 684; x_wconf 91' lang='lat' dir='ltr'>conspicuum,</span> <span class='ocrx_word' id='word_1_36' title='bbox 1805 645 1853 673; x_wconf 92' lang='lat' dir='ltr'>se</span> <span class='ocrx_word' id='word_1_37' title='bbox 1876 639 2032 674; x_wconf 90' lang='lat' dir='ltr'>contu-</span> 
     </span>
     <span class='ocr_line' id='line_1_7' title="bbox 390 703 2034 756; baseline 0.001 -12"><span class='ocrx_word' id='word_1_38' title='bbox 390 704 460 753; x_wconf 85' lang='lat' dir='ltr'>lit,</span> <span class='ocrx_word' id='word_1_39' title='bbox 490 704 568 743; x_wconf 90' lang='lat' dir='ltr'>ubi</span> <span class='ocrx_word' id='word_1_40' title='bbox 603 715 697 743; x_wconf 89' lang='lat' dir='ltr'>non</span> <span class='ocrx_word' id='word_1_41' title='bbox 724 703 877 743; x_wconf 89' lang='lat' dir='ltr'>minor</span> <span class='ocrx_word' id='word_1_42' title='bbox 907 703 1054 743; x_wconf 81' lang='lat' dir='ltr'>divini</span> <span class='ocrx_word' id='word_1_43' title='bbox 1081 703 1251 754; x_wconf 89' lang='lat' dir='ltr'>eloquii</span> <span class='ocrx_word' id='word_1_44' title='bbox 1279 704 1538 744; x_wconf 76' lang='lat' dir='ltr'>necessitas</span> <span class='ocrx_word' id='word_1_45' title='bbox 1573 716 1714 756; x_wconf 89' lang='lat' dir='ltr'>quam</span> <span class='ocrx_word' id='word_1_46' title='bbox 1749 705 2034 745; x_wconf 88' lang='lat' dir='ltr'>desiderium</span> 
     </span>
     <span class='ocr_line' id='line_1_8' title="bbox 389 773 2031 826; baseline 0.001 -12"><span class='ocrx_word' id='word_1_47' title='bbox 389 774 544 815; x_wconf 87' lang='lat' dir='ltr'>Patris</span> <span class='ocrx_word' id='word_1_48' title='bbox 565 773 784 814; x_wconf 88' lang='lat' dir='ltr'>audiendi</span> <span class='ocrx_word' id='word_1_49' title='bbox 806 773 1151 825; x_wconf 82' lang='lat' dir='ltr'>oppidanorum</span> <span class='ocrx_word' id='word_1_50' title='bbox 1178 773 1346 814; x_wconf 90' lang='lat' dir='ltr'>animis</span> <span class='ocrx_word' id='word_1_51' title='bbox 1368 775 1630 826; x_wconf 85' lang='lat' dir='ltr'>ingruerat.</span> <span class='ocrx_word' id='word_1_52' title='bbox 1652 775 1903 816; x_wconf 90' lang='lat' dir='ltr'>Factiones</span> <span class='ocrx_word' id='word_1_53' title='bbox 1920 777 2031 817; x_wconf 89' lang='lat' dir='ltr'>mul-</span> 
     </span>
     <span class='ocr_line' id='line_1_9' title="bbox 389 845 2031 898; baseline 0.001 -12"><span class='ocrx_word' id='word_1_54' title='bbox 389 853 484 897; x_wconf 90' lang='lat' dir='ltr'>tae,</span> <span class='ocrx_word' id='word_1_55' title='bbox 507 845 779 886; x_wconf 86' lang='lat' dir='ltr'>inimicitiae</span> <span class='ocrx_word' id='word_1_56' title='bbox 799 845 1029 897; x_wconf 90' lang='lat' dir='ltr'>publicae,</span> <span class='ocrx_word' id='word_1_57' title='bbox 1052 846 1344 897; x_wconf 89' lang='lat' dir='ltr'>&#39;caeteraque</span> <span class='ocrx_word' id='word_1_58' title='bbox 1372 846 1518 887; x_wconf 92' lang='lat' dir='ltr'>multa</span> <span class='ocrx_word' id='word_1_59' title='bbox 1544 847 1682 887; x_wconf 90' lang='lat' dir='ltr'>huius</span> <span class='ocrx_word' id='word_1_60' title='bbox 1708 848 1897 898; x_wconf 89' lang='lat' dir='ltr'>generis</span> <span class='ocrx_word' id='word_1_61' title='bbox 1917 847 2031 887; x_wconf 83' lang='lat' dir='ltr'>vitia</span> 
     </span>
     <span class='ocr_line' id='line_1_10' title="bbox 388 916 2027 969; baseline 0.001 -12"><span class='ocrx_word' id='word_1_62' title='bbox 388 917 651 967; x_wconf 91' lang='lat' dir='ltr'>doctorem,</span> <span class='ocrx_word' id='word_1_63' title='bbox 676 917 802 956; x_wconf 82' lang='lat' dir='ltr'>vitae</span> <span class='ocrx_word' id='word_1_64' title='bbox 822 917 1037 968; x_wconf 80' lang='lat' dir='ltr'>exemplo</span> <span class='ocrx_word' id='word_1_65' title='bbox 1059 928 1114 956; x_wconf 90' lang='lat' dir='ltr'>ac</span> <span class='ocrx_word' id='word_1_66' title='bbox 1136 916 1350 957; x_wconf 83' lang='lat' dir='ltr'>doctrina</span> <span class='ocrx_word' id='word_1_67' title='bbox 1372 917 1625 969; x_wconf 82' lang='lat' dir='ltr'>insignem,</span> <span class='ocrx_word' id='word_1_68' title='bbox 1646 919 1885 969; x_wconf 88' lang='lat' dir='ltr'>postulare</span> <span class='ocrx_word' id='word_1_69' title='bbox 1903 918 2027 958; x_wconf 89' lang='lat' dir='ltr'>vide-</span> 
     </span>
     <span class='ocr_line' id='line_1_11' title="bbox 387 987 2032 1039; baseline 0.001 -11"><span class='ocrx_word' id='word_1_70' title='bbox 387 989 581 1028; x_wconf 86' lang='lat' dir='ltr'>bantur:</span> <span class='ocrx_word' id='word_1_71' title='bbox 609 988 791 1028; x_wconf 89' lang='lat' dir='ltr'>incolas</span> <span class='ocrx_word' id='word_1_72' title='bbox 819 994 978 1028; x_wconf 88' lang='lat' dir='ltr'>autem</span> <span class='ocrx_word' id='word_1_73' title='bbox 1008 988 1067 1027; x_wconf 91' lang='lat' dir='ltr'>ad</span> <span class='ocrx_word' id='word_1_74' title='bbox 1094 987 1303 1039; x_wconf 86' lang='lat' dir='ltr'>Patrem,</span> <span class='ocrx_word' id='word_1_75' title='bbox 1335 989 1412 1039; x_wconf 92' lang='lat' dir='ltr'>qui</span> <span class='ocrx_word' id='word_1_76' title='bbox 1440 995 1621 1029; x_wconf 84' lang='lat' dir='ltr'>tantum</span> <span class='ocrx_word' id='word_1_77' title='bbox 1656 1001 1715 1029; x_wconf 80' lang='lat' dir='ltr'>ex</span> <span class='ocrx_word' id='word_1_78' title='bbox 1749 990 1939 1029; x_wconf 82' lang='lat' dir='ltr'>nornine</span> <span class='ocrx_word' id='word_1_79' title='bbox 1967 990 2032 1029; x_wconf 91' lang='lat' dir='ltr'>eis</span> 
     </span>
     <span class='ocr_line' id='line_1_12' title="bbox 388 1058 2032 1111; baseline 0.001 -12"><span class='ocrx_word' id='word_1_80' title='bbox 388 1060 659 1099; x_wconf 86' lang='lat' dir='ltr'>innotuerat</span> <span class='ocrx_word' id='word_1_81' title='bbox 680 1058 709 1109; x_wconf 66' lang='lat'>2,</span> <span class='ocrx_word' id='word_1_82' title='bbox 735 1065 779 1098; x_wconf 91' lang='lat' dir='ltr'>et</span> <span class='ocrx_word' id='word_1_83' title='bbox 808 1058 868 1098; x_wconf 93' lang='lat' dir='ltr'>ad</span> <span class='ocrx_word' id='word_1_84' title='bbox 893 1058 1170 1099; x_wconf 87' lang='lat' dir='ltr'>Illustriss.m</span> <span class='ocrx_word' id='word_1_85' title='bbox 1199 1059 1382 1099; x_wconf 86' lang='lat' dir='ltr'>Ducem</span> <span class='ocrx_word' id='word_1_86' title='bbox 1410 1060 1622 1100; x_wconf 85' lang='lat' dir='ltr'>Gandiae</span> <span class='ocrx_word' id='word_1_87' title='bbox 1655 1059 1667 1077; x_wconf 78' lang='lat'><strong>⁵</strong></span> <span class='ocrx_word' id='word_1_88' title='bbox 1695 1061 1879 1111; x_wconf 90' lang='lat' dir='ltr'>legatos</span> <span class='ocrx_word' id='word_1_89' title='bbox 1899 1060 2032 1101; x_wconf 90' lang='lat' dir='ltr'>mise-</span> 
     </span>
     <span class='ocr_line' id='line_1_13' title="bbox 387 1129 2032 1184; baseline 0.001 -13"><span class='ocrx_word' id='word_1_90' title='bbox 387 1138 514 1181; x_wconf 85' lang='lat' dir='ltr'>rant,</span> <span class='ocrx_word' id='word_1_91' title='bbox 537 1131 665 1170; x_wconf 91' lang='lat' dir='ltr'>illum</span> <span class='ocrx_word' id='word_1_92' title='bbox 686 1129 810 1170; x_wconf 89' lang='lat' dir='ltr'>flecti</span> <span class='ocrx_word' id='word_1_93' title='bbox 832 1141 882 1170; x_wconf 89' lang='lat' dir='ltr'>se</span> <span class='ocrx_word' id='word_1_94' title='bbox 903 1130 1109 1170; x_wconf 88' lang='lat' dir='ltr'>sinerent</span> <span class='ocrx_word' id='word_1_95' title='bbox 1131 1137 1344 1181; x_wconf 89' lang='lat' dir='ltr'>orantes,</span> <span class='ocrx_word' id='word_1_96' title='bbox 1363 1131 1489 1171; x_wconf 91' lang='lat' dir='ltr'>hunc</span> <span class='ocrx_word' id='word_1_97' title='bbox 1508 1138 1557 1171; x_wconf 92' lang='lat' dir='ltr'>ut</span> <span class='ocrx_word' id='word_1_98' title='bbox 1575 1143 1656 1172; x_wconf 89' lang='lat' dir='ltr'>eos</span> <span class='ocrx_word' id='word_1_99' title='bbox 1672 1132 1890 1183; x_wconf 89' lang='lat' dir='ltr'>precibus</span> <span class='ocrx_word' id='word_1_100' title='bbox 1909 1132 2032 1184; x_wconf 89' lang='lat' dir='ltr'>apud</span> 
     </span>
     <span class='ocr_line' id='line_1_14' title="bbox 387 1201 2030 1254; baseline 0.001 -12"><span class='ocrx_word' id='word_1_101' title='bbox 387 1202 575 1242; x_wconf 86' lang='lat' dir='ltr'>Patrem</span> <span class='ocrx_word' id='word_1_102' title='bbox 596 1202 795 1241; x_wconf 83' lang='lat' dir='ltr'>iuvaret.</span> <span class='ocrx_word' id='word_1_103' title='bbox 818 1201 1052 1252; x_wconf 83' lang='lat' dir='ltr'>Expedire</span> <span class='ocrx_word' id='word_1_104' title='bbox 1075 1213 1124 1241; x_wconf 93' lang='lat' dir='ltr'>se</span> <span class='ocrx_word' id='word_1_105' title='bbox 1147 1213 1243 1241; x_wconf 87' lang='lat' dir='ltr'>non</span> <span class='ocrx_word' id='word_1_106' title='bbox 1263 1202 1412 1253; x_wconf 89' lang='lat' dir='ltr'>potuit</span> <span class='ocrx_word' id='word_1_107' title='bbox 1434 1201 1573 1242; x_wconf 84' lang='lat' dir='ltr'>Pater</span> <span class='ocrx_word' id='word_1_108' title='bbox 1595 1203 1652 1243; x_wconf 87' lang='lat' dir='ltr'>ab</span> <span class='ocrx_word' id='word_1_109' title='bbox 1674 1215 1728 1243; x_wconf 90' lang='lat' dir='ltr'>ea</span> <span class='ocrx_word' id='word_1_110' title='bbox 1751 1215 1865 1243; x_wconf 87' lang='lat' dir='ltr'>cura</span> <span class='ocrx_word' id='word_1_111' title='bbox 1884 1215 1891 1254; x_wconf 86' lang='lat'><em>;</em></span> <span class='ocrx_word' id='word_1_112' title='bbox 1917 1203 2030 1243; x_wconf 89' lang='lat' dir='ltr'>abiit</span> 
     </span>
     <span class='ocr_line' id='line_1_15' title="bbox 388 1272 2032 1326; baseline 0.001 -13"><span class='ocrx_word' id='word_1_113' title='bbox 388 1273 532 1324; x_wconf 85' lang='lat' dir='ltr'>igitur</span> <span class='ocrx_word' id='word_1_114' title='bbox 554 1274 663 1313; x_wconf 91' lang='lat' dir='ltr'>illuc</span> <span class='ocrx_word' id='word_1_115' title='bbox 686 1273 865 1313; x_wconf 91' lang='lat' dir='ltr'>duobus</span> <span class='ocrx_word' id='word_1_116' title='bbox 887 1272 1137 1312; x_wconf 88' lang='lat' dir='ltr'>comitatus</span> <span class='ocrx_word' id='word_1_117' title='bbox 1159 1273 1410 1324; x_wconf 89' lang='lat' dir='ltr'>operariis,</span> <span class='ocrx_word' id='word_1_118' title='bbox 1436 1273 1513 1325; x_wconf 91' lang='lat' dir='ltr'>qui</span> <span class='ocrx_word' id='word_1_119' title='bbox 1541 1280 1769 1314; x_wconf 88' lang='lat' dir='ltr'>meterent</span> <span class='ocrx_word' id='word_1_120' title='bbox 1790 1274 2032 1326; x_wconf 86' lang='lat' dir='ltr'>spirituale</span> 
     </span>
     <span class='ocr_line' id='line_1_16' title="bbox 385 1343 2030 1396; baseline 0.001 -12"><span class='ocrx_word' id='word_1_121' title='bbox 385 1345 693 1394; x_wconf 86' lang='lat' dir='ltr'>frumentum,</span> <span class='ocrx_word' id='word_1_122' title='bbox 732 1343 864 1383; x_wconf 89' lang='lat' dir='ltr'>cuius</span> <span class='ocrx_word' id='word_1_123' title='bbox 894 1343 1098 1384; x_wconf 85' lang='lat' dir='ltr'>dedisset</span> <span class='ocrx_word' id='word_1_124' title='bbox 1133 1343 1364 1384; x_wconf 89' lang='lat' dir='ltr'>Dominus</span> <span class='ocrx_word' id='word_1_125' title='bbox 1394 1356 1554 1384; x_wconf 90' lang='lat' dir='ltr'>semen</span> <span class='ocrx_word' id='word_1_126' title='bbox 1582 1345 2030 1396; x_wconf 85' lang='lat' dir='ltr'>incrementumque.</span> 
     </span>
     <span class='ocr_line' id='line_1_17' title="bbox 386 1415 2033 1467; baseline 0 -11"><span class='ocrx_word' id='word_1_127' title='bbox 386 1416 463 1456; x_wconf 83' lang='lat' dir='ltr'>Ad</span> <span class='ocrx_word' id='word_1_128' title='bbox 497 1415 871 1465; x_wconf 80' lang='lat' dir='ltr'>xenodochium,</span> <span class='ocrx_word' id='word_1_129' title='bbox 903 1426 1165 1466; x_wconf 88' lang='lat' dir='ltr'>pauperum</span> <span class='ocrx_word' id='word_1_130' title='bbox 1203 1415 1478 1467; x_wconf 89' lang='lat' dir='ltr'>hospitium,</span> <span class='ocrx_word' id='word_1_131' title='bbox 1513 1416 1827 1467; x_wconf 84' lang='lat' dir='ltr'>diverterunt,</span> <span class='ocrx_word' id='word_1_132' title='bbox 1860 1429 1946 1457; x_wconf 90' lang='lat' dir='ltr'>nec</span> <span class='ocrx_word' id='word_1_133' title='bbox 1984 1423 2033 1456; x_wconf 89' lang='lat' dir='ltr'>ut</span> 
     </span>
     <span class='ocr_line' id='line_1_18' title="bbox 386 1486 2033 1540; baseline 0.001 -14"><span class='ocrx_word' id='word_1_134' title='bbox 386 1486 492 1526; x_wconf 91' lang='lat' dir='ltr'>inde</span> <span class='ocrx_word' id='word_1_135' title='bbox 529 1487 619 1527; x_wconf 89' lang='lat' dir='ltr'>alio</span> <span class='ocrx_word' id='word_1_136' title='bbox 650 1487 911 1537; x_wconf 84' lang='lat' dir='ltr'>migrarent</span> <span class='ocrx_word' id='word_1_137' title='bbox 941 1487 1158 1538; x_wconf 89' lang='lat' dir='ltr'>compelli</span> <span class='ocrx_word' id='word_1_138' title='bbox 1185 1492 1461 1538; x_wconf 83' lang='lat' dir='ltr'>potuerunt3</span> <span class='ocrx_word' id='word_1_139' title='bbox 1499 1487 1687 1528; x_wconf 85' lang='lat' dir='ltr'>aiebant</span> <span class='ocrx_word' id='word_1_140' title='bbox 1718 1489 1888 1540; x_wconf 90' lang='lat' dir='ltr'>quippe</span> <span class='ocrx_word' id='word_1_141' title='bbox 1921 1488 2033 1528; x_wconf 90' lang='lat' dir='ltr'>illud</span> 
     </span>
     <span class='ocr_line' id='line_1_19' title="bbox 386 1557 2033 1610; baseline 0.002 -13"><span class='ocrx_word' id='word_1_142' title='bbox 386 1569 648 1610; x_wconf 85' lang='lat' dir='ltr'>pauperum</span> <span class='ocrx_word' id='word_1_143' title='bbox 669 1557 918 1599; x_wconf 85' lang='lat' dir='ltr'>Societatis</span> <span class='ocrx_word' id='word_1_144' title='bbox 940 1563 1131 1597; x_wconf 86' lang='lat' dir='ltr'>nostrae</span> <span class='ocrx_word' id='word_1_145' title='bbox 1149 1569 1251 1597; x_wconf 92' lang='lat' dir='ltr'>esse</span> <span class='ocrx_word' id='word_1_146' title='bbox 1267 1558 1536 1609; x_wconf 89' lang='lat' dir='ltr'>hospitium,</span> <span class='ocrx_word' id='word_1_147' title='bbox 1557 1559 1786 1610; x_wconf 86' lang='lat' dir='ltr'>siquidem</span> <span class='ocrx_word' id='word_1_148' title='bbox 1805 1565 1905 1600; x_wconf 88' lang='lat' dir='ltr'>erat</span> <span class='ocrx_word' id='word_1_149' title='bbox 1923 1560 2033 1599; x_wconf 91' lang='lat' dir='ltr'>alio-</span> 
     </span>
     <span class='ocr_line' id='line_1_20' title="bbox 393 1640 798 1681; baseline 0 -12"><span class='ocrx_word' id='word_1_150' title='bbox 393 1641 500 1670; x_wconf 87' lang='lat' dir='ltr'>rum</span> <span class='ocrx_word' id='word_1_151' title='bbox 521 1640 798 1681; x_wconf 86' lang='lat' dir='ltr'>pauperum.</span> 
     </span>
    </p>

    <p class='ocr_par' dir='ltr' id='par_1_4' title="bbox 382 1700 2036 2610">
     <span class='ocr_line' id='line_1_21' title="bbox 465 1700 2032 1754; baseline 0.002 -14"><span class='ocrx_word' id='word_1_152' title='bbox 465 1700 578 1741; x_wconf 92' lang='lat' dir='ltr'>Dies</span> <span class='ocrx_word' id='word_1_153' title='bbox 596 1700 988 1752; x_wconf 86' lang='lat' dir='ltr'>quadragesimae</span> <span class='ocrx_word' id='word_1_154' title='bbox 1006 1700 1162 1751; x_wconf 79' lang='lat' dir='ltr'>Vicini,</span> <span class='ocrx_word' id='word_1_155' title='bbox 1179 1712 1295 1752; x_wconf 91' lang='lat' dir='ltr'>quos</span> <span class='ocrx_word' id='word_1_156' title='bbox 1313 1702 1677 1754; x_wconf 86' lang='lat' dir='ltr'>carnisprivium</span> <span class='ocrx_word' id='word_1_157' title='bbox 1693 1708 1882 1753; x_wconf 85' lang='lat' dir='ltr'>vocant,</span> <span class='ocrx_word' id='word_1_158' title='bbox 1903 1708 2032 1742; x_wconf 85' lang='lat' dir='ltr'>tran-</span> 
     </span>
     <span class='ocr_line' id='line_1_22' title="bbox 385 1773 2036 1824; baseline 0.001 -12"><span class='ocrx_word' id='word_1_159' title='bbox 385 1773 537 1824; x_wconf 86' lang='lat' dir='ltr'>quilli,</span> <span class='ocrx_word' id='word_1_160' title='bbox 575 1778 763 1824; x_wconf 84' lang='lat' dir='ltr'>praeter</span> <span class='ocrx_word' id='word_1_161' title='bbox 800 1773 1114 1812; x_wconf 82' lang='lat' dir='ltr'>inveteratam</span> <span class='ocrx_word' id='word_1_162' title='bbox 1150 1773 1557 1824; x_wconf 89' lang='lat' dir='ltr'>consuetudinem,</span> <span class='ocrx_word' id='word_1_163' title='bbox 1588 1774 1734 1814; x_wconf 87' lang='lat' dir='ltr'>habiti</span> <span class='ocrx_word' id='word_1_164' title='bbox 1764 1780 1893 1824; x_wconf 88' lang='lat' dir='ltr'>sunt;</span> <span class='ocrx_word' id='word_1_165' title='bbox 1926 1785 2036 1814; x_wconf 88' lang='lat' dir='ltr'>nam</span> 
     </span>
     <span class='ocr_line' id='line_1_23' title="bbox 386 1843 2036 1896; baseline 0.001 -12"><span class='ocrx_word' id='word_1_166' title='bbox 386 1856 492 1884; x_wconf 90' lang='lat' dir='ltr'>cum</span> <span class='ocrx_word' id='word_1_167' title='bbox 514 1844 820 1884; x_wconf 78' lang='lat' dir='ltr'>intellexisset</span> <span class='ocrx_word' id='word_1_168' title='bbox 837 1843 977 1883; x_wconf 84' lang='lat' dir='ltr'>Pater</span> <span class='ocrx_word' id='word_1_169' title='bbox 1001 1843 1217 1894; x_wconf 84' lang='lat' dir='ltr'>Baptista</span> <span class='ocrx_word' id='word_1_170' title='bbox 1240 1844 1375 1884; x_wconf 91' lang='lat' dir='ltr'>ludos</span> <span class='ocrx_word' id='word_1_171' title='bbox 1396 1857 1563 1896; x_wconf 86' lang='lat' dir='ltr'>parum</span> <span class='ocrx_word' id='word_1_172' title='bbox 1585 1846 1809 1885; x_wconf 85' lang='lat' dir='ltr'>honestos</span> <span class='ocrx_word' id='word_1_173' title='bbox 1830 1846 1887 1885; x_wconf 90' lang='lat' dir='ltr'>ab</span> <span class='ocrx_word' id='word_1_174' title='bbox 1910 1846 2036 1885; x_wconf 90' lang='lat' dir='ltr'>omni</span> 
     </span>
     <span class='ocr_line' id='line_1_24' title="bbox 385 1914 2035 1968; baseline 0.001 -13"><span class='ocrx_word' id='word_1_175' title='bbox 385 1921 538 1955; x_wconf 87' lang='lat' dir='ltr'>aetate</span> <span class='ocrx_word' id='word_1_176' title='bbox 567 1927 775 1966; x_wconf 78' lang='lat' dir='ltr'>sexuque</span> <span class='ocrx_word' id='word_1_177' title='bbox 803 1915 850 1954; x_wconf 91' lang='lat' dir='ltr'>in</span> <span class='ocrx_word' id='word_1_178' title='bbox 880 1914 1118 1965; x_wconf 89' lang='lat' dir='ltr'>publicum</span> <span class='ocrx_word' id='word_1_179' title='bbox 1153 1915 1343 1966; x_wconf 87' lang='lat' dir='ltr'>prodire</span> <span class='ocrx_word' id='word_1_180' title='bbox 1365 1916 1478 1967; x_wconf 86' lang='lat' dir='ltr'>iam,</span> <span class='ocrx_word' id='word_1_181' title='bbox 1504 1916 1695 1966; x_wconf 80' lang='lat' dir='ltr'>fratres,</span> <span class='ocrx_word' id='word_1_182' title='bbox 1728 1929 1845 1968; x_wconf 91' lang='lat' dir='ltr'>quos</span> <span class='ocrx_word' id='word_1_183' title='bbox 1875 1928 2035 1956; x_wconf 91' lang='lat' dir='ltr'>secum</span> 
     </span>
     <span class='ocr_line' id='line_1_25' title="bbox 385 1986 2034 2040; baseline 0.001 -14"><span class='ocrx_word' id='word_1_184' title='bbox 385 1987 600 2037; x_wconf 85' lang='lat' dir='ltr'>habebat,</span> <span class='ocrx_word' id='word_1_185' title='bbox 619 1987 746 2027; x_wconf 86' lang='lat' dir='ltr'>misit</span> <span class='ocrx_word' id='word_1_186' title='bbox 764 1986 830 2026; x_wconf 92' lang='lat' dir='ltr'>eis</span> <span class='ocrx_word' id='word_1_187' title='bbox 847 1986 1049 2035; x_wconf 86' lang='lat' dir='ltr'>obviarn,</span> <span class='ocrx_word' id='word_1_188' title='bbox 1067 1991 1115 2026; x_wconf 95' lang='lat' dir='ltr'>ut</span> <span class='ocrx_word' id='word_1_189' title='bbox 1132 1987 1400 2027; x_wconf 84' lang='lat' dir='ltr'>vehementi</span> <span class='ocrx_word' id='word_1_190' title='bbox 1412 1988 1624 2028; x_wconf 91' lang='lat' dir='ltr'>oratione</span> <span class='ocrx_word' id='word_1_191' title='bbox 1639 1995 1806 2040; x_wconf 90' lang='lat' dir='ltr'>coepta</span> <span class='ocrx_word' id='word_1_192' title='bbox 1819 1988 2034 2028; x_wconf 87' lang='lat' dir='ltr'>intertur-</span> 
     </span>
     <span class='ocr_line' id='line_1_26' title="bbox 384 2057 2033 2111; baseline 0.001 -13"><span class='ocrx_word' id='word_1_193' title='bbox 384 2058 551 2098; x_wconf 87' lang='lat' dir='ltr'>barent</span> <span class='ocrx_word' id='word_1_194' title='bbox 573 2058 784 2098; x_wconf 83' lang='lat' dir='ltr'>consilia.</span> <span class='ocrx_word' id='word_1_195' title='bbox 811 2057 947 2108; x_wconf 85' lang='lat' dir='ltr'>Quod</span> <span class='ocrx_word' id='word_1_196' title='bbox 968 2069 1191 2097; x_wconf 88' lang='lat' dir='ltr'>successu</span> <span class='ocrx_word' id='word_1_197' title='bbox 1212 2069 1306 2097; x_wconf 89' lang='lat' dir='ltr'>non</span> <span class='ocrx_word' id='word_1_198' title='bbox 1329 2059 1491 2107; x_wconf 81' lang='lat' dir='ltr'>caruit3</span> <span class='ocrx_word' id='word_1_199' title='bbox 1516 2070 1627 2098; x_wconf 89' lang='lat' dir='ltr'>nam</span> <span class='ocrx_word' id='word_1_200' title='bbox 1645 2060 1712 2099; x_wconf 91' lang='lat' dir='ltr'>eis</span> <span class='ocrx_word' id='word_1_201' title='bbox 1733 2060 1955 2111; x_wconf 88' lang='lat' dir='ltr'>populum</span> <span class='ocrx_word' id='word_1_202' title='bbox 1976 2059 2033 2099; x_wconf 89' lang='lat' dir='ltr'>ad</span> 
     </span>
     <span class='ocr_line' id='line_1_27' title="bbox 386 2128 2035 2179; baseline 0.001 -10"><span class='ocrx_word' id='word_1_203' title='bbox 386 2129 597 2169; x_wconf 75' lang='lat' dir='ltr'>divinum</span> <span class='ocrx_word' id='word_1_204' title='bbox 615 2129 811 2169; x_wconf 81' lang='lat' dir='ltr'>verbum</span> <span class='ocrx_word' id='word_1_205' title='bbox 828 2128 1204 2179; x_wconf 87' lang='lat' dir='ltr'>inclamantibus,</span> <span class='ocrx_word' id='word_1_206' title='bbox 1225 2140 1400 2179; x_wconf 89' lang='lat' dir='ltr'>omnes,</span> <span class='ocrx_word' id='word_1_207' title='bbox 1415 2130 1591 2170; x_wconf 85' lang='lat' dir='ltr'>relictis</span> <span class='ocrx_word' id='word_1_208' title='bbox 1607 2130 1815 2179; x_wconf 86' lang='lat' dir='ltr'>ludicris,</span> <span class='ocrx_word' id='word_1_209' title='bbox 1836 2130 1895 2171; x_wconf 89' lang='lat' dir='ltr'>ad</span> <span class='ocrx_word' id='word_1_210' title='bbox 1913 2130 2035 2171; x_wconf 85' lang='lat' dir='ltr'>seria</span> 
     </span>
     <span class='ocr_line' id='line_1_28' title="bbox 386 2200 2034 2252; baseline 0.001 -12"><span class='ocrx_word' id='word_1_211' title='bbox 386 2200 620 2240; x_wconf 87' lang='lat' dir='ltr'>audienda</span> <span class='ocrx_word' id='word_1_212' title='bbox 644 2211 922 2240; x_wconf 79' lang='lat' dir='ltr'>convenere:</span> <span class='ocrx_word' id='word_1_213' title='bbox 944 2211 1031 2239; x_wconf 88' lang='lat' dir='ltr'>nec</span> <span class='ocrx_word' id='word_1_214' title='bbox 1054 2205 1290 2240; x_wconf 88' lang='lat' dir='ltr'>cessatum</span> <span class='ocrx_word' id='word_1_215' title='bbox 1311 2206 1452 2240; x_wconf 87' lang='lat' dir='ltr'>antea</span> <span class='ocrx_word' id='word_1_216' title='bbox 1474 2207 1543 2241; x_wconf 92' lang='lat' dir='ltr'>est</span> <span class='ocrx_word' id='word_1_217' title='bbox 1565 2213 1705 2252; x_wconf 90' lang='lat' dir='ltr'>quarn</span> <span class='ocrx_word' id='word_1_218' title='bbox 1727 2212 1887 2241; x_wconf 91' lang='lat' dir='ltr'>omnes</span> <span class='ocrx_word' id='word_1_219' title='bbox 1908 2201 2034 2241; x_wconf 92' lang='lat' dir='ltr'>ludo-</span> 
     </span>
     <span class='ocr_line' id='line_1_29' title="bbox 390 2270 2033 2324; baseline 0.001 -13"><span class='ocrx_word' id='word_1_220' title='bbox 390 2283 495 2311; x_wconf 87' lang='lat' dir='ltr'>rum</span> <span class='ocrx_word' id='word_1_221' title='bbox 538 2277 795 2323; x_wconf 88' lang='lat' dir='ltr'>apparatus</span> <span class='ocrx_word' id='word_1_222' title='bbox 835 2271 1124 2322; x_wconf 88' lang='lat' dir='ltr'>disparuere.</span> <span class='ocrx_word' id='word_1_223' title='bbox 1167 2270 1265 2311; x_wconf 91' lang='lat' dir='ltr'>Nec</span> <span class='ocrx_word' id='word_1_224' title='bbox 1303 2272 1448 2312; x_wconf 91' lang='lat' dir='ltr'>multo</span> <span class='ocrx_word' id='word_1_225' title='bbox 1488 2278 1594 2324; x_wconf 92' lang='lat' dir='ltr'>post</span> <span class='ocrx_word' id='word_1_226' title='bbox 1636 2272 1896 2313; x_wconf 84' lang='lat' dir='ltr'>funambuli</span> <span class='ocrx_word' id='word_1_227' title='bbox 1935 2284 2033 2323; x_wconf 89' lang='lat' dir='ltr'>spe-</span> 
     </span>
     <span class='ocr_line' id='line_1_30' title="bbox 386 2333 2035 2395; baseline 0.001 -13"><span class='ocrx_word' id='word_1_228' title='bbox 386 2344 573 2383; x_wconf 85' lang='lat' dir='ltr'>ctacula</span> <span class='ocrx_word' id='word_1_229' title='bbox 605 2333 774 2382; x_wconf 86' lang='lat' dir='ltr'>inforo</span> <span class='ocrx_word' id='word_1_230' title='bbox 797 2347 965 2394; x_wconf 90' lang='lat' dir='ltr'>parata</span> <span class='ocrx_word' id='word_1_231' title='bbox 987 2353 1093 2382; x_wconf 91' lang='lat' dir='ltr'>cum</span> <span class='ocrx_word' id='word_1_232' title='bbox 1114 2348 1291 2391; x_wconf 89' lang='lat' dir='ltr'>essent,</span> <span class='ocrx_word' id='word_1_233' title='bbox 1316 2344 1609 2395; x_wconf 91' lang='lat' dir='ltr'>populusque</span> <span class='ocrx_word' id='word_1_234' title='bbox 1641 2356 1697 2384; x_wconf 93' lang='lat' dir='ltr'>ac</span> <span class='ocrx_word' id='word_1_235' title='bbox 1727 2344 2035 2395; x_wconf 84' lang='lat' dir='ltr'>magistratus</span> 
     </span>
     <span class='ocr_line' id='line_1_31' title="bbox 386 2413 2033 2466; baseline 0.001 -12"><span class='ocrx_word' id='word_1_236' title='bbox 386 2420 650 2465; x_wconf 88' lang='lat' dir='ltr'>spectatum</span> <span class='ocrx_word' id='word_1_237' title='bbox 671 2414 1004 2464; x_wconf 87' lang='lat' dir='ltr'>accessissent,</span> <span class='ocrx_word' id='word_1_238' title='bbox 1028 2413 1155 2453; x_wconf 89' lang='lat' dir='ltr'>misit</span> <span class='ocrx_word' id='word_1_239' title='bbox 1175 2413 1371 2464; x_wconf 84' lang='lat' dir='ltr'>fratres,</span> <span class='ocrx_word' id='word_1_240' title='bbox 1395 2415 1473 2466; x_wconf 91' lang='lat' dir='ltr'>qui</span> <span class='ocrx_word' id='word_1_241' title='bbox 1496 2426 1601 2455; x_wconf 92' lang='lat' dir='ltr'>curn</span> <span class='ocrx_word' id='word_1_242' title='bbox 1623 2427 1677 2455; x_wconf 92' lang='lat' dir='ltr'>eo</span> <span class='ocrx_word' id='word_1_243' title='bbox 1705 2421 1863 2465; x_wconf 87' lang='lat' dir='ltr'>erant,</span> <span class='ocrx_word' id='word_1_244' title='bbox 1895 2414 2033 2455; x_wconf 87' lang='lat' dir='ltr'>Pater</span> 
     </span>
     <span class='ocr_line' id='line_1_32' title="bbox 385 2485 2032 2539; baseline 0.001 -14"><span class='ocrx_word' id='word_1_245' title='bbox 385 2485 620 2539; x_wconf 82' lang='lat' dir='ltr'>Baptista,</span> <span class='ocrx_word' id='word_1_246' title='bbox 645 2485 723 2536; x_wconf 92' lang='lat' dir='ltr'>qui</span> <span class='ocrx_word' id='word_1_247' title='bbox 745 2497 827 2536; x_wconf 92' lang='lat' dir='ltr'>pro</span> <span class='ocrx_word' id='word_1_248' title='bbox 850 2497 899 2524; x_wconf 90' lang='lat' dir='ltr'>se</span> <span class='ocrx_word' id='word_1_249' title='bbox 923 2490 1114 2525; x_wconf 87' lang='lat' dir='ltr'>orarent</span> <span class='ocrx_word' id='word_1_250' title='bbox 1135 2485 1464 2537; x_wconf 85' lang='lat' dir='ltr'>magistratus,</span> <span class='ocrx_word' id='word_1_251' title='bbox 1488 2492 1537 2526; x_wconf 90' lang='lat' dir='ltr'>ut</span> <span class='ocrx_word' id='word_1_252' title='bbox 1557 2486 1878 2526; x_wconf 85' lang='lat' dir='ltr'>funambulum</span> <span class='ocrx_word' id='word_1_253' title='bbox 1903 2486 2032 2526; x_wconf 90' lang='lat' dir='ltr'>abire</span> 
     </span>
     <span class='ocr_line' id='line_1_33' title="bbox 382 2556 2033 2610; baseline 0 -14"><span class='ocrx_word' id='word_1_254' title='bbox 382 2556 621 2608; x_wconf 88' lang='lat' dir='ltr'>juberent,</span> <span class='ocrx_word' id='word_1_255' title='bbox 645 2568 731 2596; x_wconf 91' lang='lat' dir='ltr'>nec</span> <span class='ocrx_word' id='word_1_256' title='bbox 753 2562 1027 2608; x_wconf 89' lang='lat' dir='ltr'>paterentur</span> <span class='ocrx_word' id='word_1_257' title='bbox 1050 2556 1095 2596; x_wconf 93' lang='lat' dir='ltr'>id</span> <span class='ocrx_word' id='word_1_258' title='bbox 1116 2567 1266 2607; x_wconf 88' lang='lat' dir='ltr'>genus</span> <span class='ocrx_word' id='word_1_259' title='bbox 1287 2556 1504 2597; x_wconf 88' lang='lat' dir='ltr'>ludorum</span> <span class='ocrx_word' id='word_1_260' title='bbox 1524 2558 1697 2610; x_wconf 89' lang='lat' dir='ltr'>populo</span> <span class='ocrx_word' id='word_1_261' title='bbox 1720 2557 1931 2608; x_wconf 89' lang='lat' dir='ltr'>obtrudi,</span> <span class='ocrx_word' id='word_1_262' title='bbox 1956 2557 2033 2597; x_wconf 91' lang='lat' dir='ltr'>ubi</span> 
     </span>
    </p>
   </div>
   <div class='ocr_carea' id='block_1_3' title="bbox 385 2741 2033 3108">
    <p class='ocr_par' dir='ltr' id='par_1_5' title="bbox 446 2741 999 2776">
     <span class='ocr_line' id='line_1_34' title="bbox 446 2741 999 2776; baseline -0.002 -7"><span class='ocrx_word' id='word_1_263' title='bbox 446 2743 454 2763; x_wconf 85' lang='lat'><strong>¹</strong></span> <span class='ocrx_word' id='word_1_264' title='bbox 495 2742 568 2775; x_wconf 83' lang='lat' dir='ltr'>Sic;</span> <span class='ocrx_word' id='word_1_265' title='bbox 586 2742 759 2776; x_wconf 85' lang='lat' dir='ltr'>hispanice</span> <span class='ocrx_word' id='word_1_266' title='bbox 778 2741 999 2768; x_wconf 77' lang='lat' dir='ltr'>Ontenz‘ente.</span> 
     </span>
    </p>

    <p class='ocr_par' dir='ltr' id='par_1_6' title="bbox 387 2788 2033 2919">
     <span class='ocr_line' id='line_1_35' title="bbox 444 2788 2033 2823; baseline -0.001 -6"><span class='ocrx_word' id='word_1_267' title='bbox 444 2790 457 2809; x_wconf 86' lang='lat'>‘—&#39;</span> <span class='ocrx_word' id='word_1_268' title='bbox 495 2790 617 2817; x_wconf 85' lang='lat' dir='ltr'>Mirum</span> <span class='ocrx_word' id='word_1_269' title='bbox 630 2794 722 2817; x_wconf 87' lang='lat' dir='ltr'>certe</span> <span class='ocrx_word' id='word_1_270' title='bbox 735 2789 862 2823; x_wconf 85' lang='lat' dir='ltr'>legenti</span> <span class='ocrx_word' id='word_1_271' title='bbox 876 2790 939 2816; x_wconf 89' lang='lat' dir='ltr'>hoc</span> <span class='ocrx_word' id='word_1_272' title='bbox 955 2789 1128 2816; x_wconf 84' lang='lat' dir='ltr'>videbitur</span> <span class='ocrx_word' id='word_1_273' title='bbox 1145 2797 1203 2816; x_wconf 86' lang='lat' dir='ltr'>nec</span> <span class='ocrx_word' id='word_1_274' title='bbox 1216 2789 1389 2823; x_wconf 85' lang='lat' dir='ltr'>explicatu</span> <span class='ocrx_word' id='word_1_275' title='bbox 1402 2789 1501 2816; x_wconf 85' lang='lat' dir='ltr'>facile</span> <span class='ocrx_word' id='word_1_276' title='bbox 1513 2797 1518 2823; x_wconf 73' lang='grc' dir='ltr'>ς</span> <span class='ocrx_word' id='word_1_277' title='bbox 1534 2790 1669 2823; x_wconf 85' lang='lat' dir='ltr'>saepius</span> <span class='ocrx_word' id='word_1_278' title='bbox 1681 2789 1767 2816; x_wconf 88' lang='lat' dir='ltr'>enirn</span> <span class='ocrx_word' id='word_1_279' title='bbox 1779 2789 1850 2823; x_wconf 86' lang='lat' dir='ltr'>jam</span> <span class='ocrx_word' id='word_1_280' title='bbox 1862 2788 2033 2815; x_wconf 83' lang='lat' dir='ltr'>anteactis</span> 
     </span>
     <span class='ocr_line' id='line_1_36' title="bbox 391 2836 2033 2871; baseline -0.001 -6"><span class='ocrx_word' id='word_1_281' title='bbox 391 2838 489 2865; x_wconf 80' lang='lat' dir='ltr'>annis</span> <span class='ocrx_word' id='word_1_282' title='bbox 505 2838 608 2865; x_wconf 72' lang='lat' dir='ltr'>Pater</span> <span class='ocrx_word' id='word_1_283' title='bbox 623 2838 770 2871; x_wconf 85' lang='lat' dir='ltr'>Joannes</span> <span class='ocrx_word' id='word_1_284' title='bbox 793 2837 954 2871; x_wconf 81' lang='lat' dir='ltr'>Baptista</span> <span class='ocrx_word' id='word_1_285' title='bbox 970 2837 1009 2863; x_wconf 86' lang='lat' dir='ltr'>de</span> <span class='ocrx_word' id='word_1_286' title='bbox 1035 2836 1162 2863; x_wconf 84' lang='lat' dir='ltr'>Barma</span> <span class='ocrx_word' id='word_1_287' title='bbox 1177 2837 1209 2863; x_wconf 88' lang='lat' dir='ltr'>in</span> <span class='ocrx_word' id='word_1_288' title='bbox 1226 2837 1347 2870; x_wconf 81' lang='lat' dir='ltr'>oppido</span> <span class='ocrx_word' id='word_1_289' title='bbox 1371 2836 1573 2864; x_wconf 82' lang='lat' dir='ltr'>Onteniente</span> <span class='ocrx_word' id='word_1_290' title='bbox 1596 2837 1719 2870; x_wconf 77' lang='lat' dir='ltr'>fuerat,</span> <span class='ocrx_word' id='word_1_291' title='bbox 1741 2841 1777 2863; x_wconf 88' lang='lat' dir='ltr'>ut</span> <span class='ocrx_word' id='word_1_292' title='bbox 1794 2837 1910 2863; x_wconf 83' lang='lat' dir='ltr'>videre</span> <span class='ocrx_word' id='word_1_293' title='bbox 1935 2839 1986 2863; x_wconf 85' lang='lat' dir='ltr'>est</span> <span class='ocrx_word' id='word_1_294' title='bbox 2001 2836 2033 2862; x_wconf 91' lang='lat' dir='ltr'>in</span> 
     </span>
     <span class='ocr_line' id='line_1_37' title="bbox 387 2884 1942 2919; baseline -0.001 -7"><span class='ocrx_word' id='word_1_295' title='bbox 387 2886 536 2912; x_wconf 77' lang='lat' dir='ltr'>POLANC1</span> <span class='ocrx_word' id='word_1_296' title='bbox 555 2885 688 2919; x_wconf 55' lang='lat' dir='ltr'>Clzron„</span> <span class='ocrx_word' id='word_1_297' title='bbox 707 2889 729 2912; x_wconf 82' lang='lat' dir='ltr'>t.</span> <span class='ocrx_word' id='word_1_298' title='bbox 745 2892 768 2912; x_wconf 90' lang='lat'>11</span> <span class='ocrx_word' id='word_1_299' title='bbox 781 2888 814 2912; x_wconf 83' lang='lat' dir='ltr'>et</span> <span class='ocrx_word' id='word_1_300' title='bbox 829 2892 878 2919; x_wconf 80' lang='lat'>111,</span> <span class='ocrx_word' id='word_1_301' title='bbox 897 2889 930 2911; x_wconf 84' lang='lat' dir='ltr'>et</span> <span class='ocrx_word' id='word_1_302' title='bbox 947 2885 978 2911; x_wconf 92' lang='lat' dir='ltr'>in</span> <span class='ocrx_word' id='word_1_303' title='bbox 993 2884 1146 2918; x_wconf 83' lang='lat' dir='ltr'>pluribus</span> <span class='ocrx_word' id='word_1_304' title='bbox 1161 2891 1264 2918; x_wconf 86' lang='lat' dir='ltr'>supra</span> <span class='ocrx_word' id='word_1_305' title='bbox 1276 2885 1347 2919; x_wconf 76' lang='lat' dir='ltr'>Jam</span> <span class='ocrx_word' id='word_1_306' title='bbox 1363 2884 1463 2912; x_wconf 83' lang='lat' dir='ltr'>editis</span> <span class='ocrx_word' id='word_1_307' title='bbox 1478 2884 1790 2918; x_wconf 85' lang='lat' dir='ltr'>quadrimestribus</span> <span class='ocrx_word' id='word_1_308' title='bbox 1806 2884 1942 2911; x_wconf 86' lang='lat' dir='ltr'>litteris.</span> 
     </span>
    </p>

    <p class='ocr_par' dir='ltr' id='par_1_7' title="bbox 385 2931 2032 3108">
     <span class='ocr_line' id='line_1_38' title="bbox 441 2931 2031 2967; baseline -0.002 -7"><span class='ocrx_word' id='word_1_309' title='bbox 441 2933 453 2951; x_wconf 74' lang='lat'>&#39;‘</span> <span class='ocrx_word' id='word_1_310' title='bbox 495 2932 637 2960; x_wconf 87' lang='lat' dir='ltr'>Carolus</span> <span class='ocrx_word' id='word_1_311' title='bbox 653 2933 692 2959; x_wconf 85' lang='lat' dir='ltr'>de</span> <span class='ocrx_word' id='word_1_312' title='bbox 708 2932 824 2967; x_wconf 83' lang='lat' dir='ltr'>Borja,</span> <span class='ocrx_word' id='word_1_313' title='bbox 840 2932 954 2959; x_wconf 78' lang='lat' dir='ltr'>Patris</span> <span class='ocrx_word' id='word_1_314' title='bbox 971 2931 1147 2958; x_wconf 75' lang='lat' dir='ltr'>Francisci</span> <span class='ocrx_word' id='word_1_315' title='bbox 1163 2932 1202 2958; x_wconf 82' lang='lat' dir='ltr'>de</span> <span class='ocrx_word' id='word_1_316' title='bbox 1217 2932 1319 2965; x_wconf 73' lang='lat' dir='ltr'>BorJa</span> <span class='ocrx_word' id='word_1_317' title='bbox 1336 2931 1434 2965; x_wconf 79' lang='lat' dir='ltr'>filius,</span> <span class='ocrx_word' id='word_1_318' title='bbox 1452 2932 1506 2966; x_wconf 91' lang='lat' dir='ltr'>qui</span> <span class='ocrx_word' id='word_1_319' title='bbox 1524 2933 1663 2959; x_wconf 84' lang='lat' dir='ltr'>“aberat</span> <span class='ocrx_word' id='word_1_320' title='bbox 1676 2936 1748 2959; x_wconf 88' lang='lat' dir='ltr'>toto</span> <span class='ocrx_word' id='word_1_321' title='bbox 1762 2932 1824 2958; x_wconf 86' lang='lat' dir='ltr'>hoc</span> <span class='ocrx_word' id='word_1_322' title='bbox 1840 2939 1928 2959; x_wconf 86' lang='lat' dir='ltr'>anno</span> <span class='ocrx_word' id='word_1_323' title='bbox 1941 2931 2031 2958; x_wconf 88' lang='lat' dir='ltr'>Gan-</span> 
     </span>
     <span class='ocr_line' id='line_1_39' title="bbox 386 2978 2032 3015; baseline -0.002 -7"><span class='ocrx_word' id='word_1_324' title='bbox 386 2981 442 3008; x_wconf 81' lang='lat' dir='ltr'>dia</span> <span class='ocrx_word' id='word_1_325' title='bbox 458 2984 598 3015; x_wconf 84' lang='lat' dir='ltr'>propter</span> <span class='ocrx_word' id='word_1_326' title='bbox 617 2980 799 3014; x_wconf 87' lang='lat' dir='ltr'>quamdam</span> <span class='ocrx_word' id='word_1_327' title='bbox 815 2980 1058 3007; x_wconf 78' lang='lat' dir='ltr'>dissensionem</span> <span class='ocrx_word' id='word_1_328' title='bbox 1079 2983 1113 3006; x_wconf 78' lang='lat' dir='ltr'>et</span> <span class='ocrx_word' id='word_1_329' title='bbox 1129 2978 1287 3012; x_wconf 81' lang='lat' dir='ltr'>injuriam</span> <span class='ocrx_word' id='word_1_330' title='bbox 1308 2979 1441 3006; x_wconf 81' lang='lat' dir='ltr'>illatam</span> <span class='ocrx_word' id='word_1_331' title='bbox 1457 2979 1560 3006; x_wconf 89' lang='lat' dir='ltr'>nobili</span> <span class='ocrx_word' id='word_1_332' title='bbox 1582 2979 1657 3006; x_wconf 83' lang='lat' dir='ltr'>viro</span> <span class='ocrx_word' id='word_1_333' title='bbox 1674 2979 1863 3012; x_wconf 73' lang='lat' dir='ltr'>valentino,</span> <span class='ocrx_word' id='word_1_334' title='bbox 1887 2979 2032 3006; x_wconf 84' lang='lat' dir='ltr'>auctori-</span> 
     </span>
     <span class='ocr_line' id='line_1_40' title="bbox 386 3026 2032 3062; baseline -0.001 -7"><span class='ocrx_word' id='word_1_335' title='bbox 386 3032 459 3055; x_wconf 84' lang='lat' dir='ltr'>tate</span> <span class='ocrx_word' id='word_1_336' title='bbox 476 3029 578 3062; x_wconf 81' lang='lat' dir='ltr'>Regis</span> <span class='ocrx_word' id='word_1_337' title='bbox 595 3028 710 3062; x_wconf 82' lang='lat' dir='ltr'>egredi</span> <span class='ocrx_word' id='word_1_338' title='bbox 724 3028 837 3062; x_wconf 83' lang='lat' dir='ltr'>jussus</span> <span class='ocrx_word' id='word_1_339' title='bbox 853 3035 895 3054; x_wconf 78' lang='lat' dir='ltr'>ex</span> <span class='ocrx_word' id='word_1_340' title='bbox 912 3027 1021 3054; x_wconf 85' lang='lat' dir='ltr'>tribus</span> <span class='ocrx_word' id='word_1_341' title='bbox 1033 3026 1100 3054; x_wconf 87' lang='lat' dir='ltr'>illis</span> <span class='ocrx_word' id='word_1_342' title='bbox 1116 3027 1231 3060; x_wconf 78' lang='lat' dir='ltr'>regnis</span> <span class='ocrx_word' id='word_1_343' title='bbox 1248 3027 1456 3061; x_wconf 82' lang='lat' dir='ltr'>Aragoniae,</span> <span class='ocrx_word' id='word_1_344' title='bbox 1482 3031 1514 3053; x_wconf 85' lang='lat' dir='ltr'>et</span> <span class='ocrx_word' id='word_1_345' title='bbox 1537 3027 1569 3054; x_wconf 89' lang='lat' dir='ltr'>in</span> <span class='ocrx_word' id='word_1_346' title='bbox 1586 3027 1742 3059; x_wconf 73' lang='lat' dir='ltr'>civitate,</span> <span class='ocrx_word' id='word_1_347' title='bbox 1765 3027 1897 3054; x_wconf 79' lang='lat' dir='ltr'>nomine</span> <span class='ocrx_word' id='word_1_348' title='bbox 1919 3027 2032 3057; x_wconf 70' lang='lat' dir='ltr'>Haza,</span> 
     </span>
     <span class='ocr_line' id='line_1_41' title="bbox 385 3072 1920 3108; baseline -0.001 -7"><span class='ocrx_word' id='word_1_349' title='bbox 385 3075 417 3101; x_wconf 86' lang='lat' dir='ltr'>in</span> <span class='ocrx_word' id='word_1_350' title='bbox 435 3075 575 3103; x_wconf 82' lang='lat' dir='ltr'>Baetica</span> <span class='ocrx_word' id='word_1_351' title='bbox 590 3076 785 3108; x_wconf 80' lang='lat' dir='ltr'>exulabat„.</span> <span class='ocrx_word' id='word_1_352' title='bbox 804 3075 989 3105; x_wconf 55' lang='lat' dir='ltr'>Ponaxcus,</span> <span class='ocrx_word' id='word_1_353' title='bbox 1007 3074 1209 3106; x_wconf 71' lang='lat' dir='ltr'>Cleronicon,</span> <span class='ocrx_word' id='word_1_354' title='bbox 1225 3078 1248 3101; x_wconf 85' lang='lat' dir='ltr'>t.</span> <span class='ocrx_word' id='word_1_355' title='bbox 1265 3081 1310 3108; x_wconf 74' lang='lat' dir='ltr'>w,</span> <span class='ocrx_word' id='word_1_356' title='bbox 1327 3074 1383 3102; x_wconf 87' lang='lat' dir='ltr'>ubi</span> <span class='ocrx_word' id='word_1_357' title='bbox 1398 3074 1437 3101; x_wconf 84' lang='lat' dir='ltr'>de</span> <span class='ocrx_word' id='word_1_358' title='bbox 1456 3073 1650 3101; x_wconf 80' lang='lat' dir='ltr'>Gandiense</span> <span class='ocrx_word' id='word_1_359' title='bbox 1668 3074 1819 3107; x_wconf 84' lang='lat' dir='ltr'>Collegio</span> <span class='ocrx_word' id='word_1_360' title='bbox 1837 3072 1920 3108; x_wconf 80' lang='lat' dir='ltr'>agit.</span> 
     </span>
    </p>
   </div>
  </div>
 </body>
</html>
