2168 3437
333 303 406 341 262
850 301 1078 337 LITTERAE
1105 311 1463 343 QUADmMi-tsTREs

334 400 646 448 notissimum,
671 398 782 449 quin
799 398 942 438 etiam
960 397 1191 438 Castellae
1209 409 1407 449 regnum
1425 404 1563 450 atque
1581 398 1698 438 alias
1716 398 1855 439 etiam
1870 410 1972 450 pro—

335 470 520 510 vincias
542 470 658 509 haec
680 469 805 509 fama
823 469 1021 509 celebris
1042 475 1336 520 peragrarat.
1359 469 1448 509 Hic
1468 469 1626 521 itaque
1647 469 1797 520 pridie
1824 469 1973 510 incar-

335 541 540 581 nationis
575 541 854 590 dominicae,
893 540 1041 580 divini
1076 541 1250 580 amoris
1284 541 1437 580 iaculo
1468 541 1723 592 sauciatus,
1759 541 1975 592 quamvis

335 612 500 664 paucis
517 619 624 652 ante
646 611 823 661 diebus,
847 611 910 651 ita
932 612 1229 663 permittente
1250 611 1466 659 Domino,
1490 623 1640 663 grave
1671 611 1976 652 infortunium

337 694 590 734 perpessus
610 682 777 731 fuerat,
801 683 848 722 in
870 683 1077 723 animum
1099 683 1283 722 induxit
1304 694 1438 722 suum
1454 683 1601 723 variis
1617 695 1775 723 rerum
1793 694 1973 723 succes-

338 755 466 794 sibus
487 754 760 805 cunctisque
786 754 923 794 huius
945 754 1122 794 saeculi
1152 754 1337 805 pompis
1368 761 1609 793 aeternum
1637 754 1742 793 vale
1770 765 1974 805 pronun-

334 825 464 865 ciare
486 824 510 876 ¹,
535 826 695 877 sicque
719 824 928 876 affectus,
949 825 1009 865 ad
1026 837 1111 865 nos
1127 825 1257 865 venit
1280 832 1359 864 aut
1377 830 1602 876 perpetuo
1619 836 1973 876 permansurus,

335 903 418 936 aut
452 902 578 936 certe
614 902 740 936 recte
777 896 997 948 deinceps
1031 896 1221 936 vivendi
1256 895 1457 935 sormam
1493 901 1816 947 suscepturus:
1852 907 1975 936 nunc

336 967 541 1019 quinque
556 967 880 1007 hebdomadae
896 968 1254 1019 praeterierunt,
1276 979 1303 1007 a
1324 967 1491 1019 quibus
1507 975 1576 1007 est
1599 966 1612 984 “²
1630 967 1755 1007 dorni
1770 973 1975 1017 nostrae,

334 1038 705 1090 confidimusque
741 1039 788 1078 in
825 1038 1019 1078 Domini
1054 1038 1376 1079 misericordia
1416 1050 1511 1098 non
1556 1043 1695 1078 antea
1744 1039 1979 1079 exiturum

335 1122 493 1162 quam,
512 1116 653 1150 exuta
671 1116 904 1150 vetustate
921 1110 1069 1160 Adae,
1090 1121 1266 1150 novum
1283 1108 1297 1128 ³
1310 1100 1546 1152 hominem
1562 1108 1764 1149 induerit
1781 1121 1978 1162 eumque

336 1181 494 1221 multis
515 1181 767 1221 virtutibus
784 1181 1095 1221 decoraverit.
1120 1180 1256 1221 Hunc
1274 1180 1508 1220 credimus
1528 1180 1625 1220 X.¹11
1648 1180 1902 1221 Dominum
1920 1181 1979 1221 ad

339 1263 388 1292 se
422 1253 674 1292 attraxisse
703 1252 1009 1292 concionibus
1032 1251 1081 1291 Ρ.
1106 1252 1345 1302 Baptistae
1373 1250 1387 1269 ‘⁴
1408 1252 1553 1292 veluti
1580 1252 1735 1292 tenaci
1775 1252 1978 1304 quodam

335 1324 518 1375 glutino
536 1331 739 1364 mentem
755 1324 854 1363 eius
871 1323 1045 1363 sensim
1062 1323 1275 1375 capiente
1295 1334 1303 1363 1
1327 1323 1507 1363 solebat
1527 1323 1651 1363 enim
1668 1322 1824 1363 dicere
1837 1335 1979 1375 quum

338 1395 491 1435 adhuc
512 1396 559 1435 in
580 1395 810 1446 profundo
833 1395 967 1435 coeni
987 1395 1177 1445 iaceret,
1202 1406 1251 1434 se
1272 1393 1489 1435 doctrina
1511 1393 1559 1435 P.
1591 1393 1833 1446 Baptistae
1863 1394 1979 1434 mire

336 1466 591 1506 admodum
626 1465 894 1506 aedificari:
933 1477 1131 1517 cumque
1167 1478 1193 1505 a
1228 1466 1449 1517 quopiam
1488 1465 1863 1516 interrogaretur
1902 1466 1980 1517 qui

337 1550 430 1578 non
448 1538 602 1589 potius
625 1538 807 1577 audiret
830 1536 844 1556 ⁵
865 1537 1099 1588 insignem
1117 1543 1256 1588 atque
1278 1537 1501 1576 eximium
1521 1537 1653 1577 verbi
1675 1536 1822 1577 divini
1849 1548 1978 1588 prae-

339 1621 521 1659 conem,
557 1609 634 1660 qui
664 1615 775 1648 tunc
809 1609 1080 1660 Metymnae
1111 1608 1498 1657 concionabatur,
1526 1607 1769 1660 respondit
1799 1607 1903 1648 ideo
1930 1619 1980 1648 se

336 1680 509 1720 affectu
551 1681 781 1731 singulari
815 1680 1110 1720 sermonibus
1145 1680 1387 1731 Baptistae
1422 1679 1647 1719 delectari
1682 1679 1806 1731 quod
1840 1680 1982 1719 sciret

337 1764 445 1793 eum
481 1752 612 1804 prius
652 1753 783 1804 operi
817 1764 1008 1792 manum
1043 1751 1312 1792 adhibuisse
1347 1763 1487 1803 quam
1523 1763 1575 1791 os
1605 1751 1664 1791 ad
1697 1751 1983 1803 loquendum

342 1825 619 1877 aperuisset.
653 1824 755 1875 Qua
786 1824 841 1864 de
873 1835 1016 1864 causa
1052 1835 1106 1864 eo
1136 1824 1209 1863 die
1245 1835 1335 1875 quo
1370 1823 1509 1863 aedes
1544 1829 1734 1863 nostras
1769 1822 1978 1873 intravit,

338 1902 630 1949 protestatus
652 1903 722 1936 est
742 1897 882 1947 longe
903 1901 1041 1935 antea
1063 1895 1152 1935 hoc
1184 1895 1306 1935 idem
1334 1895 1616 1935 desiderium
1644 1894 1691 1934 in
1717 1895 1844 1935 votis
1872 1892 1886 1912 ⁶
1903 1894 1979 1934 ha·

336 1968 509 2018 buisse,
536 1967 617 2008 sed
650 1968 899 2019 quominus
922 1967 1032 2007 illud
1055 1978 1195 2019 opere
1217 1972 1527 2018 exequeretur
1552 1966 1787 2006 obstitisse
1821 1965 1980 2006 nescio

336 2052 456 2092 quas
477 2040 637 2090 tricas,
662 2039 830 2091 quibus
847 2039 1088 2079 districtus
1112 2038 1420 2078 detinebatur.

419 2111 612 2151 Praeter
634 2111 757 2150 hunc
778 2110 911 2150 multi
938 2110 1016 2149 alii
1042 2115 1141 2150 tum
1167 2109 1364 2161 publicis
1395 2108 1444 2148 P.
1475 2109 1716 2160 Baptistae
1747 2107 1981 2148 concioni-

337 2184 438 2234 bus,
478 2189 576 2223 tum
604 2183 650 2222 in
683 2182 910 2231 ecclesiis,
943 2188 1040 2221 tum
1065 2181 1113 2221 in
1143 2182 1299 2233 platea
1329 2180 1530 2232 publica,
1561 2186 1604 2220 et
1631 2180 1840 2220 eiusdem
1871 2179 1979 2220 alio-

338 2266 534 2306 rumque
556 2259 743 2306 patrum
763 2253 963 2304 privatis
989 2252 1396 2292 exhortationibus
1418 2258 1557 2304 atque
1579 2251 1851 2304 quotidiana
1872 2262 1980 2291 con-

338 2326 610 2367 versatione
632 2325 867 2373 commoti,
892 2324 1095 2364 vestium
1112 2324 1276 2363 luxum
1293 2328 1431 2374 atque
1449 2323 1749 2363 immodicam
1764 2322 1980 2374 pecunia-

339 2409 443 2438 rum
465 2397 769 2449 cupiditatem
789 2395 1074 2446 nimiamque
1094 2395 1310 2434 lucrandi
1333 2394 1344 2413 ⁷
1374 2394 1733 2434 sollicitudinem
1760 2399 1839 2434 aut
1858 2394 1980 2445 peni-

338 2475 415 2509 tus
436 2469 738 2518 sustulerunt,
773 2473 853 2507 aut
887 2466 1053 2506 saltem
1087 2466 1277 2505 modum
1308 2465 1398 2505 illis
1432 2472 1702 2516 posuerunt.
1740 2464 1863 2505 Inter
1898 2464 1984 2504 hos

343 2549 461 2580 unus
479 2552 592 2592 prae
611 2539 826 2589 caeteris,
846 2538 924 2589 qui
941 2537 1284 2577 nummularius
1301 2543 1402 2577 erat
1421 2537 1582 2588 (vulgo
1600 2542 1813 2588 comptor
1831 2536 1982 2588 appel-

339 2610 540 2661 labatur)
554 2609 582 2662 3,
599 2610 774 2651 amoris
791 2609 938 2649 divini
953 2609 1193 2659 singulare
1210 2608 1449 2659 specimen
1466 2607 1700 2647 exhibuit:
1719 2607 1794 2648 hic
1814 2606 1985 2647 etenim

396 2794 406 2814 ¹
446 2795 592 2821 tandem
609 2794 737 2820 dicere.
755 2792 936 2820 Polancus.

398 2844 411 2863 Ξ
442 2843 522 2877 jam
538 2842 683 2876 quinque
696 2840 930 2868 hebdomades
944 2839 1033 2866 domi
1046 2842 1185 2866 nostrae
1196 2838 1283 2873 fuit.
1301 2838 1479 2866 Polancus.

396 2892 410 2910 ³
447 2898 571 2918 novum
587 2894 744 2924 prorsus.
766 2888 944 2914 Polancus.

396 2939 411 2958 4
448 2938 562 2965 Pan-15
577 2937 716 2971 joannis
732 2937 909 2970 Baptistae
927 2934 1093 2962 Sanehez.

398 2985 411 3005 ὅ
450 2986 584 3012 audiret
600 2984 789 3019 quemdam
806 2984 931 3010 alium.
951 2983 1128 3010 Polancus.

395 3032 412 3053 ὃ
450 3034 513 3061 hoc
529 3034 618 3060 idem
632 3040 670 3060 se
685 3033 717 3060 in
733 3032 836 3060 votis.
852 3031 1031 3058 Polancus.

401 3082 414 3100 ⁷
453 3082 556 3109 lucri.
572 3081 750 3108 Polancusi

398 3130 415 3150 ⁸
452 3129 644 3163 (banclzunz
661 3129 766 3161 vulgo
781 3128 929 3162 dicunt).
945 3127 1125 3154 Polancus.
