2168 3437
887 251 970 288 AN.
1001 251 1093 288 1554
1742 247 1814 284 543

177 356 362 392 cessent
382 349 484 390 Deo
516 356 608 401 opt.
640 360 783 399 max„
816 348 939 400 quod
966 359 1051 388 nos
1080 348 1171 387 huc
1201 346 1459 387 transferre
1486 344 1707 396 dignatus
1736 344 1809 394 sit,

175 422 356 473 gratias
379 432 540 472 agere,
564 427 662 460 tum
683 420 761 471 qui
780 419 956 460 diversi
978 431 1005 459 a
1021 419 1154 459 nobis
1171 418 1404 464 habitant,
1425 427 1607 457 summo
1625 421 1812 455 tenean-

177 500 253 533 tur
275 492 366 532 huc
388 491 683 532 commeandi
704 490 957 540 desiderio,
982 496 1120 541 atque
1142 489 1259 529 adeo
1280 487 1493 529 nonnulli
1509 487 1688 527 nobiles
1704 485 1813 526 huic

177 563 379 604 viciniae
414 562 800 613 commigrarunt.
840 560 960 611 Quid
988 560 1203 612 quaeris?
1235 560 1500 610 Tantopere
1528 563 1573 598 et
1609 568 1743 597 amor
1770 562 1814 596 et

179 634 386 674 charitas
407 639 452 673 et
471 633 720 673 multitudo
743 632 801 671 ad
825 632 1075 671 conciones
1098 636 1236 682 atque
1265 630 1506 670 doctrinas
1534 639 1815 668 concurren-

178 705 295 745 tium
315 705 363 744 in
384 705 482 744 dies
511 703 664 754 magis
693 702 938 753 magisque
965 702 1157 752 crescit,
1183 707 1233 740 ut
1262 712 1348 740 nos
1379 700 1714 752 compellamur
1742 710 1815 738 ca-

178 776 286 827 paci
307 775 411 816 aedi
432 785 595 814 curam
615 773 825 813 laxitatis
848 772 1090 821 adhibere,
1122 772 1259 823 idque
1290 778 1397 811 ante
1426 770 1813 820 aedificationem,

180 858 319 898 quam
346 852 676 897 expectamus;
708 855 827 895 quae
857 843 905 883 in
934 843 1069 882 brevi
1096 842 1373 882 conficiatur
1402 854 1496 881 non
1517 847 1587 881 est
1609 840 1814 890 dubium,

179 917 459 968 praesertim
481 927 587 955 cum
608 927 701 955 non
723 915 875 954 solum
895 912 997 953 Rex
1014 912 1095 952 sed
1115 913 1293 964 pariter
1315 918 1359 952 et
1380 912 1556 952 caeteri
1574 911 1817 962 Principes

181 994 225 1028 et
245 988 494 1027 universus
515 987 714 1037 populus
735 997 848 1036 prae
870 996 919 1024 se
941 983 1190 1024 mirificum
1213 983 1422 1022 animum
1443 994 1527 1034 pro
1550 994 1599 1022 se
1620 982 1817 1034 quisque

181 1057 435 1108 adjuvandi
454 1057 622 1097 ferant.
647 1056 719 1096 Ac
740 1056 840 1096 Rex
862 1055 1049 1107 quidem
1070 1054 1256 1094 aedium
1285 1054 1651 1105 descriptionem
1679 1052 1817 1093 confi-

181 1128 395 1169 ciendam
416 1128 642 1179 suscepit,
667 1126 798 1178 cujus
820 1125 1005 1177 quidem
1026 1130 1151 1165 certe
1172 1125 1477 1164 fundamenta
1499 1130 1655 1164 essent
1671 1124 1814 1174 iacta,

183 1200 271 1240 nisi
292 1199 544 1250 Principis,
570 1199 668 1238 eius
690 1198 815 1238 unici
835 1197 938 1248 filii,
963 1208 1101 1248 quem
1121 1196 1250 1236 Deus
1271 1195 1319 1235 in
1347 1201 1589 1235 aeternam
1617 1195 1817 1246 gloriam

184 1271 418 1321 evocavit,
439 1276 742 1322 praematura
761 1269 1038 1319 funestaque
1051 1273 1200 1307 morte
1212 1266 1552 1318 intercepisset,
1569 1278 1687 1317 quae
1699 1266 1820 1306 illius

178 1342 312 1393 juxta
330 1347 374 1382 et
395 1341 604 1392 Reginae
622 1341 830 1380 animum
851 1339 1153 1379 acerbissimo
1171 1339 1364 1377 vulnere
1384 1337 1641 1387 sauciavit,
1661 1348 1818 1387 quam-

182 1425 322 1464 quam
342 1413 389 1452 id
408 1413 472 1452 ita
493 1410 733 1452 moderate
754 1411 906 1450 ferant
927 1415 976 1450 ut
996 1421 1090 1449 non
1107 1408 1348 1449 minimum
1372 1408 1532 1459 magni
1551 1407 1816 1447 christiani-

181 1495 270 1535 que
292 1483 436 1524 animi
457 1483 695 1534 specimen
716 1482 981 1522 exhibeant.
999 1480 1190 1520 Praeter
1208 1491 1327 1531 quos
1345 1491 1400 1519 ac
1419 1479 1654 1530 principes
1672 1478 1817 1527 viros,

182 1555 396 1595 nonnulli
415 1554 590 1606 privati
612 1553 828 1593 homines
845 1552 945 1604 jam
965 1563 1089 1591 nunc
1119 1551 1292 1602 partim
1320 1550 1606 1600 nonaginta,
1641 1549 1719 1589 alii
1747 1550 1822 1588 tri-

183 1627 336 1678 ginta,
361 1625 439 1665 alii
461 1625 825 1677 quinquaginta,
849 1623 1059 1664 nonnulli
1079 1622 1158 1662 250
1179 1633 1350 1661 aureos
1370 1632 1586 1661 nummos
1616 1620 1674 1660 ad
1708 1631 1825 1671 opus

184 1709 268 1748 pro
302 1697 400 1737 suis
430 1697 626 1748 quisque
662 1695 824 1746 opibus
859 1694 1139 1746 pollicentur
1166 1694 1383 1744 ultroque
1412 1691 1628 1732 offerunt.
1664 1691 1821 1731 Taceo

184 1768 329 1807 multa
365 1767 553 1818 privata
587 1767 732 1817 bona,
770 1777 890 1817 quae
925 1777 1037 1805 sane
1069 1764 1276 1816 quotidie
1308 1763 1537 1803 ecclesiae
1570 1763 1821 1811 donantur,

185 1845 383 1890 quatuor
405 1838 605 1889 optimos
628 1837 819 1887 calices,
845 1835 1095 1887 magnifica
1111 1835 1205 1875 aris
1227 1840 1527 1884 ornamenta,
1552 1833 1737 1873 tabulas
1759 1833 1826 1884 pi-

186 1917 308 1958 ctas,
338 1914 496 1949 vestes
524 1920 711 1958 sacras,
749 1914 794 1947 et
824 1907 1082 1959 pretiosum
1113 1905 1509 1957 magnificumque
1547 1904 1824 1953 sacrarium,

186 1993 277 2032 quo
300 1992 424 2020 nunc
446 1980 711 2020 continetur
732 1984 1043 2030 servaturque
1071 1977 1421 2017 sanctissimum
1449 1975 1823 2023 Sacramentum,

188 2052 311 2104 quod
331 2052 371 2092 si
393 2052 549 2092 omnia
572 2051 951 2101 admitteremUS,
974 2049 1185 2101 profecto
1203 2049 1349 2088 multo
1368 2049 1502 2100 plura
1520 2047 1825 2095 donarentur3

188 2125 256 2164 sic
277 2123 401 2164 enim
423 2123 702 2163 existimant
726 2124 907 2162 lucrum
937 2121 1074 2168 valde
1104 2131 1330 2171 magnum
1362 2119 1518 2159 facere
1549 2119 1829 2170 quicumque

188 2195 323 2235 nobis
345 2194 522 2246 aliquid
542 2195 733 2234 donant.
757 2193 825 2233 Ita
848 2198 1204 2233 commoventur
1226 2191 1352 2242 quod
1371 2201 1451 2230 eas
1468 2201 1524 2230 ac
1540 2201 1717 2241 paucas
1733 2189 1830 2240 qui-

190 2267 295 2306 dem
315 2277 453 2306 casas
480 2266 736 2305 habeamus
763 2273 812 2304 ut
841 2264 955 2304 nihil
991 2263 1198 2303 dubitem
1232 2263 1342 2314 quin
1378 2262 1512 2302 brevi
1550 2260 1827 2301 conficiatur

192 2348 331 2388 opus,
356 2336 394 2376 si
426 2336 579 2387 prima
609 2347 777 2376 manus
808 2335 1028 2385 accedat;
1058 2346 1113 2374 ac
1143 2334 1328 2385 quidem
1365 2333 1411 2372 id
1445 2338 1494 2372 ut
1530 2332 1830 2372 confirmetur

191 2419 374 2447 summa
396 2407 582 2447 illorum
603 2407 650 2446 in
670 2418 756 2446 nos
778 2406 1004 2446 beneficia
1025 2405 1261 2456 multoque
1284 2405 1418 2455 plura
1451 2402 1723 2442 conferendi
1750 2413 1830 2442 vo-

192 2480 368 2529 luntas,
392 2489 534 2529 quam
555 2477 759 2528 quotidie
782 2476 1047 2527 declarant,
1072 2475 1198 2516 facit.
1221 2474 1565 2526 Quamplurimi
1582 2478 1830 2524 praeterea

193 2556 243 2589 ut
263 2549 376 2589 dant
396 2548 636 2600 portiones
656 2547 980 2599 pecuniariaS,
1005 2547 1130 2598 quod
1150 2546 1226 2586 hic
1247 2557 1360 2585 sane
1381 2544 1482 2584 fieri
1504 2545 1636 2594 solet;
1663 2549 1713 2583 ut
1734 2543 1831 2594 pol-

192 2621 414 2669 licentur;
438 2625 486 2659 ut
506 2619 641 2658 nobis
663 2618 710 2658 in
737 2624 940 2658 mentem
973 2628 1309 2668 nonnunquam
1344 2615 1503 2655 veniat
1540 2625 1681 2666 quam
1709 2614 1832 2654 male

194 2697 379 2731 vestras
400 2701 540 2742 peras
562 2689 810 2729 imitemur.

274 2760 424 2813 Hujus
452 2761 615 2801 domus
645 2760 947 2812 Praepositus
975 2765 1044 2799 est
1074 2759 1304 2799 Dominus
1338 2756 1634 2807 GoncalvuS,
1672 2757 1751 2807 qui
1785 2757 1832 2796 in

196 2844 421 2884 praesens
460 2839 558 2872 tum
592 2830 934 2881 doctrinarum,
968 2842 1086 2882 quae
1122 2829 1292 2880 ubique
1332 2830 1544 2868 locorum
1583 2827 1830 2877 habentur,

197 2915 358 2944 curam
396 2903 538 2954 gerit,
569 2903 788 2954 solusque
817 2913 1002 2942 omnem
1035 2902 1176 2941 istum
1209 2900 1421 2939 laborem
1456 2898 1675 2949 sustinet,
1708 2899 1833 2950 quod

198 2974 338 3014 Pater
360 2973 637 3023 Goncalvus
658 2973 793 3014 Vaaz
812 2973 860 3013 in
880 2973 1094 3013 morbum
1119 2971 1281 3011 incidit
1302 2981 1310 3021 ;
1341 2970 1422 3010 sed
1452 2981 1479 3009 a
1507 2969 1723 3021 proximo
1755 2970 1834 3010 do—

200 3045 371 3085 minico
394 3045 466 3085 die
489 3044 665 3084 Doctor
688 3044 884 3094 Torres,
908 3043 986 3094 qui
1007 3042 1316 3083 Provincialis
1341 3041 1525 3091 collega
1547 3046 1637 3091 est,
1664 3039 1832 3080 docen-
