2168 3437
875 181 963 218 AN.
995 181 1087 218 1553
1734 186 1801 222 105

164 277 487 326 dentissimae,
530 276 779 317 Societatis
817 279 1059 329 negotium
1099 279 1534 321 commendaturum
1578 294 1627 321 se
1662 282 1799 323 fidem

165 348 303 390 dedit.
324 347 559 397 Quantam
576 348 934 389 admirationem
950 355 995 389 et
1011 350 1075 401 pii
1090 361 1204 401 erga
1222 363 1308 391 nos
1330 351 1526 392 affectus
1544 353 1796 393 incremen-

166 426 262 460 tum
281 417 527 458 Societatis
544 418 721 470 literae,
747 431 867 471 quae
890 421 1067 471 passim
1089 422 1347 462 amicorum
1369 423 1584 463 manibus
1605 424 1799 465 circum-

164 490 389 539 feruntur,
409 489 455 528 in
478 489 647 529 animis
668 490 922 530 multorum
944 491 1272 543 excitaverint,
1297 494 1549 534 multorum
1570 495 1625 534 de
1646 494 1800 535 Socie-

165 566 260 601 tate
291 566 520 600 testantur
556 560 731 611 elogia,
765 573 885 612 quae
919 562 1167 613 praeclara
1195 569 1302 603 sunt
1335 571 1379 604 et
1410 564 1628 615 insignia.
1661 566 1698 606 F
1703 567 1801 607 axit

166 631 323 672 divina
345 631 529 670 bonitas
546 637 595 670 ut
614 631 880 672 animarum
902 632 1001 672 vita
1022 633 1190 685 ubique
1210 645 1265 674 ac
1286 646 1469 686 semper
1483 636 1729 677 incolumis
1746 650 1799 678 ac

166 702 349 752 integra
370 707 600 741 servetur.

243 772 473 813 Dominus
502 770 632 812 Iesus
660 772 997 814 paternitatem
1026 780 1156 815 tuam
1186 775 1435 817 universae
1471 777 1691 819 Societati
1725 780 1801 820 diu

164 849 320 884 servet
340 843 621 883 incolumem
642 849 686 884 et
701 850 805 895 post
822 845 958 885 huius
975 846 1369 896 peregrinationis
1385 849 1560 889 exitum
1576 857 1801 902 perpetua

167 927 271 956 cum
293 915 507 955 omnibus
528 914 633 955 filiis
655 915 746 955 tuis
768 915 990 957 felicitate
1011 917 1152 958 beare
1173 918 1404 970 dignetur.
1430 920 1613 961 Sanctis
1630 922 1800 962 sacrifi-

168 986 250 1026 ciis
272 992 315 1026 et
338 986 631 1026 orationibus
653 987 897 1027 charitatis
915 993 1023 1028 tuae
1046 1000 1101 1028 ac
1123 990 1408 1042 reliquorum
1429 991 1620 1032 Patrum
1648 1000 1692 1032 et
1714 993 1800 1033 sra-

166 1063 289 1098 trum
305 1057 693 1097 charissimorum
713 1059 929 1109 precibus
950 1070 1042 1100 uno
1060 1072 1140 1100 ore
1162 1062 1476 1102 commendati
1503 1075 1605 1104 esse
1627 1064 1800 1104 deside-

165 1139 325 1169 ramus
346 1140 521 1168 omnes.

247 1198 460 1239 Secundo
481 1200 708 1248 Ianuarii,
733 1213 856 1241 anno
879 1213 906 1241 a
926 1208 1065 1253 partu
1082 1203 1296 1254 virgineo
1313 1205 1558 1246 millesimo
1580 1207 1804 1258 quingen-

170 1271 334 1311 tesimo
356 1270 745 1322 quinquagesimo
767 1272 919 1313 tertio.
942 1272 1155 1313 Lutetiae
1177 1273 1479 1316 Parisiorum.

247 1341 370 1382 R.dae
397 1341 698 1382 paternitatis
719 1348 826 1383 tuae

247 1411 467 1452 Minimus
489 1412 536 1452 in
559 1412 713 1453 Cristo
735 1412 855 1454 filius
879 1426 933 1454 ac
957 1427 1123 1455 servus
1140 1416 1374 1469 indignus,

984 1556 1232 1598 ROBERTUS
1254 1558 1588 1600 CLAYssomth.

247 1766 317 1807 Ex
339 1768 668 1808 commissione
690 1768 783 1808 Rdi
804 1769 958 1810 Patris
981 1769 1225 1811 Paschasii
1246 1771 1400 1810 Broet.

249 1890 604 1944 Superscm'ptio
622 1893 807 1933 .·=R.d0
834 1894 881 1933 in
910 1894 1096 1935 Christo
1114 1895 1248 1935 'Patri
1278 1896 1480 1937 Domino
1508 1897 1689 1947 Ignatio
1718 1897 1805 1937 Lo-

167 1962 275 2012 yola
296 1961 573 2014 Praeposito
597 1963 816 2004 Generali
839 1963 1089 2005 Societatis
1110 1965 1230 2015 Iesu,
1253 1966 1448 2007 Romae.

247 2033 312 2073 Et
331 2033 428 2073 alia
450 2046 595 2074 manu
613 2046 627 2074 .·
660 2034 773 2075 1553.
800 2035 950 2086 Quad.
973 2036 1101 2088 paris
1121 2037 1146 2077 2
1168 2038 1215 2077 di
1236 2037 1439 2078 Genaro.

250 2104 408 2145 Extat
427 2105 590 2156 sigilli
606 2110 650 2146 et
672 2117 804 2147 cerae
824 2108 996 2147 rubrae
1018 2108 1294 2160 vestigium.
