<?xml version="1.0" encoding="UTF-8"?>
<!DOCTYPE html PUBLIC "-//W3C//DTD XHTML 1.0 Transitional//EN"
    "http://www.w3.org/TR/xhtml1/DTD/xhtml1-transitional.dtd">
<html xmlns="http://www.w3.org/1999/xhtml" xml:lang="en" lang="en">
 <head>
  <title>
</title>
<meta http-equiv="Content-Type" content="text/html;charset=utf-8" />
  <meta name='ocr-system' content='tesseract 3.04.00' />
  <meta name='ocr-capabilities' content='ocr_page ocr_carea ocr_par ocr_line ocrx_word'/>
</head>
<body>
  <div class='ocr_page' id='page_1' title='image "./litteraequadrime1402lain_0457.png"; bbox 0 0 2168 3437; ppageno 0'>
   <div class='ocr_carea' id='block_1_1' title="bbox 894 265 1814 304">
    <p class='ocr_par' dir='ltr' id='par_1_1' title="bbox 894 265 1814 304">
     <span class='ocr_line' id='line_1_1' title="bbox 894 265 1814 304; baseline 0.002 -2"><span class='ocrx_word' id='word_1_1' title='bbox 894 265 977 302; x_wconf 82' lang='lat' dir='ltr'>AN.</span> <span class='ocrx_word' id='word_1_2' title='bbox 1012 265 1104 303; x_wconf 78' lang='lat'>1553</span> <span class='ocrx_word' id='word_1_3' title='bbox 1743 268 1814 304; x_wconf 60' lang='lat'><strong>21:33</strong></span> 
     </span>
    </p>
   </div>
   <div class='ocr_carea' id='block_1_2' title="bbox 165 361 1819 3104">
    <p class='ocr_par' dir='ltr' id='par_1_2' title="bbox 178 361 1812 627">
     <span class='ocr_line' id='line_1_2' title="bbox 186 361 1811 415; baseline 0.001 -13"><span class='ocrx_word' id='word_1_4' title='bbox 186 362 448 402; x_wconf 89' lang='lat' dir='ltr'>trahuntur.</span> <span class='ocrx_word' id='word_1_5' title='bbox 473 361 605 402; x_wconf 89' lang='lat' dir='ltr'>Multi</span> <span class='ocrx_word' id='word_1_6' title='bbox 621 374 836 414; x_wconf 86' lang='lat' dir='ltr'>namque,</span> <span class='ocrx_word' id='word_1_7' title='bbox 861 375 918 403; x_wconf 79' lang='lat' dir='ltr'>ex</span> <span class='ocrx_word' id='word_1_8' title='bbox 940 364 1006 403; x_wconf 89' lang='lat' dir='ltr'>eis</span> <span class='ocrx_word' id='word_1_9' title='bbox 1026 363 1315 415; x_wconf 91' lang='lat' dir='ltr'>praesertim,</span> <span class='ocrx_word' id='word_1_10' title='bbox 1341 364 1418 415; x_wconf 89' lang='lat' dir='ltr'>qui</span> <span class='ocrx_word' id='word_1_11' title='bbox 1439 363 1485 403; x_wconf 92' lang='lat' dir='ltr'>in</span> <span class='ocrx_word' id='word_1_12' title='bbox 1511 364 1683 403; x_wconf 89' lang='lat' dir='ltr'>nostris</span> <span class='ocrx_word' id='word_1_13' title='bbox 1710 376 1811 404; x_wconf 85' lang='lat' dir='ltr'>ver-</span> 
     </span>
     <span class='ocr_line' id='line_1_3' title="bbox 179 433 1811 486; baseline 0.001 -13"><span class='ocrx_word' id='word_1_14' title='bbox 179 439 340 473; x_wconf 80' lang='lat' dir='ltr'>santur</span> <span class='ocrx_word' id='word_1_15' title='bbox 375 433 562 484; x_wconf 90' lang='lat' dir='ltr'>scholis,</span> <span class='ocrx_word' id='word_1_16' title='bbox 594 434 777 474; x_wconf 80' lang='lat' dir='ltr'>admitti</span> <span class='ocrx_word' id='word_1_17' title='bbox 808 434 854 473; x_wconf 89' lang='lat' dir='ltr'>in</span> <span class='ocrx_word' id='word_1_18' title='bbox 889 433 1168 474; x_wconf 76' lang='lat' dir='ltr'>Societatem</span> <span class='ocrx_word' id='word_1_19' title='bbox 1203 441 1409 486; x_wconf 82' lang='lat' dir='ltr'>possent,</span> <span class='ocrx_word' id='word_1_20' title='bbox 1447 434 1570 486; x_wconf 90' lang='lat' dir='ltr'>quod</span> <span class='ocrx_word' id='word_1_21' title='bbox 1604 435 1650 474; x_wconf 92' lang='lat' dir='ltr'>in</span> <span class='ocrx_word' id='word_1_22' title='bbox 1681 435 1811 474; x_wconf 92' lang='lat' dir='ltr'>initio</span> 
     </span>
     <span class='ocr_line' id='line_1_4' title="bbox 179 503 1812 556; baseline 0.001 -13"><span class='ocrx_word' id='word_1_23' title='bbox 179 503 278 544; x_wconf 89' lang='lat' dir='ltr'>fieri</span> <span class='ocrx_word' id='word_1_24' title='bbox 301 504 528 555; x_wconf 91' lang='lat' dir='ltr'>optimum</span> <span class='ocrx_word' id='word_1_25' title='bbox 555 516 656 544; x_wconf 92' lang='lat' dir='ltr'>esse</span> <span class='ocrx_word' id='word_1_26' title='bbox 689 517 782 545; x_wconf 92' lang='lat' dir='ltr'>non</span> <span class='ocrx_word' id='word_1_27' title='bbox 803 505 1039 555; x_wconf 80' lang='lat' dir='ltr'>duximus;</span> <span class='ocrx_word' id='word_1_28' title='bbox 1074 516 1192 556; x_wconf 91' lang='lat' dir='ltr'>quae</span> <span class='ocrx_word' id='word_1_29' title='bbox 1223 506 1379 545; x_wconf 90' lang='lat' dir='ltr'>omnia</span> <span class='ocrx_word' id='word_1_30' title='bbox 1407 505 1453 545; x_wconf 89' lang='lat' dir='ltr'>in</span> <span class='ocrx_word' id='word_1_31' title='bbox 1486 506 1710 546; x_wconf 90' lang='lat' dir='ltr'>maiorem</span> <span class='ocrx_word' id='word_1_32' title='bbox 1740 506 1812 545; x_wconf 89' lang='lat' dir='ltr'>sui</span> 
     </span>
     <span class='ocr_line' id='line_1_5' title="bbox 178 575 1738 627; baseline 0 -13"><span class='ocrx_word' id='word_1_33' title='bbox 178 575 378 614; x_wconf 87' lang='lat' dir='ltr'>nominis</span> <span class='ocrx_word' id='word_1_34' title='bbox 398 575 597 626; x_wconf 79' lang='lat' dir='ltr'>gloriam</span> <span class='ocrx_word' id='word_1_35' title='bbox 618 581 662 615; x_wconf 92' lang='lat' dir='ltr'>et</span> <span class='ocrx_word' id='word_1_36' title='bbox 684 576 907 615; x_wconf 77' lang='lat' dir='ltr'>honorem</span> <span class='ocrx_word' id='word_1_37' title='bbox 929 576 1181 616; x_wconf 78' lang='lat' dir='ltr'>constituat</span> <span class='ocrx_word' id='word_1_38' title='bbox 1203 576 1574 627; x_wconf 88' lang='lat' dir='ltr'>sapientissimus</span> <span class='ocrx_word' id='word_1_39' title='bbox 1595 575 1738 616; x_wconf 89' lang='lat' dir='ltr'>Deus.</span> 
     </span>
    </p>

    <p class='ocr_par' dir='ltr' id='par_1_3' title="bbox 166 645 1819 2891">
     <span class='ocr_line' id='line_1_6' title="bbox 260 645 1812 698; baseline 0.002 -14"><span class='ocrx_word' id='word_1_40' title='bbox 260 645 597 695; x_wconf 87' lang='lat' dir='ltr'>Algarbiorum</span> <span class='ocrx_word' id='word_1_41' title='bbox 616 646 877 697; x_wconf 80' lang='lat' dir='ltr'>Episcopus</span> <span class='ocrx_word' id='word_1_42' title='bbox 897 646 987 685; x_wconf 90' lang='lat' dir='ltr'>hoc</span> <span class='ocrx_word' id='word_1_43' title='bbox 1004 647 1281 697; x_wconf 87' lang='lat' dir='ltr'>praesertim</span> <span class='ocrx_word' id='word_1_44' title='bbox 1297 653 1506 698; x_wconf 90' lang='lat' dir='ltr'>tempore</span> <span class='ocrx_word' id='word_1_45' title='bbox 1523 658 1812 698; x_wconf 78' lang='lat' dir='ltr'>magnopere</span> 
     </span>
     <span class='ocr_line' id='line_1_7' title="bbox 178 715 1807 769; baseline 0.001 -14"><span class='ocrx_word' id='word_1_46' title='bbox 178 728 204 755; x_wconf 90' lang='lat' dir='ltr'>a</span> <span class='ocrx_word' id='word_1_47' title='bbox 225 716 359 755; x_wconf 90' lang='lat' dir='ltr'>nobis</span> <span class='ocrx_word' id='word_1_48' title='bbox 381 715 656 766; x_wconf 85' lang='lat' dir='ltr'>efflagitavit</span> <span class='ocrx_word' id='word_1_49' title='bbox 675 722 724 756; x_wconf 91' lang='lat' dir='ltr'>ut</span> <span class='ocrx_word' id='word_1_50' title='bbox 745 717 886 767; x_wconf 81' lang='lat' dir='ltr'>aliqui</span> <span class='ocrx_word' id='word_1_51' title='bbox 909 728 966 756; x_wconf 79' lang='lat' dir='ltr'>ex</span> <span class='ocrx_word' id='word_1_52' title='bbox 987 717 1161 756; x_wconf 90' lang='lat' dir='ltr'>nostris</span> <span class='ocrx_word' id='word_1_53' title='bbox 1188 717 1244 767; x_wconf 90' lang='lat' dir='ltr'>ei,</span> <span class='ocrx_word' id='word_1_54' title='bbox 1269 717 1328 757; x_wconf 88' lang='lat' dir='ltr'>ad</span> <span class='ocrx_word' id='word_1_55' title='bbox 1349 717 1608 767; x_wconf 78' lang='lat' dir='ltr'>Collegium</span> <span class='ocrx_word' id='word_1_56' title='bbox 1631 718 1807 769; x_wconf 90' lang='lat' dir='ltr'>erigen-</span> 
     </span>
     <span class='ocr_line' id='line_1_8' title="bbox 179 785 1812 837; baseline 0.002 -12"><span class='ocrx_word' id='word_1_57' title='bbox 179 785 303 835; x_wconf 89' lang='lat' dir='ltr'>dum,</span> <span class='ocrx_word' id='word_1_58' title='bbox 341 786 695 837; x_wconf 79' lang='lat' dir='ltr'>praeberentur3</span> <span class='ocrx_word' id='word_1_59' title='bbox 730 787 862 826; x_wconf 90' lang='lat' dir='ltr'>cuius</span> <span class='ocrx_word' id='word_1_60' title='bbox 900 792 996 826; x_wconf 90' lang='lat' dir='ltr'>tam</span> <span class='ocrx_word' id='word_1_61' title='bbox 1030 793 1193 826; x_wconf 90' lang='lat' dir='ltr'>sancto</span> <span class='ocrx_word' id='word_1_62' title='bbox 1225 787 1456 827; x_wconf 87' lang='lat' dir='ltr'>desiderio</span> <span class='ocrx_word' id='word_1_63' title='bbox 1492 788 1812 829; x_wconf 86' lang='lat' dir='ltr'>satisfaciendi</span> 
     </span>
     <span class='ocr_line' id='line_1_9' title="bbox 182 856 1805 910; baseline 0.002 -15"><span class='ocrx_word' id='word_1_64' title='bbox 182 861 398 907; x_wconf 89' lang='lat' dir='ltr'>captatur</span> <span class='ocrx_word' id='word_1_65' title='bbox 419 857 621 896; x_wconf 85' lang='lat' dir='ltr'>occasio.</span> <span class='ocrx_word' id='word_1_66' title='bbox 643 856 914 897; x_wconf 88' lang='lat' dir='ltr'>Portuensis</span> <span class='ocrx_word' id='word_1_67' title='bbox 942 857 1101 897; x_wconf 90' lang='lat' dir='ltr'>itidem</span> <span class='ocrx_word' id='word_1_68' title='bbox 1122 858 1307 907; x_wconf 86' lang='lat' dir='ltr'>civitas,</span> <span class='ocrx_word' id='word_1_69' title='bbox 1341 860 1415 898; x_wconf 74' lang='lat' dir='ltr'>vel</span> <span class='ocrx_word' id='word_1_70' title='bbox 1444 860 1502 898; x_wconf 84' lang='lat' dir='ltr'>ad</span> <span class='ocrx_word' id='word_1_71' title='bbox 1531 859 1805 910; x_wconf 80' lang='lat' dir='ltr'>Collegium,</span> 
     </span>
     <span class='ocr_line' id='line_1_10' title="bbox 177 926 1809 980; baseline 0.002 -14"><span class='ocrx_word' id='word_1_72' title='bbox 177 927 251 967; x_wconf 86' lang='lat' dir='ltr'>vel</span> <span class='ocrx_word' id='word_1_73' title='bbox 264 927 322 966; x_wconf 94' lang='lat' dir='ltr'>ad</span> <span class='ocrx_word' id='word_1_74' title='bbox 334 926 653 978; x_wconf 88' lang='lat' dir='ltr'>professorum</span> <span class='ocrx_word' id='word_1_75' title='bbox 668 928 855 968; x_wconf 89' lang='lat' dir='ltr'>domum</span> <span class='ocrx_word' id='word_1_76' title='bbox 872 929 1250 979; x_wconf 74' lang='lat' dir='ltr'>construendam,</span> <span class='ocrx_word' id='word_1_77' title='bbox 1267 930 1448 979; x_wconf 84' lang='lat' dir='ltr'>aliquos</span> <span class='ocrx_word' id='word_1_78' title='bbox 1465 932 1683 980; x_wconf 86' lang='lat' dir='ltr'>postulat.</span> <span class='ocrx_word' id='word_1_79' title='bbox 1700 930 1809 970; x_wconf 84' lang='lat' dir='ltr'>Dux</span> 
     </span>
     <span class='ocr_line' id='line_1_11' title="bbox 179 997 1809 1050; baseline 0.002 -13"><span class='ocrx_word' id='word_1_80' title='bbox 179 997 320 1037; x_wconf 91' lang='lat' dir='ltr'>etiam</span> <span class='ocrx_word' id='word_1_81' title='bbox 354 997 638 1049; x_wconf 82' lang='lat' dir='ltr'>Bargantiae</span> <span class='ocrx_word' id='word_1_82' title='bbox 667 1011 773 1038; x_wconf 89' lang='lat' dir='ltr'>cum</span> <span class='ocrx_word' id='word_1_83' title='bbox 806 999 936 1050; x_wconf 90' lang='lat' dir='ltr'>prius</span> <span class='ocrx_word' id='word_1_84' title='bbox 964 999 1266 1039; x_wconf 89' lang='lat' dir='ltr'>vehementer</span> <span class='ocrx_word' id='word_1_85' title='bbox 1301 1001 1616 1041; x_wconf 79' lang='lat' dir='ltr'>contendisset</span> <span class='ocrx_word' id='word_1_86' title='bbox 1651 1008 1699 1041; x_wconf 93' lang='lat' dir='ltr'>ut</span> <span class='ocrx_word' id='word_1_87' title='bbox 1734 1003 1809 1041; x_wconf 87' lang='lat' dir='ltr'>vel</span> 
     </span>
     <span class='ocr_line' id='line_1_12' title="bbox 177 1067 1809 1121; baseline 0.003 -14"><span class='ocrx_word' id='word_1_88' title='bbox 177 1069 293 1108; x_wconf 93' lang='lat' dir='ltr'>duos</span> <span class='ocrx_word' id='word_1_89' title='bbox 315 1069 478 1108; x_wconf 87' lang='lat' dir='ltr'>saltem</span> <span class='ocrx_word' id='word_1_90' title='bbox 500 1080 558 1108; x_wconf 82' lang='lat' dir='ltr'>ex</span> <span class='ocrx_word' id='word_1_91' title='bbox 579 1067 824 1120; x_wconf 83' lang='lat' dir='ltr'>Societate,</span> <span class='ocrx_word' id='word_1_92' title='bbox 849 1070 925 1121; x_wconf 87' lang='lat' dir='ltr'>qui</span> <span class='ocrx_word' id='word_1_93' title='bbox 948 1070 1049 1120; x_wconf 83' lang='lat' dir='ltr'>sibi,</span> <span class='ocrx_word' id='word_1_94' title='bbox 1073 1070 1229 1109; x_wconf 88' lang='lat' dir='ltr'>curiae</span> <span class='ocrx_word' id='word_1_95' title='bbox 1252 1082 1306 1109; x_wconf 89' lang='lat' dir='ltr'>ac</span> <span class='ocrx_word' id='word_1_96' title='bbox 1329 1070 1533 1110; x_wconf 85' lang='lat' dir='ltr'>familiae</span> <span class='ocrx_word' id='word_1_97' title='bbox 1551 1083 1662 1111; x_wconf 88' lang='lat' dir='ltr'>suae</span> <span class='ocrx_word' id='word_1_98' title='bbox 1682 1072 1809 1112; x_wconf 90' lang='lat' dir='ltr'>ades-</span> 
     </span>
     <span class='ocr_line' id='line_1_13' title="bbox 179 1139 1812 1191; baseline 0.002 -13"><span class='ocrx_word' id='word_1_99' title='bbox 179 1144 296 1189; x_wconf 88' lang='lat' dir='ltr'>sent,</span> <span class='ocrx_word' id='word_1_100' title='bbox 320 1139 562 1188; x_wconf 79' lang='lat' dir='ltr'>obtineret,</span> <span class='ocrx_word' id='word_1_101' title='bbox 582 1151 706 1179; x_wconf 89' lang='lat' dir='ltr'>nunc</span> <span class='ocrx_word' id='word_1_102' title='bbox 724 1146 768 1179; x_wconf 92' lang='lat' dir='ltr'>et</span> <span class='ocrx_word' id='word_1_103' title='bbox 787 1142 1034 1180; x_wconf 89' lang='lat' dir='ltr'>nonnullos</span> <span class='ocrx_word' id='word_1_104' title='bbox 1051 1140 1205 1190; x_wconf 87' lang='lat' dir='ltr'>etiam,</span> <span class='ocrx_word' id='word_1_105' title='bbox 1224 1146 1273 1180; x_wconf 92' lang='lat' dir='ltr'>ut</span> <span class='ocrx_word' id='word_1_106' title='bbox 1290 1140 1550 1191; x_wconf 83' lang='lat' dir='ltr'>Collegium</span> <span class='ocrx_word' id='word_1_107' title='bbox 1566 1141 1812 1182; x_wconf 85' lang='lat' dir='ltr'>Societatis</span> 
     </span>
     <span class='ocr_line' id='line_1_14' title="bbox 180 1209 1812 1263; baseline 0.002 -14"><span class='ocrx_word' id='word_1_108' title='bbox 180 1209 419 1249; x_wconf 87' lang='lat' dir='ltr'>aedificari</span> <span class='ocrx_word' id='word_1_109' title='bbox 440 1210 603 1261; x_wconf 89' lang='lat' dir='ltr'>possit,</span> <span class='ocrx_word' id='word_1_110' title='bbox 631 1210 801 1250; x_wconf 83' lang='lat' dir='ltr'>obnixe</span> <span class='ocrx_word' id='word_1_111' title='bbox 826 1212 963 1262; x_wconf 89' lang='lat' dir='ltr'>petit;</span> <span class='ocrx_word' id='word_1_112' title='bbox 994 1212 1083 1261; x_wconf 89' lang='lat' dir='ltr'>cui,</span> <span class='ocrx_word' id='word_1_113' title='bbox 1111 1217 1210 1251; x_wconf 90' lang='lat' dir='ltr'>turn</span> <span class='ocrx_word' id='word_1_114' title='bbox 1232 1211 1356 1262; x_wconf 91' lang='lat' dir='ltr'>quod</span> <span class='ocrx_word' id='word_1_115' title='bbox 1383 1224 1409 1251; x_wconf 91' lang='lat' dir='ltr'>a</span> <span class='ocrx_word' id='word_1_116' title='bbox 1438 1224 1550 1263; x_wconf 90' lang='lat' dir='ltr'>rege</span> <span class='ocrx_word' id='word_1_117' title='bbox 1579 1213 1812 1252; x_wconf 90' lang='lat' dir='ltr'>secundus</span> 
     </span>
     <span class='ocr_line' id='line_1_15' title="bbox 179 1279 1810 1333; baseline 0.002 -14"><span class='ocrx_word' id='word_1_118' title='bbox 179 1281 225 1319; x_wconf 92' lang='lat' dir='ltr'>in</span> <span class='ocrx_word' id='word_1_119' title='bbox 248 1279 493 1320; x_wconf 77' lang='lat' dir='ltr'>Lusitania</span> <span class='ocrx_word' id='word_1_120' title='bbox 515 1281 595 1331; x_wconf 85' lang='lat' dir='ltr'>sit,</span> <span class='ocrx_word' id='word_1_121' title='bbox 621 1288 717 1321; x_wconf 92' lang='lat' dir='ltr'>tum</span> <span class='ocrx_word' id='word_1_122' title='bbox 738 1281 880 1321; x_wconf 92' lang='lat' dir='ltr'>etiam</span> <span class='ocrx_word' id='word_1_123' title='bbox 901 1282 1024 1333; x_wconf 89' lang='lat' dir='ltr'>quod</span> <span class='ocrx_word' id='word_1_124' title='bbox 1045 1287 1174 1321; x_wconf 88' lang='lat' dir='ltr'>tant-a</span> <span class='ocrx_word' id='word_1_125' title='bbox 1195 1282 1387 1332; x_wconf 86' lang='lat' dir='ltr'>virtute,</span> <span class='ocrx_word' id='word_1_126' title='bbox 1407 1283 1609 1323; x_wconf 78' lang='lat' dir='ltr'>maxime</span> <span class='ocrx_word' id='word_1_127' title='bbox 1631 1283 1810 1323; x_wconf 82' lang='lat' dir='ltr'>satisfa-</span> 
     </span>
     <span class='ocr_line' id='line_1_16' title="bbox 179 1351 1811 1404; baseline 0.002 -14"><span class='ocrx_word' id='word_1_128' title='bbox 179 1363 285 1391; x_wconf 91' lang='lat' dir='ltr'>cere</span> <span class='ocrx_word' id='word_1_129' title='bbox 306 1363 545 1391; x_wconf 87' lang='lat' dir='ltr'>conamur.</span> <span class='ocrx_word' id='word_1_130' title='bbox 569 1351 682 1391; x_wconf 85' lang='lat' dir='ltr'>Erat</span> <span class='ocrx_word' id='word_1_131' title='bbox 709 1352 755 1391; x_wconf 92' lang='lat' dir='ltr'>in</span> <span class='ocrx_word' id='word_1_132' title='bbox 775 1352 1005 1392; x_wconf 87' lang='lat' dir='ltr'>Almerini</span> <span class='ocrx_word' id='word_1_133' title='bbox 1026 1352 1194 1404; x_wconf 89' lang='lat' dir='ltr'>oppido</span> <span class='ocrx_word' id='word_1_134' title='bbox 1217 1352 1382 1392; x_wconf 90' lang='lat' dir='ltr'>domus</span> <span class='ocrx_word' id='word_1_135' title='bbox 1405 1353 1633 1404; x_wconf 83' lang='lat' dir='ltr'>quaedam</span> <span class='ocrx_word' id='word_1_136' title='bbox 1668 1354 1811 1394; x_wconf 85' lang='lat' dir='ltr'>Patri-</span> 
     </span>
     <span class='ocr_line' id='line_1_17' title="bbox 180 1422 1812 1476; baseline 0.002 -15"><span class='ocrx_word' id='word_1_137' title='bbox 180 1422 266 1461; x_wconf 91' lang='lat' dir='ltr'>bus</span> <span class='ocrx_word' id='word_1_138' title='bbox 287 1422 357 1472; x_wconf 89' lang='lat' dir='ltr'>iis,</span> <span class='ocrx_word' id='word_1_139' title='bbox 389 1422 467 1473; x_wconf 91' lang='lat' dir='ltr'>qui</span> <span class='ocrx_word' id='word_1_140' title='bbox 501 1422 639 1462; x_wconf 88' lang='lat' dir='ltr'>simul</span> <span class='ocrx_word' id='word_1_141' title='bbox 673 1434 778 1462; x_wconf 92' lang='lat' dir='ltr'>cum</span> <span class='ocrx_word' id='word_1_142' title='bbox 814 1424 943 1462; x_wconf 90' lang='lat' dir='ltr'>curia</span> <span class='ocrx_word' id='word_1_143' title='bbox 971 1423 1305 1473; x_wconf 79' lang='lat' dir='ltr'>adventabant,</span> <span class='ocrx_word' id='word_1_144' title='bbox 1343 1424 1417 1464; x_wconf 88' lang='lat' dir='ltr'>cui</span> <span class='ocrx_word' id='word_1_145' title='bbox 1445 1436 1551 1464; x_wconf 89' lang='lat' dir='ltr'>cum</span> <span class='ocrx_word' id='word_1_146' title='bbox 1582 1425 1812 1476; x_wconf 81' lang='lat' dir='ltr'>quaedam</span> 
     </span>
     <span class='ocr_line' id='line_1_18' title="bbox 182 1492 1811 1546; baseline 0.002 -14"><span class='ocrx_word' id='word_1_147' title='bbox 182 1492 378 1532; x_wconf 87' lang='lat' dir='ltr'>Infantis</span> <span class='ocrx_word' id='word_1_148' title='bbox 398 1492 591 1543; x_wconf 88' lang='lat' dir='ltr'>Mariae,</span> <span class='ocrx_word' id='word_1_149' title='bbox 616 1494 793 1534; x_wconf 88' lang='lat' dir='ltr'>sororis</span> <span class='ocrx_word' id='word_1_150' title='bbox 819 1493 976 1545; x_wconf 84' lang='lat' dir='ltr'>Regis,</span> <span class='ocrx_word' id='word_1_151' title='bbox 1001 1495 1165 1534; x_wconf 91' lang='lat' dir='ltr'>domus</span> <span class='ocrx_word' id='word_1_152' title='bbox 1187 1495 1409 1545; x_wconf 88' lang='lat' dir='ltr'>contigua</span> <span class='ocrx_word' id='word_1_153' title='bbox 1437 1502 1573 1546; x_wconf 90' lang='lat' dir='ltr'>esset,</span> <span class='ocrx_word' id='word_1_154' title='bbox 1606 1508 1709 1536; x_wconf 92' lang='lat' dir='ltr'>eam</span> <span class='ocrx_word' id='word_1_155' title='bbox 1736 1496 1811 1536; x_wconf 82' lang='lat' dir='ltr'>illa</span> 
     </span>
     <span class='ocr_line' id='line_1_19' title="bbox 181 1564 1809 1618; baseline 0.002 -15"><span class='ocrx_word' id='word_1_156' title='bbox 181 1569 372 1603; x_wconf 88' lang='lat' dir='ltr'>nostrae</span> <span class='ocrx_word' id='word_1_157' title='bbox 411 1564 622 1604; x_wconf 82' lang='lat' dir='ltr'>adiunxit</span> <span class='ocrx_word' id='word_1_158' title='bbox 653 1571 696 1604; x_wconf 94' lang='lat' dir='ltr'>et</span> <span class='ocrx_word' id='word_1_159' title='bbox 731 1564 938 1616; x_wconf 89' lang='lat' dir='ltr'>tradidit,</span> <span class='ocrx_word' id='word_1_160' title='bbox 976 1571 1025 1605; x_wconf 91' lang='lat' dir='ltr'>ut</span> <span class='ocrx_word' id='word_1_161' title='bbox 1060 1565 1197 1604; x_wconf 89' lang='lat' dir='ltr'>latior</span> <span class='ocrx_word' id='word_1_162' title='bbox 1230 1565 1361 1605; x_wconf 90' lang='lat' dir='ltr'>fieret</span> <span class='ocrx_word' id='word_1_163' title='bbox 1395 1572 1534 1617; x_wconf 81' lang='lat' dir='ltr'>atque</span> <span class='ocrx_word' id='word_1_164' title='bbox 1573 1567 1809 1618; x_wconf 85' lang='lat' dir='ltr'>capacior.</span> 
     </span>
     <span class='ocr_line' id='line_1_20' title="bbox 179 1634 1809 1690; baseline 0.002 -16"><span class='ocrx_word' id='word_1_165' title='bbox 179 1634 423 1686; x_wconf 92' lang='lat' dir='ltr'>Templum</span> <span class='ocrx_word' id='word_1_166' title='bbox 443 1641 689 1686; x_wconf 87' lang='lat' dir='ltr'>praeterea</span> <span class='ocrx_word' id='word_1_167' title='bbox 716 1636 1096 1687; x_wconf 90' lang='lat' dir='ltr'>pulcherrimum,</span> <span class='ocrx_word' id='word_1_168' title='bbox 1129 1637 1252 1688; x_wconf 89' lang='lat' dir='ltr'>quod</span> <span class='ocrx_word' id='word_1_169' title='bbox 1281 1636 1327 1676; x_wconf 91' lang='lat' dir='ltr'>in</span> <span class='ocrx_word' id='word_1_170' title='bbox 1362 1636 1609 1678; x_wconf 84' lang='lat' dir='ltr'>Santarem</span> <span class='ocrx_word' id='word_1_171' title='bbox 1640 1638 1809 1690; x_wconf 90' lang='lat' dir='ltr'>oppido</span> 
     </span>
     <span class='ocr_line' id='line_1_21' title="bbox 176 1705 1810 1760; baseline 0.002 -15"><span class='ocrx_word' id='word_1_172' title='bbox 176 1705 397 1757; x_wconf 89' lang='lat' dir='ltr'>possidet,</span> <span class='ocrx_word' id='word_1_173' title='bbox 412 1706 544 1746; x_wconf 84' lang='lat' dir='ltr'>nobis</span> <span class='ocrx_word' id='word_1_174' title='bbox 562 1707 739 1747; x_wconf 89' lang='lat' dir='ltr'>obtulit.</span> <span class='ocrx_word' id='word_1_175' title='bbox 759 1706 916 1746; x_wconf 84' lang='lat' dir='ltr'>Infans</span> <span class='ocrx_word' id='word_1_176' title='bbox 931 1713 1176 1758; x_wconf 88' lang='lat' dir='ltr'>praeterea</span> <span class='ocrx_word' id='word_1_177' title='bbox 1192 1705 1456 1747; x_wconf 89' lang='lat' dir='ltr'>Cardinalis</span> <span class='ocrx_word' id='word_1_178' title='bbox 1471 1708 1667 1759; x_wconf 83' lang='lat' dir='ltr'>Eborae,</span> <span class='ocrx_word' id='word_1_179' title='bbox 1690 1721 1810 1760; x_wconf 87' lang='lat' dir='ltr'>quae</span> 
     </span>
     <span class='ocr_line' id='line_1_22' title="bbox 176 1776 1808 1829; baseline 0.002 -13"><span class='ocrx_word' id='word_1_180' title='bbox 176 1777 248 1816; x_wconf 91' lang='lat' dir='ltr'>sui</span> <span class='ocrx_word' id='word_1_181' title='bbox 268 1776 719 1828; x_wconf 89' lang='lat' dir='ltr'>Archiepiscopatus</span> <span class='ocrx_word' id='word_1_182' title='bbox 741 1779 1010 1829; x_wconf 87' lang='lat' dir='ltr'>metropolis</span> <span class='ocrx_word' id='word_1_183' title='bbox 1032 1784 1116 1827; x_wconf 86' lang='lat' dir='ltr'>est,</span> <span class='ocrx_word' id='word_1_184' title='bbox 1136 1776 1394 1828; x_wconf 85' lang='lat' dir='ltr'>Collegium</span> <span class='ocrx_word' id='word_1_185' title='bbox 1412 1779 1688 1819; x_wconf 78' lang='lat' dir='ltr'>decreverat</span> <span class='ocrx_word' id='word_1_186' title='bbox 1705 1791 1808 1819; x_wconf 86' lang='lat' dir='ltr'>con-</span> 
     </span>
     <span class='ocr_line' id='line_1_23' title="bbox 175 1847 1819 1902; baseline 0.002 -15"><span class='ocrx_word' id='word_1_187' title='bbox 175 1847 284 1887; x_wconf 92' lang='lat' dir='ltr'>dere</span> <span class='ocrx_word' id='word_1_188' title='bbox 305 1847 490 1899; x_wconf 87' lang='lat' dir='ltr'>iamque</span> <span class='ocrx_word' id='word_1_189' title='bbox 511 1848 610 1888; x_wconf 89' lang='lat' dir='ltr'>eius</span> <span class='ocrx_word' id='word_1_190' title='bbox 632 1848 845 1889; x_wconf 86' lang='lat' dir='ltr'>aedificia</span> <span class='ocrx_word' id='word_1_191' title='bbox 867 1849 1056 1900; x_wconf 85' lang='lat' dir='ltr'>(optima</span> <span class='ocrx_word' id='word_1_192' title='bbox 1079 1850 1280 1901; x_wconf 91' lang='lat' dir='ltr'>quidem)</span> <span class='ocrx_word' id='word_1_193' title='bbox 1297 1862 1443 1902; x_wconf 89' lang='lat' dir='ltr'>prope</span> <span class='ocrx_word' id='word_1_194' title='bbox 1465 1856 1599 1890; x_wconf 86' lang='lat' dir='ltr'>erant</span> <span class='ocrx_word' id='word_1_195' title='bbox 1627 1849 1819 1891; x_wconf 60' lang='lat' dir='ltr'>absolu?</span> 
     </span>
     <span class='ocr_line' id='line_1_24' title="bbox 174 1917 1807 1972; baseline 0.002 -15"><span class='ocrx_word' id='word_1_196' title='bbox 174 1923 236 1958; x_wconf 89' lang='lat' dir='ltr'>ta.</span> <span class='ocrx_word' id='word_1_197' title='bbox 262 1917 379 1958; x_wconf 92' lang='lat' dir='ltr'>Cum</span> <span class='ocrx_word' id='word_1_198' title='bbox 400 1930 513 1958; x_wconf 87' lang='lat' dir='ltr'>vero</span> <span class='ocrx_word' id='word_1_199' title='bbox 542 1931 700 1959; x_wconf 90' lang='lat' dir='ltr'>mense</span> <span class='ocrx_word' id='word_1_200' title='bbox 722 1919 938 1971; x_wconf 85' lang='lat' dir='ltr'>Augusto</span> <span class='ocrx_word' id='word_1_201' title='bbox 961 1921 1201 1972; x_wconf 87' lang='lat' dir='ltr'>superiore</span> <span class='ocrx_word' id='word_1_202' title='bbox 1229 1921 1278 1961; x_wconf 89' lang='grc' dir='ltr'>Ρ.</span> <span class='ocrx_word' id='word_1_203' title='bbox 1309 1921 1491 1961; x_wconf 85' lang='lat' dir='ltr'>Natalis</span> <span class='ocrx_word' id='word_1_204' title='bbox 1519 1933 1573 1960; x_wconf 90' lang='lat' dir='ltr'>eo</span> <span class='ocrx_word' id='word_1_205' title='bbox 1600 1921 1807 1961; x_wconf 88' lang='lat' dir='ltr'>venisset</span> 
     </span>
     <span class='ocr_line' id='line_1_25' title="bbox 176 1990 1809 2044; baseline 0.002 -16"><span class='ocrx_word' id='word_1_206' title='bbox 176 1991 283 2040; x_wconf 81' lang='lat' dir='ltr'>&lt;quo</span> <span class='ocrx_word' id='word_1_207' title='bbox 306 1990 520 2030; x_wconf 85' lang='lat' dir='ltr'>omnibus</span> <span class='ocrx_word' id='word_1_208' title='bbox 541 1990 588 2030; x_wconf 90' lang='lat' dir='ltr'>in</span> <span class='ocrx_word' id='word_1_209' title='bbox 609 1991 747 2031; x_wconf 88' lang='lat' dir='ltr'>rebus</span> <span class='ocrx_word' id='word_1_210' title='bbox 775 1991 892 2031; x_wconf 91' lang='lat' dir='ltr'>duce</span> <span class='ocrx_word' id='word_1_211' title='bbox 926 1992 996 2032; x_wconf 89' lang='lat' dir='ltr'>usi</span> <span class='ocrx_word' id='word_1_212' title='bbox 1021 1991 1193 2032; x_wconf 88' lang='lat' dir='ltr'>fuimus</span> <span class='ocrx_word' id='word_1_213' title='bbox 1214 2004 1298 2043; x_wconf 88' lang='lat' dir='ltr'>pro</span> <span class='ocrx_word' id='word_1_214' title='bbox 1325 2004 1439 2032; x_wconf 85' lang='lat' dir='ltr'>vero</span> <span class='ocrx_word' id='word_1_215' title='bbox 1460 1992 1641 2043; x_wconf 74' lang='lat' dir='ltr'>spiritti,</span> <span class='ocrx_word' id='word_1_216' title='bbox 1672 2005 1809 2044; x_wconf 87' lang='lat' dir='ltr'>quem</span> 
     </span>
     <span class='ocr_line' id='line_1_26' title="bbox 171 2059 1808 2113; baseline 0.002 -14"><span class='ocrx_word' id='word_1_217' title='bbox 171 2060 236 2099; x_wconf 92' lang='lat' dir='ltr'>illi</span> <span class='ocrx_word' id='word_1_218' title='bbox 255 2059 384 2100; x_wconf 89' lang='lat' dir='ltr'>Deus</span> <span class='ocrx_word' id='word_1_219' title='bbox 406 2061 609 2112; x_wconf 87' lang='lat' dir='ltr'>optimus</span> <span class='ocrx_word' id='word_1_220' title='bbox 630 2062 863 2101; x_wconf 85' lang='lat' dir='ltr'>maximus</span> <span class='ocrx_word' id='word_1_221' title='bbox 886 2062 1082 2113; x_wconf 87' lang='lat' dir='ltr'>infudit),</span> <span class='ocrx_word' id='word_1_222' title='bbox 1108 2063 1374 2103; x_wconf 90' lang='lat' dir='ltr'>Cardinalis</span> <span class='ocrx_word' id='word_1_223' title='bbox 1396 2063 1655 2113; x_wconf 87' lang='lat' dir='ltr'>Collegium</span> <span class='ocrx_word' id='word_1_224' title='bbox 1674 2063 1808 2103; x_wconf 88' lang='lat' dir='ltr'>nobis</span> 
     </span>
     <span class='ocr_line' id='line_1_27' title="bbox 172 2131 1807 2186; baseline 0.002 -16"><span class='ocrx_word' id='word_1_225' title='bbox 172 2131 401 2183; x_wconf 88' lang='lat' dir='ltr'>simulque</span> <span class='ocrx_word' id='word_1_226' title='bbox 429 2133 552 2172; x_wconf 90' lang='lat' dir='ltr'>mille</span> <span class='ocrx_word' id='word_1_227' title='bbox 581 2144 833 2173; x_wconf 89' lang='lat' dir='ltr'>aureorum</span> <span class='ocrx_word' id='word_1_228' title='bbox 854 2133 1063 2173; x_wconf 90' lang='lat' dir='ltr'>redditus</span> <span class='ocrx_word' id='word_1_229' title='bbox 1087 2134 1314 2185; x_wconf 90' lang='lat' dir='ltr'>praebuit.</span> <span class='ocrx_word' id='word_1_230' title='bbox 1343 2134 1559 2174; x_wconf 89' lang='lat' dir='ltr'>Divisum</span> <span class='ocrx_word' id='word_1_231' title='bbox 1583 2146 1698 2174; x_wconf 80' lang='lat' dir='ltr'>vero</span> <span class='ocrx_word' id='word_1_232' title='bbox 1726 2145 1807 2186; x_wconf 83' lang='lat' dir='ltr'>gy-</span> 
     </span>
     <span class='ocr_line' id='line_1_28' title="bbox 171 2202 1804 2255; baseline 0.002 -14"><span class='ocrx_word' id='word_1_233' title='bbox 171 2202 403 2242; x_wconf 89' lang='lat' dir='ltr'>mnasium</span> <span class='ocrx_word' id='word_1_234' title='bbox 420 2209 490 2242; x_wconf 93' lang='lat' dir='ltr'>est</span> <span class='ocrx_word' id='word_1_235' title='bbox 507 2203 553 2242; x_wconf 95' lang='lat' dir='ltr'>in</span> <span class='ocrx_word' id='word_1_236' title='bbox 568 2210 663 2243; x_wconf 86' lang='lat' dir='ltr'>tres</span> <span class='ocrx_word' id='word_1_237' title='bbox 680 2205 1015 2255; x_wconf 86' lang='lat' dir='ltr'>grammatices</span> <span class='ocrx_word' id='word_1_238' title='bbox 1032 2206 1222 2255; x_wconf 88' lang='lat' dir='ltr'>classes,</span> <span class='ocrx_word' id='word_1_239' title='bbox 1242 2216 1384 2245; x_wconf 87' lang='lat' dir='ltr'>unam</span> <span class='ocrx_word' id='word_1_240' title='bbox 1400 2217 1514 2244; x_wconf 84' lang='lat' dir='ltr'>vero</span> <span class='ocrx_word' id='word_1_241' title='bbox 1533 2205 1804 2253; x_wconf 84' lang='lat' dir='ltr'>rhetorices,</span> 
     </span>
     <span class='ocr_line' id='line_1_29' title="bbox 171 2274 1807 2327; baseline 0.002 -15"><span class='ocrx_word' id='word_1_242' title='bbox 171 2284 356 2312; x_wconf 87' lang='lat' dir='ltr'>necnon</span> <span class='ocrx_word' id='word_1_243' title='bbox 381 2279 424 2313; x_wconf 93' lang='lat' dir='ltr'>et</span> <span class='ocrx_word' id='word_1_244' title='bbox 452 2274 589 2314; x_wconf 90' lang='lat' dir='ltr'>lectio</span> <span class='ocrx_word' id='word_1_245' title='bbox 618 2275 870 2315; x_wconf 88' lang='lat' dir='ltr'>constituta</span> <span class='ocrx_word' id='word_1_246' title='bbox 898 2281 967 2315; x_wconf 92' lang='lat' dir='ltr'>est</span> <span class='ocrx_word' id='word_1_247' title='bbox 1001 2276 1327 2327; x_wconf 84' lang='lat' dir='ltr'>quaestionum</span> <span class='ocrx_word' id='word_1_248' title='bbox 1363 2275 1499 2327; x_wconf 85' lang='lat' dir='ltr'>(quas</span> <span class='ocrx_word' id='word_1_249' title='bbox 1530 2287 1667 2316; x_wconf 86' lang='lat' dir='ltr'>casus</span> <span class='ocrx_word' id='word_1_250' title='bbox 1701 2288 1807 2316; x_wconf 93' lang='lat' dir='ltr'>con-</span> 
     </span>
     <span class='ocr_line' id='line_1_30' title="bbox 171 2343 1806 2396; baseline 0.002 -14"><span class='ocrx_word' id='word_1_251' title='bbox 171 2343 396 2383; x_wconf 88' lang='lat' dir='ltr'>scientiae</span> <span class='ocrx_word' id='word_1_252' title='bbox 416 2345 559 2395; x_wconf 89' lang='lat' dir='ltr'>vulgo</span> <span class='ocrx_word' id='word_1_253' title='bbox 586 2346 907 2396; x_wconf 87' lang='lat' dir='ltr'>appellamus).</span> <span class='ocrx_word' id='word_1_254' title='bbox 940 2346 990 2385; x_wconf 91' lang='lat' dir='ltr'>In</span> <span class='ocrx_word' id='word_1_255' title='bbox 1017 2347 1106 2386; x_wconf 92' lang='lat' dir='ltr'>hoc</span> <span class='ocrx_word' id='word_1_256' title='bbox 1134 2347 1394 2386; x_wconf 90' lang='lat' dir='ltr'>studiorum</span> <span class='ocrx_word' id='word_1_257' title='bbox 1421 2346 1613 2386; x_wconf 85' lang='lat' dir='ltr'>exordio</span> <span class='ocrx_word' id='word_1_258' title='bbox 1646 2347 1806 2386; x_wconf 83' lang='lat' dir='ltr'>habita</span> 
     </span>
     <span class='ocr_line' id='line_1_31' title="bbox 171 2414 1806 2468; baseline 0.002 -15"><span class='ocrx_word' id='word_1_259' title='bbox 171 2419 241 2454; x_wconf 90' lang='lat' dir='ltr'>est</span> <span class='ocrx_word' id='word_1_260' title='bbox 262 2414 428 2464; x_wconf 81' lang='lat' dir='ltr'>oratio,</span> <span class='ocrx_word' id='word_1_261' title='bbox 466 2426 584 2466; x_wconf 91' lang='lat' dir='ltr'>quae</span> <span class='ocrx_word' id='word_1_262' title='bbox 606 2415 693 2466; x_wconf 91' lang='lat' dir='ltr'>ipsi</span> <span class='ocrx_word' id='word_1_263' title='bbox 728 2415 966 2456; x_wconf 89' lang='lat' dir='ltr'>Cardinali</span> <span class='ocrx_word' id='word_1_264' title='bbox 994 2417 1268 2468; x_wconf 88' lang='lat' dir='ltr'>perplacuit.</span> <span class='ocrx_word' id='word_1_265' title='bbox 1302 2416 1612 2457; x_wconf 82' lang='lat' dir='ltr'>Perseverant</span> <span class='ocrx_word' id='word_1_266' title='bbox 1642 2417 1806 2457; x_wconf 93' lang='lat' dir='ltr'>eodem</span> 
     </span>
     <span class='ocr_line' id='line_1_32' title="bbox 171 2484 1805 2539; baseline 0.003 -16"><span class='ocrx_word' id='word_1_267' title='bbox 171 2484 332 2524; x_wconf 88' lang='lat' dir='ltr'>ordine</span> <span class='ocrx_word' id='word_1_268' title='bbox 352 2485 576 2525; x_wconf 90' lang='lat' dir='ltr'>lectiones</span> <span class='ocrx_word' id='word_1_269' title='bbox 596 2487 804 2526; x_wconf 87' lang='lat' dir='ltr'>maxima</span> <span class='ocrx_word' id='word_1_270' title='bbox 825 2487 1091 2527; x_wconf 90' lang='lat' dir='ltr'>auditorum</span> <span class='ocrx_word' id='word_1_271' title='bbox 1110 2487 1392 2539; x_wconf 86' lang='lat' dir='ltr'>frequentia;</span> <span class='ocrx_word' id='word_1_272' title='bbox 1418 2499 1522 2527; x_wconf 89' lang='lat' dir='ltr'>cum</span> <span class='ocrx_word' id='word_1_273' title='bbox 1544 2488 1669 2527; x_wconf 90' lang='lat' dir='ltr'>enim</span> <span class='ocrx_word' id='word_1_274' title='bbox 1693 2489 1805 2528; x_wconf 90' lang='lat' dir='ltr'>urbs</span> 
     </span>
     <span class='ocr_line' id='line_1_33' title="bbox 170 2556 1799 2610; baseline 0.003 -15"><span class='ocrx_word' id='word_1_275' title='bbox 170 2556 289 2595; x_wconf 89' lang='lat' dir='ltr'>satis</span> <span class='ocrx_word' id='word_1_276' title='bbox 309 2556 369 2596; x_wconf 91' lang='lat' dir='ltr'>sit</span> <span class='ocrx_word' id='word_1_277' title='bbox 390 2556 600 2607; x_wconf 88' lang='lat' dir='ltr'>celebris,</span> <span class='ocrx_word' id='word_1_278' title='bbox 621 2564 953 2609; x_wconf 88' lang='lat' dir='ltr'>praeceptores</span> <span class='ocrx_word' id='word_1_279' title='bbox 974 2558 1147 2610; x_wconf 84' lang='lat' dir='ltr'>privati</span> <span class='ocrx_word' id='word_1_280' title='bbox 1169 2565 1275 2599; x_wconf 89' lang='lat' dir='ltr'>sunt</span> <span class='ocrx_word' id='word_1_281' title='bbox 1297 2559 1466 2598; x_wconf 82' lang='lat' dir='ltr'>sublati</span> <span class='ocrx_word' id='word_1_282' title='bbox 1488 2571 1514 2598; x_wconf 87' lang='lat' dir='ltr'>a</span> <span class='ocrx_word' id='word_1_283' title='bbox 1545 2558 1799 2600; x_wconf 79' lang='lat' dir='ltr'>Cardinali.</span> 
     </span>
     <span class='ocr_line' id='line_1_34' title="bbox 168 2625 1800 2679; baseline 0.002 -14"><span class='ocrx_word' id='word_1_284' title='bbox 168 2625 461 2666; x_wconf 89' lang='lat' dir='ltr'>Incredibilis</span> <span class='ocrx_word' id='word_1_285' title='bbox 482 2632 639 2667; x_wconf 90' lang='lat' dir='ltr'>autem</span> <span class='ocrx_word' id='word_1_286' title='bbox 657 2627 853 2679; x_wconf 86' lang='lat' dir='ltr'>fructus,</span> <span class='ocrx_word' id='word_1_287' title='bbox 876 2635 974 2668; x_wconf 93' lang='lat' dir='ltr'>tum</span> <span class='ocrx_word' id='word_1_288' title='bbox 996 2629 1041 2669; x_wconf 95' lang='lat' dir='ltr'>in</span> <span class='ocrx_word' id='word_1_289' title='bbox 1065 2629 1369 2669; x_wconf 91' lang='lat' dir='ltr'>concionibus</span> <span class='ocrx_word' id='word_1_290' title='bbox 1386 2635 1430 2668; x_wconf 95' lang='lat' dir='ltr'>et</span> <span class='ocrx_word' id='word_1_291' title='bbox 1451 2629 1507 2669; x_wconf 91' lang='lat' dir='ltr'>de</span> <span class='ocrx_word' id='word_1_292' title='bbox 1529 2629 1704 2669; x_wconf 89' lang='lat' dir='ltr'>Christi</span> <span class='ocrx_word' id='word_1_293' title='bbox 1725 2629 1800 2669; x_wconf 94' lang='lat' dir='ltr'>do-</span> 
     </span>
     <span class='ocr_line' id='line_1_35' title="bbox 169 2697 1799 2752; baseline 0.002 -16"><span class='ocrx_word' id='word_1_294' title='bbox 169 2697 322 2737; x_wconf 88' lang='lat' dir='ltr'>ctrina</span> <span class='ocrx_word' id='word_1_295' title='bbox 342 2698 558 2749; x_wconf 90' lang='lat' dir='ltr'>lectione,</span> <span class='ocrx_word' id='word_1_296' title='bbox 577 2704 675 2738; x_wconf 90' lang='lat' dir='ltr'>tum</span> <span class='ocrx_word' id='word_1_297' title='bbox 697 2699 839 2739; x_wconf 90' lang='lat' dir='ltr'>etiam</span> <span class='ocrx_word' id='word_1_298' title='bbox 863 2711 922 2739; x_wconf 82' lang='lat' dir='ltr'>ex</span> <span class='ocrx_word' id='word_1_299' title='bbox 949 2707 1353 2740; x_wconf 87' lang='lat' dir='ltr'>sacramentorum</span> <span class='ocrx_word' id='word_1_300' title='bbox 1375 2700 1564 2740; x_wconf 88' lang='lat' dir='ltr'>assidua</span> <span class='ocrx_word' id='word_1_301' title='bbox 1590 2700 1799 2752; x_wconf 87' lang='lat' dir='ltr'>frequen-</span> 
     </span>
     <span class='ocr_line' id='line_1_36' title="bbox 167 2768 1800 2821; baseline 0.002 -14"><span class='ocrx_word' id='word_1_302' title='bbox 167 2768 366 2819; x_wconf 89' lang='lat' dir='ltr'>tatione,</span> <span class='ocrx_word' id='word_1_303' title='bbox 386 2768 547 2819; x_wconf 89' lang='lat' dir='ltr'>oritur,</span> <span class='ocrx_word' id='word_1_304' title='bbox 570 2769 779 2809; x_wconf 87' lang='lat' dir='ltr'>maxima</span> <span class='ocrx_word' id='word_1_305' title='bbox 798 2781 891 2809; x_wconf 90' lang='lat' dir='ltr'>non</span> <span class='ocrx_word' id='word_1_306' title='bbox 911 2771 1061 2810; x_wconf 91' lang='lat' dir='ltr'>solum</span> <span class='ocrx_word' id='word_1_307' title='bbox 1081 2771 1223 2821; x_wconf 86' lang='lat' dir='ltr'>regis,</span> <span class='ocrx_word' id='word_1_308' title='bbox 1247 2782 1412 2810; x_wconf 87' lang='lat' dir='ltr'>verum</span> <span class='ocrx_word' id='word_1_309' title='bbox 1433 2771 1575 2811; x_wconf 91' lang='lat' dir='ltr'>etiam</span> <span class='ocrx_word' id='word_1_310' title='bbox 1596 2779 1800 2811; x_wconf 89' lang='lat' dir='ltr'>caetero-</span> 
     </span>
     <span class='ocr_line' id='line_1_37' title="bbox 166 2839 1203 2891; baseline 0.001 -13"><span class='ocrx_word' id='word_1_311' title='bbox 166 2849 272 2878; x_wconf 90' lang='lat' dir='ltr'>rum</span> <span class='ocrx_word' id='word_1_312' title='bbox 293 2839 501 2879; x_wconf 90' lang='lat' dir='ltr'>omnium</span> <span class='ocrx_word' id='word_1_313' title='bbox 516 2840 692 2879; x_wconf 88' lang='lat' dir='ltr'>laetitia</span> <span class='ocrx_word' id='word_1_314' title='bbox 713 2846 759 2880; x_wconf 92' lang='lat' dir='ltr'>et</span> <span class='ocrx_word' id='word_1_315' title='bbox 781 2841 1203 2891; x_wconf 85' lang='lat' dir='ltr'>congratulatione.</span> 
     </span>
    </p>

    <p class='ocr_par' dir='ltr' id='par_1_4' title="bbox 165 2909 1803 3104">
     <span class='ocr_line' id='line_1_38' title="bbox 245 2909 1802 2962; baseline 0.003 -13"><span class='ocrx_word' id='word_1_316' title='bbox 245 2909 501 2949; x_wconf 82' lang='lat' dir='ltr'>Maximam</span> <span class='ocrx_word' id='word_1_317' title='bbox 528 2921 641 2950; x_wconf 87' lang='lat' dir='ltr'>vero</span> <span class='ocrx_word' id='word_1_318' title='bbox 677 2910 810 2960; x_wconf 90' lang='lat' dir='ltr'>illud,</span> <span class='ocrx_word' id='word_1_319' title='bbox 841 2922 935 2950; x_wconf 92' lang='lat' dir='ltr'>non</span> <span class='ocrx_word' id='word_1_320' title='bbox 967 2912 1116 2951; x_wconf 91' lang='lat' dir='ltr'>solum</span> <span class='ocrx_word' id='word_1_321' title='bbox 1155 2911 1204 2950; x_wconf 85' lang='lat' dir='ltr'>P.</span> <span class='ocrx_word' id='word_1_322' title='bbox 1242 2910 1421 2962; x_wconf 89' lang='lat' dir='ltr'>Natali,</span> <span class='ocrx_word' id='word_1_323' title='bbox 1462 2923 1625 2952; x_wconf 88' lang='lat' dir='ltr'>verum</span> <span class='ocrx_word' id='word_1_324' title='bbox 1660 2913 1802 2953; x_wconf 89' lang='lat' dir='ltr'>etiam</span> 
     </span>
     <span class='ocr_line' id='line_1_39' title="bbox 165 2979 1802 3033; baseline 0.002 -14"><span class='ocrx_word' id='word_1_325' title='bbox 165 2979 298 3019; x_wconf 91' lang='lat' dir='ltr'>nobis</span> <span class='ocrx_word' id='word_1_326' title='bbox 319 2980 547 3031; x_wconf 80' lang='lat' dir='ltr'>omnibUS,</span> <span class='ocrx_word' id='word_1_327' title='bbox 571 2980 617 3020; x_wconf 89' lang='lat' dir='ltr'>in</span> <span class='ocrx_word' id='word_1_328' title='bbox 638 2980 840 3020; x_wconf 89' lang='lat' dir='ltr'>Domino</span> <span class='ocrx_word' id='word_1_329' title='bbox 856 2981 1082 3020; x_wconf 89' lang='lat' dir='ltr'>laetitiam</span> <span class='ocrx_word' id='word_1_330' title='bbox 1100 2982 1268 3031; x_wconf 88' lang='lat' dir='ltr'>attulit,</span> <span class='ocrx_word' id='word_1_331' title='bbox 1288 2982 1424 3033; x_wconf 88' lang='lat' dir='ltr'>quod,</span> <span class='ocrx_word' id='word_1_332' title='bbox 1446 2983 1637 3032; x_wconf 88' lang='lat' dir='ltr'>scilicet,</span> <span class='ocrx_word' id='word_1_333' title='bbox 1660 2983 1802 3023; x_wconf 86' lang='lat' dir='ltr'>Pater</span> 
     </span>
     <span class='ocr_line' id='line_1_40' title="bbox 166 3049 1803 3104; baseline 0.002 -14"><span class='ocrx_word' id='word_1_334' title='bbox 166 3049 353 3102; x_wconf 88' lang='lat' dir='ltr'>Torres,</span> <span class='ocrx_word' id='word_1_335' title='bbox 393 3050 443 3090; x_wconf 91' lang='lat' dir='ltr'>P.</span> <span class='ocrx_word' id='word_1_336' title='bbox 486 3050 523 3090; x_wconf 87' lang='lat' dir='ltr'>F</span> <span class='ocrx_word' id='word_1_337' title='bbox 526 3051 782 3102; x_wconf 87' lang='lat' dir='ltr'>ranciscus,</span> <span class='ocrx_word' id='word_1_338' title='bbox 821 3063 912 3091; x_wconf 90' lang='lat' dir='ltr'>una</span> <span class='ocrx_word' id='word_1_339' title='bbox 952 3058 996 3091; x_wconf 90' lang='lat' dir='ltr'>et</span> <span class='ocrx_word' id='word_1_340' title='bbox 1030 3052 1184 3091; x_wconf 91' lang='lat' dir='ltr'>socius</span> <span class='ocrx_word' id='word_1_341' title='bbox 1223 3052 1321 3092; x_wconf 89' lang='lat' dir='ltr'>eius</span> <span class='ocrx_word' id='word_1_342' title='bbox 1360 3052 1656 3104; x_wconf 84' lang='lat' dir='ltr'>Bustamans‚</span> <span class='ocrx_word' id='word_1_343' title='bbox 1694 3066 1803 3094; x_wconf 84' lang='lat' dir='ltr'>cum</span> 
     </span>
    </p>
   </div>
  </div>
 </body>
</html>
