2168 3437
348 237 415 274 190
858 235 1086 273 LITTERAE
1113 246 1473 278 QUADRiMESTRES

346 335 436 375 Dei
450 333 793 386 implorandam
810 333 1017 383 gratiam
1035 344 1343 384 cognoscenS,
1362 333 1484 373 illico
1503 333 1561 373 ad
1578 333 1826 373 ecclesiam
1839 333 1991 374 cathe-

346 406 526 446 dralem
559 417 645 444 nos
674 404 920 454 conduxit,
952 415 1233 454 sacrumque
1262 403 1435 443 ibidem
1469 415 1552 455 per
1579 415 1665 443 nos
1693 403 1792 444 fieri
1826 405 1990 455 voluit,

347 489 438 528 quo
461 476 690 526 confecto,
712 476 757 515 in
776 475 994 515 sacristia
1012 474 1390 514 exhortationem
1407 475 1674 526 quamdam,
1695 476 1881 526 qualem
1897 475 1992 515 Do-

346 549 500 589 minus
523 552 747 598 exegerat
767 546 1013 595 VicariUS,
1033 552 1194 586 noster
1215 546 1261 585 in
1283 545 1471 586 Christo
1500 545 1645 586 frater
1675 546 1883 599 Joannes
1907 546 1991 586 Ba-

345 620 488 671 ptista
502 617 528 669 ¹,
547 631 605 658 ex
621 624 831 669 tempore
850 617 1050 668 quidem,
1069 617 1151 657 sed
1168 617 1380 668 plurimis
1395 617 1457 656 ibi
1471 617 1793 657 coactislaicis
1809 617 1992 657 mixtim

347 702 456 731 cum
478 690 662 730 clericis
690 700 830 740 quam
850 689 1172 740 gratissimam
1192 687 1398 739 protulit.
1425 687 1638 738 Quantus
1660 687 1868 739 cujusvis
1886 699 1990 728 con-

347 762 539 804 ditionis
552 761 792 802 hominum
810 771 1034 800 numerus
1052 771 1139 800 nos
1161 760 1325 799 eodem
1342 759 1415 799 die
1432 759 1647 799 inviserit
1663 759 1885 800 brevitati
1902 765 1992 799 stu-

348 835 462 874 dens
491 838 786 885 pertranseo.
815 830 1066 871 invisimus
1089 836 1134 870 et
1156 841 1243 870 nos
1273 829 1409 881 hujus
1438 830 1566 870 urbis
1597 835 1841 870 senatores
1870 830 1992 870 debi-

345 912 538 956 tumque
578 904 645 944 eis
684 903 885 943 officium
920 902 1238 952 exhibuimus,
1278 902 1402 953 quod
1430 901 1628 953 placidis
1659 902 1995 953 amplectentes

346 976 685 1028 complexibus,
708 975 937 1015 maiorem
958 974 1005 1013 in
1027 974 1217 1014 modum
1246 979 1409 1013 nostro
1430 973 1657 1024 gratulati
1687 979 1795 1013 sunt
1824 972 1993 1013 adven-

346 1049 435 1100 tui,
469 1047 693 1100 quinimo,
739 1052 788 1087 ut
816 1045 1117 1097 perspicuum
1149 1045 1303 1096 magis
1338 1044 1670 1095 gratulationis
1705 1049 1828 1084 esset
1857 1055 1992 1095 argu-

346 1125 569 1170 mentum,
595 1118 752 1159 omnia
772 1117 936 1169 palatii
956 1117 1061 1156 loca
1081 1117 1333 1156 voluerunt
1354 1127 1456 1155 esse
1478 1116 1816 1156 demonstrata.

426 1190 659 1231 Postridie
694 1188 928 1230 Calendas
955 1187 1262 1236 Novembres,
1302 1187 1349 1227 in
1381 1186 1494 1227 aede
1526 1187 1584 1227 D.
1615 1186 1811 1227 Nicolao
1838 1198 1991 1238 sacra,

349 1262 509 1302 habita
532 1267 602 1301 est
624 1267 667 1301 et
696 1260 847 1300 oratio
875 1259 1023 1299 latina
1051 1270 1212 1298 coram
1242 1257 1447 1298 Domino
1470 1258 1666 1298 Vicario
1697 1269 1751 1297 ac
1780 1258 1995 1298 omnibus

346 1334 443 1374 fere
485 1332 725 1373 canonicis
761 1330 1061 1381 maximoque
1098 1330 1298 1369 aliorum
1332 1329 1591 1381 peritorum
1630 1335 1789 1380 coetu;
1826 1329 1994 1380 quibus

347 1411 637 1458 quantopere
667 1402 912 1454 placuerit,
937 1401 1172 1452 explicato
1190 1401 1412 1441 nimirum
1434 1400 1571 1452 hujus
1592 1400 1790 1451 Collegii
1812 1406 1855 1440 et
1879 1399 1990 1440 alio-

349 1488 455 1517 rum
482 1481 673 1516 nostrae
695 1473 945 1515 Societatis
962 1473 1174 1513 instituto
1198 1473 1244 1512 in
1266 1472 1525 1513 excolenda
1548 1472 1758 1513 moribus
1780 1477 1825 1512 et
1845 1471 1992 1512 literis

347 1548 606 1597 iuventute,
625 1546 672 1586 in
693 1545 901 1586 omnium
924 1556 1037 1584 sane
1058 1545 1191 1584 vultu
1207 1545 1381 1584 lectum
1403 1550 1472 1584 est
1490 1543 1727 1595 perfacile.
1753 1541 1986 1584 Postridie

348 1620 407 1660 ad
428 1619 615 1659 scholas
639 1622 827 1658 nostras
851 1616 1124 1656 confluxere
1152 1616 1231 1655 alii
1253 1616 1475 1656 classium
1493 1615 1704 1656 ordinem
1722 1614 1992 1664 scrutaturi,

348 1691 574 1731 lectiones
597 1689 675 1729 alii
698 1687 918 1739 audituri,
943 1688 1022 1728 alii
1043 1687 1272 1727 censoriis
1290 1688 1496 1727 numeris
1515 1687 1703 1727 easdem
1722 1685 1988 1738 expensuri,

348 1762 428 1802 alii
444 1760 804 1812 professoribus,
830 1760 868 1799 si
885 1759 1047 1799 forsan
1064 1764 1270 1810 possent,
1291 1758 1496 1810 aliquam
1513 1758 1809 1809 ignorantiae
1831 1764 1991 1798 notam

347 1833 561 1874 inusturi.
575 1832 902 1873 Veruntamen
915 1830 1049 1881 (duce
1061 1830 1178 1880 Deo)
1193 1830 1443 1881 unicuique
1456 1829 1751 1870 satisfactum
1767 1835 1851 1880 est,
1868 1829 1993 1881 quod

349 1917 408 1945 ex
438 1905 540 1956 ipsa
573 1903 837 1955 frequentia
866 1908 909 1942 et
939 1901 1213 1941 assiduitate
1249 1901 1516 1941 auditorum
1553 1907 1598 1941 et
1628 1901 1747 1940 inter
1780 1906 1993 1941 caeteros

352 1977 495 2017 trium
516 1975 952 2026 ludimagistrorum
973 1974 1132 2014 videre
1153 1973 1253 2013 fuit.
1283 1973 1332 2013 In
1350 1973 1626 2013 lectionibus
1650 1973 1797 2013 variis
1821 1972 1995 2012 latinae

351 2061 408 2088 ac
425 2058 628 2099 graecae
653 2047 856 2097 linguae,
886 2045 1301 2096 compositionibus
1319 2056 1374 2084 ac
1399 2044 1791 2096 disputationibus
1817 2044 1996 2083 schola-

350 2119 496 2159 sticos
517 2118 704 2158 assidue
722 2123 766 2157 et
785 2117 1032 2167 diligenter
1047 2127 1335 2156 exercemus.
1355 2115 1572 2155 Publicas
1589 2115 1777 2155 scholas
1801 2114 1860 2155 ad
1886 2121 1997 2154 tem-

352 2202 454 2242 pus,
480 2189 874 2230 contendentibus
896 2198 1193 2239 summopere
1216 2186 1352 2238 hujus
1368 2187 1496 2226 urbis
1511 2187 1824 2237 senatoribus,
1844 2197 1998 2226 susce—

353 2263 522 2314 pimus,
546 2260 750 2301 Domino
774 2259 907 2299 Rmo.
928 2259 1150 2310 Tuaeque
1170 2258 1224 2298 R.
1258 2257 1308 2297 P.
1338 2270 1516 2298 morem
1547 2264 1781 2309 gerentes.
1810 2256 2001 2298 Schola-

354 2334 581 2374 sticorum
603 2338 765 2372 coetus
783 2331 1090 2371 centesimum
1113 2336 1157 2370 et
1187 2330 1536 2379 sexagesimum
1559 2341 1804 2369 numerum
1826 2330 1996 2380 explet.

439 2404 563 2455 Quid
583 2404 764 2444 fructus
785 2402 902 2442 haec
919 2408 1080 2442 nostra
1100 2401 1284 2441 officina
1303 2401 1587 2440 scholastica
1609 2400 1839 2440 iuventuti
1861 2399 2000 2440 adve-

356 2476 437 2515 hat
460 2476 676 2527 accipito.
702 2474 753 2514 In
775 2485 825 2514 re
856 2473 1067 2512 literaria
1095 2473 1263 2512 uberes
1285 2471 1433 2512 editos
1454 2484 1557 2512 esse
1586 2483 1681 2511 non
1707 2477 1777 2511 est
1798 2471 1876 2523 qui
1905 2470 1998 2511 infi-

355 2548 518 2597 cietur,
538 2546 870 2596 uberioresque
888 2543 1093 2583 edendos
1110 2555 1204 2583 non
1222 2548 1451 2594 expectet.
1476 2543 1527 2583 In
1544 2543 1711 2594 spiritu
1728 2543 1934 2582 minores
1951 2542 1998 2581 in

360 2618 531 2658 adultis
552 2616 860 2669 proveniunt;
892 2625 1085 2654 causam
1113 2620 1267 2654 autem
1299 2626 1392 2654 non
1419 2626 1629 2654 meorum
1658 2613 1857 2653 fratrum
1883 2613 1996 2662 scio,

355 2689 438 2728 sed
462 2689 554 2729 mei
583 2688 720 2727 unius
747 2687 948 2726 existere
970 2685 1227 2736 ignaviam.
1251 2684 1450 2725 Accedit
1476 2692 1519 2725 et
1541 2684 1753 2725 deflenda
1775 2683 1912 2735 liujus
1934 2684 1996 2723 iu-

356 2760 562 2799 ventutis
577 2758 780 2808 licentia,
801 2769 918 2809 quos
934 2757 1112 2804 videas,
1128 2756 1304 2796 coactis
1321 2756 1600 2807 agminibus,
1622 2756 1837 2795 omnibus
1853 2755 1999 2795 armis

357 2831 628 2880 instructos,
653 2830 779 2869 velut
796 2829 932 2879 signa
954 2828 1223 2878 collaturos,
1244 2828 1429 2867 calcata
1453 2827 1577 2867 omni
1602 2826 1830 2867 modestia
1855 2827 1998 2867 omni-

409 3015 419 3034 1
459 3014 607 3047 joannes
622 3014 780 3047 Baptista
798 3012 924 3043 Velati.
938 3012 1024 3039 alias
1039 3011 1186 3045 joannes
1203 3012 1362 3047 Baptista
1378 3012 1417 3039 de
1432 3012 1522 3045 Jesu.
1539 3011 1626 3039 Vide
1643 3012 1809 3046 PoLANco,
1828 3011 2000 3044 chronic„

356 3066 437 3089 tom.
453 3069 501 3095 111,
515 3069 593 3096 pag.
609 3062 651 3094 25,
672 3065 739 3088 not.
756 3062 779 3087 1.
