2168 3437
838 254 921 292 AN.
953 255 1045 292 1552
1711 258 1755 295 31

199 350 290 391 Sed
319 350 394 391 hic
422 351 683 392 litterarum
712 351 816 392 finis
844 353 924 402 sit,
954 364 1012 392 ne
1039 352 1286 404 prolixitas
1314 352 1553 393 fastidium
1580 355 1750 405 pariat.

120 420 350 462 Dominus
371 428 529 462 noster
548 422 685 476 Jesus
706 423 920 464 Christus
941 423 1074 463 nobis
1095 429 1321 475 perpetuo
1344 423 1521 474 faveat,
1545 430 1594 464 ut
1611 437 1752 477 quan-

120 498 217 532 tum
246 492 485 544 hueusque
519 499 680 533 nostra
714 494 1001 545 negligentia
1028 493 1301 544 defecimus,
1338 500 1521 535 tantum
1556 496 1753 546 posthac

120 574 205 602 sua
231 563 388 613 gratia
415 562 559 614 adjuti
586 565 905 616 proficiamus,
939 565 1063 616 quod
1091 570 1140 604 ut
1167 564 1268 615 fiat,
1297 565 1352 605 R.
1381 565 1433 606 T.
1463 566 1513 607 P.
1546 566 1753 619 Patrum,

120 633 158 673 F
160 639 432 686 fatrumque
449 636 668 686 omnium,
693 636 771 688 qui
792 637 896 676 istic
919 641 1284 686 commorantur,
1304 637 1596 678 orationibus
1617 638 1755 678 simul

123 716 284 744 omnes
313 717 398 745 nos
426 707 808 747 commendamus
836 719 894 747 ex
921 712 1019 746 toto
1051 706 1214 756 eorde,
1245 711 1466 759 tuamque
1499 708 1546 748 in
1572 709 1750 760 primis,

119 774 219 814 Rae
238 775 285 815 in
306 775 491 816 Christo
514 776 667 828 Pater,
691 777 1084 828 benedictionem,
1115 776 1164 818 P.
1195 777 1247 818 T.
1286 778 1481 829 pedibus
1502 781 1753 831 provoluti,

119 856 180 886 ex
199 846 354 886 animo
377 847 574 898 petimus
595 855 734 898 atque
753 847 1079 899 efflagitamus.

200 915 354 956 Datae
373 916 639 968 Messanae,
663 930 728 957 XX
750 917 1057 969 Septembris,
1083 919 1140 959 A.
1170 919 1285 960 1552.

199 985 254 1027 R.
278 986 327 1028 P.
351 988 402 1028 T.
427 1000 593 1029 servus
612 989 788 1029 inutilis
809 996 853 1029 et
874 990 1088 1040 ingratus
1108 991 1253 1042 filius,

1111 1204 1349 1244 ANTONIUS
1371 1203 1539 1244 Vmcxz.

815 1629 1075 1683 CLXXV

194 1859 448 1907 Onuphrius
469 1860 769 1910 Cavallerius,

240 1923 312 1961 Ex
331 1924 658 1963 Commz‘ssione
677 1927 825 1966 Patris
844 1928 1027 1975 Joannis
1049 1929 1259 1975 Alvarez,

291 1990 412 2028 Patri
430 1990 599 2039 Ignatio
618 1993 672 2029 de
691 1992 878 2041 Loyola.

336 2055 621 2103 Salmantica,
638 2058 685 2095 22
703 2057 976 2106 Septembris
998 2060 1091 2098 1552
1112 2061 1135 2095 ¹.

889 2232 989 2309 uls

206 2442 473 2483 Admodum
492 2444 768 2487 Reverende
790 2447 928 2488 Pater
951 2448 998 2488 in
1019 2448 1102 2489 Χ.Ο

207 2512 373 2554 Gratia
394 2520 439 2554 et
458 2527 552 2566 pax
573 2516 761 2557 Domini
783 2518 870 2558 nri.
894 2518 991 2559 Ihu.
1016 2519 1091 2559 Xi.

206 2584 406 2636 Lz'terz's,
434 2597 553 2636 quas
579 2586 756 2639 elapsis
783 2590 1020 2629 mensibus
1051 2590 1295 2640 misimus,
1322 2594 1366 2630 te
1395 2590 1640 2631 certiorem
1661 2592 1761 2631 red-

126 2653 333 2695 didimus
353 2667 471 2706 quae
490 2656 564 2696 hic
584 2657 763 2699 Patres
791 2659 1062 2711 societatis,
1084 2660 1245 2701 divino
1275 2661 1444 2712 afflati
1469 2661 1684 2712 numine,
1715 2662 1764 2702 in

125 2725 384 2766 excolenda
403 2727 601 2768 Domini
619 2729 780 2780 vinea,
807 2735 850 2771 et
879 2743 907 2771 a
933 2731 1163 2771 vitiorum
1190 2731 1380 2771 tribulis
1401 2734 1760 2785 perpurganda

180 2917 189 2937 ¹
229 2918 344 2954 Epist.
360 2920 556 2957 Quadrima,
571 2923 773 2952 1547-1552.
797 2925 884 2953 Tota
907 2927 1125 2962 autographa
1141 2927 1174 2954 in
1196 2927 1321 2962 duplici
1342 2928 1422 2955 folio
1442 2929 1503 2955 sub
1519 2936 1572 2957 nn.
1589 2929 1640 2957 182
1653 2933 1686 2957 et
1703 2929 1763 2957 183.

126 2965 225 2993 —Est
235 2970 269 2994 et
284 2969 520 3003 apographum
534 2970 567 2998 in
583 2971 700 2999 eodem
714 2973 794 3007 vol.,
810 2973 843 3000 in
865 2980 905 3000 ea
926 2977 1025 3008 parte
1047 2982 1133 3008 quae
1155 2974 1270 3002 Codex
1289 2975 1355 3002 1551
1380 2976 1556 3010 appellata
1577 2980 1646 3010 est,
1668 2977 1764 3005 unico

128 3016 285 3041 constans
300 3014 379 3042 folio
395 3023 426 3043 n.
440 3016 484 3051 67;
500 3016 533 3043 in
548 3018 605 3045 illo
620 3026 661 3046 ea
676 3018 914 3047 desiderantur
928 3028 1015 3056 quae
1026 3021 1060 3049 in
1072 3022 1287 3056 autographo
1300 3025 1378 3049 sunt
1390 3022 1488 3050 lineis
1500 3024 1646 3057 occlusa,
1663 3031 1764 3058 quae-

126 3066 192 3093 que
207 3067 266 3087 nos
281 3061 407 3090 italicis
422 3063 546 3091 litteris
560 3065 614 3092 hic
631 3065 872 3094 describemus.
