2168 3437
905 239 988 275 Ax.
1023 238 1114 275 1553
1763 236 1835 273 397

270 336 322 376 In
355 336 483 376 hisce
511 336 737 376 bellorum
764 336 1036 376 tumultibus
1071 341 1115 375 et
1141 334 1416 374 barbaricae
1445 333 1610 373 classis
1642 331 1652 351 ¹
1683 339 1827 382 metu,

191 407 401 458 plerique
425 407 624 447 confessi
647 412 774 457 sunt,
799 405 908 446 data
929 405 1207 457 praesertim
1223 404 1414 456 jubilaei
1435 404 1700 444 occasione.
1719 403 1830 443 Post

193 489 376 529 quoque
405 478 619 529 permulti
653 483 958 529 perseverant
992 476 1092 516 Deo
1128 488 1178 516 se
1212 475 1476 526 frequenter
1505 474 1825 525 reconciliare,

193 555 243 588 ut
263 549 343 588 vix
364 560 570 600 unquam
588 548 698 588 Rdis
720 548 955 597 Patribus,
980 547 1120 587 etiam
1141 558 1234 586 non
1255 546 1434 586 feriatis
1456 546 1642 595 diebus,
1668 545 1831 585 abesse

194 631 222 658 a
254 621 424 671 templo
459 620 609 659 liceat.
644 619 857 658 Remissa
888 619 1008 657 inter
1043 618 1160 657 haec
1196 617 1324 666 odia,
1361 629 1504 667 paces
1541 616 1833 662 conciliatae,

198 691 430 741 prohibita
451 690 696 730 homicidia
724 689 1064 739 veneficiaque,
1099 688 1327 728 adulteria
1351 689 1600 738 dirempta,
1633 695 1678 728 et
1708 699 1834 738 repe-

196 762 283 801 tita
306 760 524 811 conjugia
553 761 767 811 (quarum
798 771 956 799 rerum
979 759 1186 798 omnium
1216 770 1458 810 nunquam
1485 759 1561 799 hic
1588 759 1717 798 deest
1743 770 1835 798 ma-

196 831 346 882 teria).
366 831 489 871 Nihil
511 831 713 870 arbitror
736 830 932 870 attinere
953 836 1002 869 ut
1024 830 1211 880 singula
1229 829 1503 879 referamus,
1524 841 1629 869 cum
1649 841 1735 869 nec
1757 835 1835 869 tua

196 903 243 942 id
262 903 375 942 velit
396 901 681 951 Paternitas,
704 913 791 941 nec
816 913 901 941 nos
924 912 1107 952 quoque
1128 899 1265 940 facile
1286 900 1532 951 possimus.
1557 900 1764 940 Tametsi
1792 900 1839 939 in

197 974 269 1013 his
291 973 466 1024 aliquot
487 973 768 1023 insigniora,
793 978 841 1012 ut
863 971 987 1023 quod
1010 983 1189 1011 veneno
1211 971 1375 1010 tollere
1395 971 1538 1010 filiam
1559 976 1691 1022 pater
1713 971 1836 1021 cogi-

197 1044 331 1095 tarit,
354 1043 650 1084 hortantibus
673 1043 885 1094 cognatis
906 1048 956 1082 ut
977 1041 1023 1082 id
1045 1040 1247 1091 faceret3
1271 1047 1420 1080 mater
1441 1041 1672 1092 quaedam
1692 1073 1699 1091 ‚
1725 1041 1836 1080 mul-

200 1121 272 1155 tos
289 1114 387 1165 jam
408 1126 555 1155 annos
583 1115 817 1164 adultera,
847 1113 990 1153 filiam
1018 1124 1150 1153 suam
1184 1112 1391 1152 nondum
1418 1112 1642 1162 nubilem,
1674 1112 1721 1151 in
1748 1118 1840 1151 tur-

201 1186 420 1237 pissimos
443 1198 498 1226 ac
518 1185 880 1225 nefandissimos
904 1195 1015 1224 usus
1037 1182 1318 1232 vendiderit,
1340 1189 1382 1222 et
1404 1183 1475 1222 his
1497 1183 1588 1222 alia
1604 1194 1698 1222 non
1721 1182 1839 1222 absi-

202 1257 345 1297 milia.
370 1257 564 1304 Harum,
587 1268 710 1296 nunc
732 1261 902 1306 mater,
937 1255 1039 1295 viro
1068 1254 1395 1303 reconciliata,
1430 1252 1839 1293 Sacramentorum

202 1327 488 1380 praesidium
521 1327 790 1379 frequenter
821 1326 1044 1378 percipit;
1076 1325 1170 1366 filia
1202 1325 1344 1364 etiam
1363 1324 1603 1375 religionis
1633 1324 1841 1364 habitum

205 1398 397 1439 induere
420 1411 468 1438 se
489 1400 608 1438 velle
630 1398 889 1450 profitetur.

284 1470 494 1510 illuditur
516 1469 702 1509 interim
723 1475 767 1508 et
791 1469 990 1508 daemon
1010 1468 1198 1519 suisque
1219 1467 1318 1518 ipse
1340 1467 1517 1507 artibus
1535 1466 1731 1518 capitur.
1750 1465 1838 1505 Vir

203 1541 326 1581 enim
348 1540 557 1591 quidam,
582 1540 659 1591 qui
681 1540 727 1579 in
759 1539 986 1579 adulterio
1019 1545 1240 1578 octavum
1270 1538 1441 1589 agebat
1468 1549 1664 1587 annum,
1698 1548 1752 1576 eo
1785 1537 1843 1576 ad

201 1612 475 1652 concionem
496 1612 662 1663 spiritu
683 1611 914 1651 adductus
934 1617 983 1650 ut
1010 1610 1256 1650 moecham
1285 1620 1440 1659 suam,
1465 1608 1562 1660 jam
1591 1620 1617 1648 a
1644 1615 1840 1659 peccato

203 1683 486 1734 digressam,
511 1682 572 1722 ibi
592 1682 850 1733 aspiceret,
874 1681 1110 1721 inescatus
1132 1687 1201 1720 est
1232 1687 1275 1720 et
1302 1681 1421 1732 ipse,
1452 1686 1731 1731 captumque
1763 1689 1842 1718 ore

203 1755 393 1794 hamum
413 1754 546 1794 verbi
573 1753 762 1793 Domini
788 1749 851 1792 ita
884 1758 1155 1792 constanter
1182 1751 1349 1801 tenuit,
1378 1756 1427 1790 ut
1456 1750 1612 1790 facere
1639 1762 1734 1789 non
1767 1762 1843 1801 po—

203 1825 342 1865 tuerit
364 1825 497 1876 quin,
522 1831 721 1875 urgente
745 1823 1055 1873 conscientia,
1080 1834 1186 1862 cum
1216 1821 1317 1861 Deo
1339 1821 1516 1873 pariter
1546 1826 1590 1860 et
1621 1832 1767 1860 uxore
1798 1820 1844 1859 in

202 1897 410 1948 gratiam
432 1896 623 1936 rediret.
646 1895 771 1944 Hoc,
796 1895 904 1946 quia
933 1893 1143 1934 nonnihil
1172 1893 1345 1933 habere
1372 1892 1555 1943 gratiae
1583 1892 1842 1941 videbatur,

206 1967 381 2007 referre
403 1967 545 2007 volui.
571 1966 770 2007 Caetera
791 1964 929 2016 hujus
950 1965 1138 2016 generis
1166 1972 1424 2016 praetereo.
1458 1963 1617 2015 Neque
1649 1974 1845 2002 commc-

206 2050 393 2078 morare
415 2038 667 2088 aggredior
696 2048 836 2088 quam
866 2036 1018 2086 multi,
1050 2048 1077 2075 a
1104 2035 1316 2087 pluribus
1344 2035 1479 2075 annis
1506 2046 1599 2074 non
1625 2033 1840 2082 confessi,

212 2109 271 2149 ad
297 2115 456 2160 patres
482 2116 670 2148 nostros
698 2107 1008 2157 accesserint,
1041 2112 1141 2156 aut,
1173 2106 1230 2146 ab
1260 2105 1506 2157 impudicis
1534 2112 1577 2145 et
1606 2104 1792 2144 omnino
1824 2115 1850 2142 a

210 2180 403 2231 perditis
425 2180 630 2220 moribus
652 2178 866 2229 abducti,
893 2177 1056 2218 salutis
1077 2188 1189 2218 suae
1212 2183 1430 2228 coeptum
1451 2177 1538 2216 iter
1559 2176 1718 2215 sedulo
1748 2186 1850 2226 pro-

211 2257 482 2302 sequantur.

292 2321 443 2372 Hujus
470 2322 872 2362 evidentissimum
900 2327 969 2361 est
1000 2320 1221 2360 indicium
1250 2319 1527 2359 devotorum
1555 2324 1599 2357 et
1627 2327 1847 2357 numerus

214 2392 377 2444 major,
402 2399 445 2432 et
465 2393 512 2432 in
534 2393 631 2432 dies
653 2392 928 2443 ferventior,
952 2398 1092 2443 atque
1123 2391 1183 2431 ad
1213 2402 1349 2431 omne
1378 2401 1493 2441 opus
1520 2389 1691 2428 bonum
1718 2399 1851 2439 para-

214 2465 318 2504 tior.
342 2464 392 2504 In
414 2475 504 2515 quo
530 2475 623 2503 non
653 2463 874 2515 privatim
902 2464 1073 2513 solum,
1104 2461 1184 2503 sed
1212 2461 1393 2513 publice
1420 2460 1583 2509 etiam,
1618 2458 1847 2499 orationis

215 2535 420 2576 studium
442 2534 604 2574 crevit.
635 2534 735 2585 Quo
767 2534 890 2574 enim
917 2540 1126 2585 tempore
1157 2532 1414 2572 adventare
1444 2531 1704 2571 Turcarum
1735 2530 1851 2569 clas-

216 2607 281 2647 sis
302 2606 556 2655 dicebatur,
580 2605 765 2657 publica
789 2605 938 2645 oratio
971 2605 1018 2644 in
1045 2605 1219 2655 templo
1248 2609 1408 2643 nostro
1439 2601 1649 2641 instituta
1677 2606 1770 2650 est,
1804 2605 1853 2639 ut

217 2677 531 2729 quadraginta
551 2677 773 2716 horarum
793 2675 944 2727 spatio
967 2675 1092 2726 (quot
1121 2675 1263 2714 horas
1293 2673 1493 2713 iacuisse
1521 2671 1568 2711 in
1595 2670 1845 2722 sepulchro

217 2748 477 2789 Salvatoris
517 2746 708 2787 Domini
740 2746 851 2800 J‘esu
889 2745 1064 2786 Christi
1103 2745 1285 2796 Corpus
1325 2742 1550 2792 creditur)
1590 2753 1845 2793 nunquam,

218 2820 408 2860 deesent
428 2819 507 2870 qui
528 2825 717 2859 orarent
733 2818 811 2858 diu
828 2823 1060 2868 noctuque
1126 2815 1217 2857 Sed
1239 2814 1441 2855 interdiu
1457 2813 1690 2864 mulieres,
1713 2818 1855 2852 noctu

276 3004 283 3023 ¹
326 3003 513 3030 Turcarum
529 3002 659 3029 classis.

273 3050 287 3068 ‘²
327 3050 412 3077 Vide
429 3057 514 3084 quae
527 3050 566 3076 de
578 3050 641 3077 hac
652 3049 787 3084 publica
799 3048 952 3075 oratione
966 3048 1056 3075 dicta
1071 3050 1148 3074 sunt
1162 3046 1195 3073 in
1207 3046 1365 3078 ΡοιΑΝοΙ,
1381 3043 1695 3078 Clzron.,t.111,pag.
1713 3043 1774 3077 198,
1786 3051 1816 3070 n.
1833 3044 1857 3071 1.
