2168 3437
280 271 327 308 ἐξ,

329 271 352 308 [Q

794 269 1024 306 LITTERAE
1051 279 1410 312 QUADRIMESTRES

969 723 1237 778 CCXVII

356 950 593 988 Marcellus
613 951 706 989 Vaz

406 1016 528 1054 Patri
547 1017 717 1064 Ignatio
737 1017 790 1054 de
809 1018 994 1064 Loyola.

451 1081 617 1128 Ebora,
641 1082 658 1119 1
681 1082 784 1130 Maji
804 1082 896 1120 1553
916 1082 941 1120 ¹.

1055 1350 1154 1392 IHS

365 1575 634 1617 Admodum
655 1575 755 1617 Rfffe
779 1577 826 1617 in
854 1577 974 1629 Xpo.
1000 1582 1148 1629 pater.

367 1646 533 1688 Gratia
559 1653 604 1688 et
630 1659 723 1700 pax
750 1647 843 1688 dni.
878 1647 1038 1688 Nostri
1063 1648 1167 1688 Iesu
1202 1647 1276 1688 X.i
1311 1647 1370 1687 sit
1407 1659 1591 1699 semper
1627 1647 1674 1687 in
1708 1646 1931 1687 cordibus

284 1718 474 1759 nostris.
500 1718 667 1760 Arnen.

363 1790 414 1831 In
452 1790 541 1831 hoc
581 1790 914 1843 quadrimestri
950 1803 1043 1831 non
1078 1797 1147 1831 est
1183 1790 1332 1841 aliud,
1369 1790 1426 1830 de
1462 1801 1553 1841 quo
1589 1789 1930 1830 Paternitatem

282 1868 412 1902 tuam
432 1862 684 1902 debeamus
714 1863 869 1903 facere
900 1863 1170 1913 certiorem,
1204 1862 1293 1902 nisi
1323 1860 1447 1913 quod
1478 1860 1568 1901 Dei
1599 1861 1923 1901 misericordia

283 1944 403 1973 unus
425 1945 483 1973 ex
504 1933 740 1985 Patribus,
766 1934 843 1986 qui
871 1934 961 1974 huc
984 1933 1043 1973 ad
1073 1945 1159 1974 nos
1191 1932 1491 1974 Conimbrica
1526 1932 1656 1972 missi
1686 1938 1814 1983 sunt,
1849 1944 1930 1972 no—

283 2004 406 2044 mine
432 2003 598 2044 Petrus
632 2005 688 2045 de
715 2004 925 2055 Parada,
963 2005 1152 2045 assidua
1181 2010 1227 2044 et
1258 2015 1432 2055 magna
1463 2015 1570 2043 cum
1607 2003 1926 2053 contentione,

283 2087 375 2126 qua
395 2081 493 2116 toto
522 2076 610 2116 hoc
641 2082 850 2128 tempore
881 2077 928 2116 in
960 2076 1204 2116 audiendis
1236 2074 1613 2115 confessionibus
1644 2074 1927 2124 elaboravit,

283 2147 480 2186 multum
498 2146 678 2187 fructus
699 2148 745 2187 in
767 2148 1015 2188 animabus
1035 2147 1096 2187 xj
1125 2146 1293 2197 effecit,
1318 2151 1362 2186 et
1382 2146 1591 2185 nonnulli
1612 2157 1695 2197 per
1717 2145 1931 2186 eumdem

284 2218 343 2258 ad
365 2218 437 2258 sui
458 2219 780 2269 cognitionem
802 2225 910 2259 sunt
930 2219 1127 2258 reducti.

363 2288 497 2329 Alius
519 2289 657 2330 Pater
679 2290 867 2330 nomine
888 2289 1143 2342 Tyburtius
1171 2288 1226 2329 de
1255 2287 1493 2339 Quadros‚
1529 2298 1666 2339 quem
1697 2288 1929 2328 hactenus

284 2360 534 2401 Rectorem
554 2360 802 2401 habuimus
824 2361 921 2412 (cui
941 2361 1167 2401 successit
1192 2359 1340 2401 frater
1364 2359 1590 2400 Alfonsus
1612 2359 1668 2399 de
1689 2359 1924 2410 Barreto),

284 2432 410 2472 solus
431 2437 519 2483 est,
544 2432 622 2484 qui
642 2444 767 2473 nunc
786 2432 991 2473 fructum
1013 2432 1070 2472 ab
1092 2431 1195 2472 aliis
1220 2431 1418 2481 factum,
1442 2431 1598 2482 quoad
1620 2436 1795 2481 potest,
1821 2442 1928 2470 con·

285 2514 477 2543 servare
499 2509 542 2543 et
565 2514 739 2554 augere
760 2504 936 2544 nititur.
960 2503 1043 2543 Est
1064 2503 1139 2543 ille
1161 2514 1255 2543 non
1281 2514 1459 2554 parvus
1490 2508 1587 2542 tam
1616 2502 1663 2542 in
1694 2508 1928 2542 monaste-

282 2574 364 2614 riis
397 2575 728 2625 religiosarum
756 2575 898 2627 (quae
927 2574 1122 2626 pulchre
1158 2573 1309 2614 adhuc
1344 2573 1605 2625 procedunt
1637 2584 1849 2624 quaeque
1880 2573 1928 2612 in

283 2645 378 2685 suis
406 2646 726 2698 spiritualibus
757 2645 1036 2696 exercitiis),
1069 2656 1209 2697 quam
1240 2645 1287 2685 in
1319 2645 1421 2685 aliis
1443 2645 1490 2685 in
1511 2644 1699 2684 saeculo
1731 2643 1925 2684 homini-

282 2717 382 2757 bus,
406 2716 685 2757 Sacerdotes
706 2717 814 2769 duo,
838 2723 1035 2768 uterque
1056 2716 1183 2756 vitae
1205 2716 1519 2756 sanctimonia
1541 2722 1585 2756 et
1609 2726 1793 2755 morum
1823 2726 1926 2766 pro-

281 2788 425 2828 bitate
465 2788 692 2839 praediti,
741 2794 787 2828 et
832 2789 951 2828 alter
990 2787 1312 2828 ecclesiastico
1359 2786 1585 2827 beneficio
1626 2786 1672 2826 in
1714 2785 1926 2826 Ecclesia

281 2870 469 2898 summa
496 2859 634 2899 huius
665 2859 872 2900 civitatis
899 2864 1153 2911 provectus
1183 2864 1226 2898 et
1257 2858 1400 2898 odore
1428 2869 1541 2898 suae
1568 2857 1758 2897 virtutis
1791 2868 1818 2896 a
1847 2856 1925 2895 do-

338 3039 348 3059 ¹
390 3041 666 3076 Autographum‚
680 3041 805 3076 duplici
817 3041 897 3068 folio
909 3044 1079 3074 constans,
1096 3041 1157 3067 sub
1172 3048 1202 3067 n.
1218 3039 1495 3072 634.—Quaedam
1507 3040 1611 3067 habet
1625 3046 1645 3066 a
1658 3039 1804 3066 Polanco
1817 3045 1927 3065 emen·

284 3089 368 3116 data
384 3089 440 3115 vel
453 3088 582 3123 addita,
600 3096 685 3123 quae
701 3089 828 3116 italicis
843 3089 990 3115 edemus.
