<?xml version="1.0" encoding="UTF-8"?>
<!DOCTYPE html PUBLIC "-//W3C//DTD XHTML 1.0 Transitional//EN"
    "http://www.w3.org/TR/xhtml1/DTD/xhtml1-transitional.dtd">
<html xmlns="http://www.w3.org/1999/xhtml" xml:lang="en" lang="en">
 <head>
  <title>
</title>
<meta http-equiv="Content-Type" content="text/html;charset=utf-8" />
  <meta name='ocr-system' content='tesseract 3.04.00' />
  <meta name='ocr-capabilities' content='ocr_page ocr_carea ocr_par ocr_line ocrx_word'/>
</head>
<body>
  <div class='ocr_page' id='page_1' title='image "./litteraequadrime1402lain_0069.png"; bbox 0 0 2168 3437; ppageno 0'>
   <div class='ocr_carea' id='block_1_1' title="bbox 838 175 1759 216">
    <p class='ocr_par' dir='ltr' id='par_1_1' title="bbox 838 175 1759 216">
     <span class='ocr_line' id='line_1_1' title="bbox 838 175 1759 216; baseline 0.004 -4"><span class='ocrx_word' id='word_1_1' title='bbox 838 175 921 212; x_wconf 83' lang='lat' dir='ltr'>AN.</span> <span class='ocrx_word' id='word_1_2' title='bbox 952 175 1045 212; x_wconf 80' lang='lat'>1552</span> <span class='ocrx_word' id='word_1_3' title='bbox 1711 180 1759 216; x_wconf 74' lang='lat'>65</span> 
     </span>
    </p>
   </div>
   <div class='ocr_carea' id='block_1_2' title="bbox 104 270 1755 2958">
    <p class='ocr_par' dir='ltr' id='par_1_2' title="bbox 104 270 1755 2958">
     <span class='ocr_line' id='line_1_2' title="bbox 114 270 1755 326; baseline 0.004 -16"><span class='ocrx_word' id='word_1_4' title='bbox 114 283 225 311; x_wconf 84' lang='lat' dir='ltr'>nem</span> <span class='ocrx_word' id='word_1_5' title='bbox 245 282 272 310; x_wconf 91' lang='lat' dir='ltr'>a</span> <span class='ocrx_word' id='word_1_6' title='bbox 292 271 426 311; x_wconf 87' lang='lat' dir='ltr'>nobis</span> <span class='ocrx_word' id='word_1_7' title='bbox 446 270 606 322; x_wconf 87' lang='lat' dir='ltr'>habet;</span> <span class='ocrx_word' id='word_1_8' title='bbox 629 271 799 322; x_wconf 85' lang='lat' dir='ltr'>flagrat</span> <span class='ocrx_word' id='word_1_9' title='bbox 820 272 943 312; x_wconf 89' lang='lat' dir='ltr'>enim</span> <span class='ocrx_word' id='word_1_10' title='bbox 964 272 1194 313; x_wconf 90' lang='lat' dir='ltr'>desiderio</span> <span class='ocrx_word' id='word_1_11' title='bbox 1215 274 1446 326; x_wconf 88' lang='lat' dir='ltr'>principio</span> <span class='ocrx_word' id='word_1_12' title='bbox 1476 276 1613 315; x_wconf 90' lang='lat' dir='ltr'>huius</span> <span class='ocrx_word' id='word_1_13' title='bbox 1645 278 1755 318; x_wconf 90' lang='lat' dir='ltr'>anni</span> 
     </span>
     <span class='ocr_line' id='line_1_3' title="bbox 119 341 1616 394; baseline 0.003 -13"><span class='ocrx_word' id='word_1_14' title='bbox 119 348 246 382; x_wconf 86' lang='lat' dir='ltr'>tuam</span> <span class='ocrx_word' id='word_1_15' title='bbox 262 341 592 393; x_wconf 81' lang='lat' dir='ltr'>paternitatem</span> <span class='ocrx_word' id='word_1_16' title='bbox 613 348 658 381; x_wconf 88' lang='lat' dir='ltr'>et</span> <span class='ocrx_word' id='word_1_17' title='bbox 677 342 848 382; x_wconf 86' lang='lat' dir='ltr'>fratres</span> <span class='ocrx_word' id='word_1_18' title='bbox 870 355 926 383; x_wconf 91' lang='lat' dir='ltr'>ac</span> <span class='ocrx_word' id='word_1_19' title='bbox 946 349 1104 394; x_wconf 92' lang='lat' dir='ltr'>patres</span> <span class='ocrx_word' id='word_1_20' title='bbox 1126 355 1347 384; x_wconf 91' lang='lat' dir='ltr'>romanos</span> <span class='ocrx_word' id='word_1_21' title='bbox 1370 346 1616 386; x_wconf 74' lang='lat' dir='ltr'>invisendi,</span> 
     </span>
     <span class='ocr_line' id='line_1_4' title="bbox 201 411 1753 468; baseline 0.005 -17"><span class='ocrx_word' id='word_1_22' title='bbox 201 411 395 452; x_wconf 83' lang='lat' dir='ltr'>Addixit</span> <span class='ocrx_word' id='word_1_23' title='bbox 417 418 462 452; x_wconf 88' lang='lat' dir='ltr'>et</span> <span class='ocrx_word' id='word_1_24' title='bbox 482 423 533 452; x_wconf 93' lang='lat' dir='ltr'>se</span> <span class='ocrx_word' id='word_1_25' title='bbox 553 418 702 453; x_wconf 92' lang='lat' dir='ltr'>totum</span> <span class='ocrx_word' id='word_1_26' title='bbox 732 419 920 454; x_wconf 88' lang='lat' dir='ltr'>nostrae</span> <span class='ocrx_word' id='word_1_27' title='bbox 941 414 1153 454; x_wconf 75' lang='lat' dir='ltr'>societati</span> <span class='ocrx_word' id='word_1_28' title='bbox 1175 416 1392 457; x_wconf 91' lang='lat' dir='ltr'>alumnus</span> <span class='ocrx_word' id='word_1_29' title='bbox 1422 417 1613 468; x_wconf 86' lang='lat' dir='ltr'>quidam</span> <span class='ocrx_word' id='word_1_30' title='bbox 1648 419 1753 458; x_wconf 90' lang='lat' dir='ltr'>ado-</span> 
     </span>
     <span class='ocr_line' id='line_1_5' title="bbox 119 482 1754 540; baseline 0.003 -16"><span class='ocrx_word' id='word_1_31' title='bbox 119 486 322 533; x_wconf 90' lang='lat' dir='ltr'>lescens,</span> <span class='ocrx_word' id='word_1_32' title='bbox 346 482 571 534; x_wconf 85' lang='lat' dir='ltr'>magister</span> <span class='ocrx_word' id='word_1_33' title='bbox 599 483 769 524; x_wconf 89' lang='lat' dir='ltr'>artium</span> <span class='ocrx_word' id='word_1_34' title='bbox 800 485 1044 525; x_wconf 90' lang='lat' dir='ltr'>nobiscum</span> <span class='ocrx_word' id='word_1_35' title='bbox 1075 497 1128 525; x_wconf 92' lang='lat' dir='ltr'>eo</span> <span class='ocrx_word' id='word_1_36' title='bbox 1160 485 1353 526; x_wconf 89' lang='lat' dir='ltr'>honoris</span> <span class='ocrx_word' id='word_1_37' title='bbox 1381 487 1531 537; x_wconf 88' lang='lat' dir='ltr'>gradu</span> <span class='ocrx_word' id='word_1_38' title='bbox 1564 488 1754 540; x_wconf 81' lang='lat' dir='ltr'>insigni-</span> 
     </span>
     <span class='ocr_line' id='line_1_6' title="bbox 114 553 1752 608; baseline 0.004 -14"><span class='ocrx_word' id='word_1_39' title='bbox 114 560 214 604; x_wconf 87' lang='lat' dir='ltr'>tus,</span> <span class='ocrx_word' id='word_1_40' title='bbox 238 553 475 605; x_wconf 87' lang='lat' dir='ltr'>quondam</span> <span class='ocrx_word' id='word_1_41' title='bbox 495 553 756 594; x_wconf 88' lang='lat' dir='ltr'>studiorum</span> <span class='ocrx_word' id='word_1_42' title='bbox 783 561 1050 595; x_wconf 88' lang='lat' dir='ltr'>nostrorum</span> <span class='ocrx_word' id='word_1_43' title='bbox 1079 556 1269 596; x_wconf 91' lang='lat' dir='ltr'>intimus</span> <span class='ocrx_word' id='word_1_44' title='bbox 1300 558 1470 608; x_wconf 91' lang='lat' dir='ltr'>socius,</span> <span class='ocrx_word' id='word_1_45' title='bbox 1496 559 1626 599; x_wconf 91' lang='lat' dir='ltr'>cuius</span> <span class='ocrx_word' id='word_1_46' title='bbox 1649 571 1752 600; x_wconf 93' lang='lat' dir='ltr'>con-</span> 
     </span>
     <span class='ocr_line' id='line_1_7' title="bbox 120 624 1754 681; baseline 0.004 -18"><span class='ocrx_word' id='word_1_47' title='bbox 120 624 383 664; x_wconf 84' lang='lat' dir='ltr'>versionem</span> <span class='ocrx_word' id='word_1_48' title='bbox 404 630 449 664; x_wconf 91' lang='lat' dir='ltr'>et</span> <span class='ocrx_word' id='word_1_49' title='bbox 470 630 672 665; x_wconf 90' lang='lat' dir='ltr'>tractum</span> <span class='ocrx_word' id='word_1_50' title='bbox 693 631 854 677; x_wconf 86' lang='lat' dir='ltr'>utpote</span> <span class='ocrx_word' id='word_1_51' title='bbox 874 627 953 677; x_wconf 91' lang='lat' dir='ltr'>qui</span> <span class='ocrx_word' id='word_1_52' title='bbox 979 626 1206 666; x_wconf 91' lang='lat' dir='ltr'>mirabilis</span> <span class='ocrx_word' id='word_1_53' title='bbox 1236 627 1399 679; x_wconf 87' lang='lat' dir='ltr'>fuerit,</span> <span class='ocrx_word' id='word_1_54' title='bbox 1432 629 1571 669; x_wconf 90' lang='lat' dir='ltr'>latius</span> <span class='ocrx_word' id='word_1_55' title='bbox 1601 642 1754 681; x_wconf 89' lang='lat' dir='ltr'>perse-</span> 
     </span>
     <span class='ocr_line' id='line_1_8' title="bbox 114 695 1753 752; baseline 0.005 -18"><span class='ocrx_word' id='word_1_56' title='bbox 114 695 196 746; x_wconf 86' lang='lat' dir='ltr'>qui</span> <span class='ocrx_word' id='word_1_57' title='bbox 216 695 422 734; x_wconf 76' lang='lat' dir='ltr'>charitas</span> <span class='ocrx_word' id='word_1_58' title='bbox 444 695 640 746; x_wconf 86' lang='lat' dir='ltr'>instigat</span> <span class='ocrx_word' id='word_1_59' title='bbox 661 708 756 736; x_wconf 90' lang='lat' dir='ltr'>non</span> <span class='ocrx_word' id='word_1_60' title='bbox 778 697 931 736; x_wconf 90' lang='lat' dir='ltr'>studio</span> <span class='ocrx_word' id='word_1_61' title='bbox 954 697 1151 737; x_wconf 90' lang='lat' dir='ltr'>alicuius</span> <span class='ocrx_word' id='word_1_62' title='bbox 1173 698 1447 750; x_wconf 89' lang='lat' dir='ltr'>iactantiae,</span> <span class='ocrx_word' id='word_1_63' title='bbox 1472 701 1554 741; x_wconf 93' lang='lat' dir='ltr'>sed</span> <span class='ocrx_word' id='word_1_64' title='bbox 1583 701 1753 752; x_wconf 87' lang='lat' dir='ltr'>glorifi-</span> 
     </span>
     <span class='ocr_line' id='line_1_9' title="bbox 104 765 1754 821; baseline 0.005 -17"><span class='ocrx_word' id='word_1_65' title='bbox 104 765 253 805; x_wconf 88' lang='lat' dir='ltr'>candi</span> <span class='ocrx_word' id='word_1_66' title='bbox 298 772 342 805; x_wconf 93' lang='lat' dir='ltr'>et</span> <span class='ocrx_word' id='word_1_67' title='bbox 387 765 731 817; x_wconf 87' lang='lat' dir='ltr'>quodammodo</span> <span class='ocrx_word' id='word_1_68' title='bbox 769 767 1070 819; x_wconf 86' lang='lat' dir='ltr'>gratificandi</span> <span class='ocrx_word' id='word_1_69' title='bbox 1110 773 1207 808; x_wconf 88' lang='lat' dir='ltr'>tam</span> <span class='ocrx_word' id='word_1_70' title='bbox 1248 769 1452 821; x_wconf 90' lang='lat' dir='ltr'>benigno</span> <span class='ocrx_word' id='word_1_71' title='bbox 1496 777 1540 811; x_wconf 90' lang='lat' dir='ltr'>et</span> <span class='ocrx_word' id='word_1_72' title='bbox 1574 772 1754 813; x_wconf 90' lang='lat' dir='ltr'>liberali</span> 
     </span>
     <span class='ocr_line' id='line_1_10' title="bbox 117 836 1755 891; baseline 0.004 -15"><span class='ocrx_word' id='word_1_73' title='bbox 117 836 340 886; x_wconf 89' lang='lat' dir='ltr'>Domino,</span> <span class='ocrx_word' id='word_1_74' title='bbox 383 837 461 888; x_wconf 85' lang='lat' dir='ltr'>qui</span> <span class='ocrx_word' id='word_1_75' title='bbox 498 848 584 877; x_wconf 93' lang='lat' dir='ltr'>nos</span> <span class='ocrx_word' id='word_1_76' title='bbox 624 838 764 878; x_wconf 87' lang='lat' dir='ltr'>tantis</span> <span class='ocrx_word' id='word_1_77' title='bbox 802 838 1031 879; x_wconf 90' lang='lat' dir='ltr'>bonorum</span> <span class='ocrx_word' id='word_1_78' title='bbox 1071 840 1268 880; x_wconf 89' lang='lat' dir='ltr'>cumulis</span> <span class='ocrx_word' id='word_1_79' title='bbox 1305 847 1490 891; x_wconf 86' lang='lat' dir='ltr'>onerat,</span> <span class='ocrx_word' id='word_1_80' title='bbox 1533 848 1584 882; x_wconf 92' lang='lat' dir='ltr'>ut</span> <span class='ocrx_word' id='word_1_81' title='bbox 1618 843 1755 883; x_wconf 90' lang='lat' dir='ltr'>simul</span> 
     </span>
     <span class='ocr_line' id='line_1_11' title="bbox 116 906 1752 958; baseline 0.004 -11"><span class='ocrx_word' id='word_1_82' title='bbox 116 907 170 947; x_wconf 88' lang='lat' dir='ltr'>R.</span> <span class='ocrx_word' id='word_1_83' title='bbox 206 906 265 947; x_wconf 83' lang='lat' dir='ltr'>V.</span> <span class='ocrx_word' id='word_1_84' title='bbox 303 907 557 947; x_wconf 88' lang='lat' dir='ltr'>maioribus</span> <span class='ocrx_word' id='word_1_85' title='bbox 584 908 769 958; x_wconf 85' lang='lat' dir='ltr'>gaudiis</span> <span class='ocrx_word' id='word_1_86' title='bbox 804 909 1058 950; x_wconf 88' lang='lat' dir='ltr'>delibutam</span> <span class='ocrx_word' id='word_1_87' title='bbox 1092 910 1304 951; x_wconf 78' lang='lat' dir='ltr'>reddant.</span> <span class='ocrx_word' id='word_1_88' title='bbox 1341 911 1455 952; x_wconf 88' lang='lat' dir='ltr'>Erat</span> <span class='ocrx_word' id='word_1_89' title='bbox 1491 913 1565 953; x_wconf 89' lang='lat' dir='ltr'>hic</span> <span class='ocrx_word' id='word_1_90' title='bbox 1596 915 1752 954; x_wconf 89' lang='lat' dir='ltr'>animo</span> 
     </span>
     <span class='ocr_line' id='line_1_12' title="bbox 115 979 1751 1033; baseline 0.005 -16"><span class='ocrx_word' id='word_1_91' title='bbox 115 983 241 1018; x_wconf 87' lang='lat' dir='ltr'>totus</span> <span class='ocrx_word' id='word_1_92' title='bbox 261 990 458 1018; x_wconf 87' lang='lat' dir='ltr'>aversus</span> <span class='ocrx_word' id='word_1_93' title='bbox 480 990 506 1018; x_wconf 90' lang='lat' dir='ltr'>a</span> <span class='ocrx_word' id='word_1_94' title='bbox 528 985 691 1019; x_wconf 89' lang='lat' dir='ltr'>nostra</span> <span class='ocrx_word' id='word_1_95' title='bbox 712 979 946 1020; x_wconf 83' lang='lat' dir='ltr'>Societate</span> <span class='ocrx_word' id='word_1_96' title='bbox 966 1011 973 1029; x_wconf 94' lang='lat'>,</span> <span class='ocrx_word' id='word_1_97' title='bbox 996 993 1055 1021; x_wconf 90' lang='lat' dir='ltr'>ne</span> <span class='ocrx_word' id='word_1_98' title='bbox 1076 981 1226 1022; x_wconf 89' lang='lat' dir='ltr'>dicam</span> <span class='ocrx_word' id='word_1_99' title='bbox 1259 983 1544 1033; x_wconf 75' lang='lat' dir='ltr'>contrariUS,</span> <span class='ocrx_word' id='word_1_100' title='bbox 1578 997 1683 1025; x_wconf 90' lang='lat' dir='ltr'>cum</span> <span class='ocrx_word' id='word_1_101' title='bbox 1709 986 1751 1025; x_wconf 90' lang='lat' dir='ltr'>ei</span> 
     </span>
     <span class='ocr_line' id='line_1_13' title="bbox 114 1049 1750 1107; baseline 0.004 -17"><span class='ocrx_word' id='word_1_102' title='bbox 114 1061 190 1090; x_wconf 88' lang='lat' dir='ltr'>me</span> <span class='ocrx_word' id='word_1_103' title='bbox 211 1049 413 1107; x_wconf 43' lang='lat' dir='ltr'>darem„</span> <span class='ocrx_word' id='word_1_104' title='bbox 431 1061 595 1090; x_wconf 86' lang='lat' dir='ltr'>verum</span> <span class='ocrx_word' id='word_1_105' title='bbox 618 1063 721 1091; x_wconf 90' lang='lat' dir='ltr'>meo</span> <span class='ocrx_word' id='word_1_106' title='bbox 753 1053 967 1103; x_wconf 78' lang='lat' dir='ltr'>exemplo</span> <span class='ocrx_word' id='word_1_107' title='bbox 990 1059 1271 1105; x_wconf 92' lang='lat' dir='ltr'>commotus,</span> <span class='ocrx_word' id='word_1_108' title='bbox 1295 1055 1448 1095; x_wconf 90' lang='lat' dir='ltr'>subito</span> <span class='ocrx_word' id='word_1_109' title='bbox 1476 1062 1599 1096; x_wconf 90' lang='lat' dir='ltr'>totus</span> <span class='ocrx_word' id='word_1_110' title='bbox 1630 1068 1750 1097; x_wconf 92' lang='lat' dir='ltr'>com-</span> 
     </span>
     <span class='ocr_line' id='line_1_14' title="bbox 117 1121 1750 1179; baseline 0.006 -20"><span class='ocrx_word' id='word_1_111' title='bbox 117 1126 344 1161; x_wconf 88' lang='lat' dir='ltr'>mutatus:</span> <span class='ocrx_word' id='word_1_112' title='bbox 382 1121 492 1172; x_wconf 88' lang='lat' dir='ltr'>quid</span> <span class='ocrx_word' id='word_1_113' title='bbox 527 1122 699 1162; x_wconf 84' lang='lat' dir='ltr'>multa?</span> <span class='ocrx_word' id='word_1_114' title='bbox 733 1128 859 1162; x_wconf 88' lang='lat' dir='ltr'>totus</span> <span class='ocrx_word' id='word_1_115' title='bbox 894 1123 1112 1175; x_wconf 85' lang='lat' dir='ltr'>deinceps</span> <span class='ocrx_word' id='word_1_116' title='bbox 1148 1125 1195 1164; x_wconf 91' lang='lat' dir='ltr'>in</span> <span class='ocrx_word' id='word_1_117' title='bbox 1229 1124 1443 1166; x_wconf 88' lang='lat' dir='ltr'>flammas</span> <span class='ocrx_word' id='word_1_118' title='bbox 1477 1138 1750 1179; x_wconf 84' lang='lat' dir='ltr'>conversus,</span> 
     </span>
     <span class='ocr_line' id='line_1_15' title="bbox 122 1191 1751 1245; baseline 0.006 -15"><span class='ocrx_word' id='word_1_119' title='bbox 122 1191 385 1231; x_wconf 77' lang='lat' dir='ltr'>insalutatis</span> <span class='ocrx_word' id='word_1_120' title='bbox 407 1193 643 1243; x_wconf 87' lang='lat' dir='ltr'>omnibus,</span> <span class='ocrx_word' id='word_1_121' title='bbox 667 1194 828 1234; x_wconf 89' lang='lat' dir='ltr'>insciis</span> <span class='ocrx_word' id='word_1_122' title='bbox 857 1195 1153 1245; x_wconf 82' lang='lat' dir='ltr'>parentibus,</span> <span class='ocrx_word' id='word_1_123' title='bbox 1180 1196 1479 1237; x_wconf 84' lang='lat' dir='ltr'>incomitatus</span> <span class='ocrx_word' id='word_1_124' title='bbox 1509 1204 1553 1238; x_wconf 92' lang='lat' dir='ltr'>et</span> <span class='ocrx_word' id='word_1_125' title='bbox 1583 1199 1629 1238; x_wconf 88' lang='lat' dir='ltr'>in</span> <span class='ocrx_word' id='word_1_126' title='bbox 1658 1211 1751 1239; x_wconf 84' lang='lat' dir='ltr'>ma-</span> 
     </span>
     <span class='ocr_line' id='line_1_16' title="bbox 113 1263 1751 1319; baseline 0.005 -18"><span class='ocrx_word' id='word_1_127' title='bbox 113 1274 208 1314; x_wconf 87' lang='lat' dir='ltr'>gna</span> <span class='ocrx_word' id='word_1_128' title='bbox 244 1263 365 1302; x_wconf 78' lang='lat' dir='ltr'>aeris</span> <span class='ocrx_word' id='word_1_129' title='bbox 400 1263 694 1315; x_wconf 87' lang='lat' dir='ltr'>intemperie,</span> <span class='ocrx_word' id='word_1_130' title='bbox 733 1265 902 1316; x_wconf 89' lang='lat' dir='ltr'>quippe</span> <span class='ocrx_word' id='word_1_131' title='bbox 932 1265 1182 1317; x_wconf 87' lang='lat' dir='ltr'>impatiens</span> <span class='ocrx_word' id='word_1_132' title='bbox 1208 1279 1391 1319; x_wconf 90' lang='lat' dir='ltr'>morae,</span> <span class='ocrx_word' id='word_1_133' title='bbox 1420 1268 1445 1307; x_wconf 91' lang='lat'><em>7</em></span> <span class='ocrx_word' id='word_1_134' title='bbox 1471 1269 1631 1309; x_wconf 89' lang='lat' dir='ltr'>iduum</span> <span class='ocrx_word' id='word_1_135' title='bbox 1664 1270 1751 1310; x_wconf 90' lang='lat' dir='ltr'>No-</span> 
     </span>
     <span class='ocr_line' id='line_1_17' title="bbox 115 1334 1750 1397; baseline 0.006 -25"><span class='ocrx_word' id='word_1_136' title='bbox 115 1345 235 1374; x_wconf 84' lang='lat' dir='ltr'>vem.</span> <span class='ocrx_word' id='word_1_137' title='bbox 273 1334 518 1374; x_wconf 90' lang='lat' dir='ltr'>incolumis</span> <span class='ocrx_word' id='word_1_138' title='bbox 553 1335 612 1374; x_wconf 90' lang='lat' dir='ltr'>ad</span> <span class='ocrx_word' id='word_1_139' title='bbox 646 1347 732 1375; x_wconf 91' lang='lat' dir='ltr'>nos</span> <span class='ocrx_word' id='word_1_140' title='bbox 760 1336 819 1376; x_wconf 87' lang='lat' dir='ltr'>ad</span> <span class='ocrx_word' id='word_1_141' title='bbox 855 1337 1077 1377; x_wconf 77' lang='lat' dir='ltr'>vexillum</span> <span class='ocrx_word' id='word_1_142' title='bbox 1113 1337 1287 1378; x_wconf 87' lang='lat' dir='ltr'>Christi</span> <span class='ocrx_word' id='word_1_143' title='bbox 1322 1339 1592 1397; x_wconf 72' lang='lat' dir='ltr'>advolavit,</span> <span class='ocrx_word' id='word_1_144' title='bbox 1620 1342 1750 1381; x_wconf 92' lang='lat' dir='ltr'>cuius</span> 
     </span>
     <span class='ocr_line' id='line_1_18' title="bbox 114 1405 1749 1452; baseline 0.005 -8"><span class='ocrx_word' id='word_1_145' title='bbox 114 1405 202 1444; x_wconf 91' lang='lat' dir='ltr'>iter</span> <span class='ocrx_word' id='word_1_146' title='bbox 222 1405 391 1444; x_wconf 90' lang='lat' dir='ltr'>mirum</span> <span class='ocrx_word' id='word_1_147' title='bbox 412 1405 458 1445; x_wconf 90' lang='lat' dir='ltr'>in</span> <span class='ocrx_word' id='word_1_148' title='bbox 480 1405 668 1445; x_wconf 90' lang='lat' dir='ltr'>modum</span> <span class='ocrx_word' id='word_1_149' title='bbox 696 1407 1083 1448; x_wconf 88' lang='lat' dir='ltr'>clementissimus</span> <span class='ocrx_word' id='word_1_150' title='bbox 1112 1409 1240 1449; x_wconf 78' lang='lat' dir='ltr'>Iesus</span> <span class='ocrx_word' id='word_1_151' title='bbox 1262 1409 1545 1451; x_wconf 77' lang='lat' dir='ltr'>fecundavit.</span> <span class='ocrx_word' id='word_1_152' title='bbox 1579 1411 1749 1452; x_wconf 85' lang='lat' dir='ltr'>Postri-</span> 
     </span>
     <span class='ocr_line' id='line_1_19' title="bbox 108 1475 1749 1530; baseline 0.006 -16"><span class='ocrx_word' id='word_1_153' title='bbox 108 1475 188 1516; x_wconf 85' lang='lat' dir='ltr'>die</span> <span class='ocrx_word' id='word_1_154' title='bbox 226 1476 324 1515; x_wconf 89' lang='lat' dir='ltr'>eius</span> <span class='ocrx_word' id='word_1_155' title='bbox 364 1476 455 1515; x_wconf 91' lang='lat' dir='ltr'>diei</span> <span class='ocrx_word' id='word_1_156' title='bbox 494 1477 718 1517; x_wconf 78' lang='lat' dir='ltr'>exercitia</span> <span class='ocrx_word' id='word_1_157' title='bbox 766 1479 1055 1529; x_wconf 75' lang='lat' dir='ltr'>aggreditur.</span> <span class='ocrx_word' id='word_1_158' title='bbox 1106 1480 1227 1530; x_wconf 84' lang='lat' dir='ltr'>Quid</span> <span class='ocrx_word' id='word_1_159' title='bbox 1271 1482 1428 1522; x_wconf 90' lang='lat' dir='ltr'>multis</span> <span class='ocrx_word' id='word_1_160' title='bbox 1473 1484 1661 1523; x_wconf 84' lang='lat' dir='ltr'>moror?</span> <span class='ocrx_word' id='word_1_161' title='bbox 1700 1484 1749 1524; x_wconf 89' lang='lat' dir='ltr'>In</span> 
     </span>
     <span class='ocr_line' id='line_1_20' title="bbox 111 1547 1747 1603; baseline 0.006 -18"><span class='ocrx_word' id='word_1_162' title='bbox 111 1547 264 1598; x_wconf 88' lang='lat' dir='ltr'>prima</span> <span class='ocrx_word' id='word_1_163' title='bbox 301 1547 534 1587; x_wconf 87' lang='lat' dir='ltr'>dominica</span> <span class='ocrx_word' id='word_1_164' title='bbox 578 1548 823 1588; x_wconf 84' lang='lat' dir='ltr'>Adventus</span> <span class='ocrx_word' id='word_1_165' title='bbox 857 1549 1047 1590; x_wconf 87' lang='lat' dir='ltr'>Domini</span> <span class='ocrx_word' id='word_1_166' title='bbox 1081 1563 1193 1591; x_wconf 81' lang='lat' dir='ltr'>vere</span> <span class='ocrx_word' id='word_1_167' title='bbox 1232 1552 1462 1603; x_wconf 87' lang='lat' dir='ltr'>benignus</span> <span class='ocrx_word' id='word_1_168' title='bbox 1501 1553 1629 1594; x_wconf 89' lang='lat' dir='ltr'>Iesus</span> <span class='ocrx_word' id='word_1_169' title='bbox 1662 1554 1747 1595; x_wconf 83' lang='lat' dir='ltr'>fre-</span> 
     </span>
     <span class='ocr_line' id='line_1_21' title="bbox 108 1618 1749 1673; baseline 0.006 -17"><span class='ocrx_word' id='word_1_170' title='bbox 108 1618 357 1669; x_wconf 81' lang='lat' dir='ltr'>quentavit</span> <span class='ocrx_word' id='word_1_171' title='bbox 378 1629 503 1667; x_wconf 84' lang='lat' dir='ltr'>eum,</span> <span class='ocrx_word' id='word_1_172' title='bbox 527 1619 757 1670; x_wconf 87' lang='lat' dir='ltr'>siquidem</span> <span class='ocrx_word' id='word_1_173' title='bbox 787 1626 969 1661; x_wconf 90' lang='lat' dir='ltr'>tantum</span> <span class='ocrx_word' id='word_1_174' title='bbox 1000 1622 1155 1662; x_wconf 93' lang='lat' dir='ltr'>lumen</span> <span class='ocrx_word' id='word_1_175' title='bbox 1188 1623 1370 1673; x_wconf 89' lang='lat' dir='ltr'>gratiae</span> <span class='ocrx_word' id='word_1_176' title='bbox 1401 1624 1528 1664; x_wconf 88' lang='lat' dir='ltr'>illum</span> <span class='ocrx_word' id='word_1_177' title='bbox 1556 1625 1749 1667; x_wconf 88' lang='lat' dir='ltr'>circum-</span> 
     </span>
     <span class='ocr_line' id='line_1_22' title="bbox 110 1689 1747 1741; baseline 0.006 -14"><span class='ocrx_word' id='word_1_178' title='bbox 110 1689 260 1739; x_wconf 82' lang='lat' dir='ltr'>fulsit,</span> <span class='ocrx_word' id='word_1_179' title='bbox 302 1694 351 1728; x_wconf 90' lang='lat' dir='ltr'>ut</span> <span class='ocrx_word' id='word_1_180' title='bbox 389 1690 524 1740; x_wconf 89' lang='lat' dir='ltr'>quasi</span> <span class='ocrx_word' id='word_1_181' title='bbox 563 1691 736 1741; x_wconf 90' lang='lat' dir='ltr'>apertis</span> <span class='ocrx_word' id='word_1_182' title='bbox 771 1692 918 1732; x_wconf 88' lang='lat' dir='ltr'>oculis</span> <span class='ocrx_word' id='word_1_183' title='bbox 958 1693 1218 1734; x_wconf 85' lang='lat' dir='ltr'>clarissime</span> <span class='ocrx_word' id='word_1_184' title='bbox 1258 1701 1470 1735; x_wconf 84' lang='lat' dir='ltr'>cerneret</span> <span class='ocrx_word' id='word_1_185' title='bbox 1510 1697 1747 1737; x_wconf 89' lang='lat' dir='ltr'>miseriam</span> 
     </span>
     <span class='ocr_line' id='line_1_23' title="bbox 110 1759 1744 1820; baseline 0.007 -22"><span class='ocrx_word' id='word_1_186' title='bbox 110 1771 266 1810; x_wconf 90' lang='lat' dir='ltr'>suam,</span> <span class='ocrx_word' id='word_1_187' title='bbox 296 1759 343 1799; x_wconf 92' lang='lat' dir='ltr'>in</span> <span class='ocrx_word' id='word_1_188' title='bbox 370 1771 461 1810; x_wconf 90' lang='lat' dir='ltr'>qua</span> <span class='ocrx_word' id='word_1_189' title='bbox 488 1762 789 1812; x_wconf 89' lang='lat' dir='ltr'>consepultus</span> <span class='ocrx_word' id='word_1_190' title='bbox 824 1763 1058 1804; x_wconf 89' lang='lat' dir='ltr'>iacuisset.</span> <span class='ocrx_word' id='word_1_191' title='bbox 1097 1764 1153 1804; x_wconf 87' lang='lat' dir='ltr'>Et</span> <span class='ocrx_word' id='word_1_192' title='bbox 1180 1772 1322 1806; x_wconf 80' lang='lat' dir='ltr'>exuto</span> <span class='ocrx_word' id='word_1_193' title='bbox 1357 1767 1507 1807; x_wconf 86' lang='lat' dir='ltr'>veteri</span> <span class='ocrx_word' id='word_1_194' title='bbox 1540 1767 1744 1820; x_wconf 91' lang='lat' dir='ltr'>homine,</span> 
     </span>
     <span class='ocr_line' id='line_1_24' title="bbox 111 1830 1743 1880; baseline 0.007 -11"><span class='ocrx_word' id='word_1_195' title='bbox 111 1831 262 1871; x_wconf 91' lang='lat' dir='ltr'>Iesum</span> <span class='ocrx_word' id='word_1_196' title='bbox 279 1830 517 1871; x_wconf 89' lang='lat' dir='ltr'>Christum</span> <span class='ocrx_word' id='word_1_197' title='bbox 538 1832 687 1872; x_wconf 89' lang='lat' dir='ltr'>induit</span> <span class='ocrx_word' id='word_1_198' title='bbox 707 1832 930 1874; x_wconf 89' lang='lat' dir='ltr'>dedicans</span> <span class='ocrx_word' id='word_1_199' title='bbox 952 1846 1001 1875; x_wconf 91' lang='lat' dir='ltr'>se</span> <span class='ocrx_word' id='word_1_200' title='bbox 1022 1842 1170 1876; x_wconf 88' lang='lat' dir='ltr'>totum</span> <span class='ocrx_word' id='word_1_201' title='bbox 1191 1836 1232 1876; x_wconf 92' lang='lat' dir='ltr'>ei</span> <span class='ocrx_word' id='word_1_202' title='bbox 1252 1836 1299 1877; x_wconf 91' lang='lat' dir='ltr'>in</span> <span class='ocrx_word' id='word_1_203' title='bbox 1315 1844 1478 1878; x_wconf 88' lang='lat' dir='ltr'>nostra</span> <span class='ocrx_word' id='word_1_204' title='bbox 1495 1837 1743 1880; x_wconf 85' lang='lat' dir='ltr'>Societate.</span> 
     </span>
     <span class='ocr_line' id='line_1_25' title="bbox 109 1900 1744 1963; baseline 0.006 -23"><span class='ocrx_word' id='word_1_205' title='bbox 109 1900 150 1941; x_wconf 81' lang='lat' dir='ltr'>-O</span> <span class='ocrx_word' id='word_1_206' title='bbox 196 1901 474 1953; x_wconf 88' lang='lat' dir='ltr'>stupendam</span> <span class='ocrx_word' id='word_1_207' title='bbox 538 1905 982 1956; x_wconf 80' lang='lat' dir='ltr'>metamorphosim!</span> <span class='ocrx_word' id='word_1_208' title='bbox 1038 1906 1076 1947; x_wconf 88' lang='lat' dir='ltr'>O</span> <span class='ocrx_word' id='word_1_209' title='bbox 1124 1907 1454 1950; x_wconf 82' lang='lat' dir='ltr'>inexhaustam</span> <span class='ocrx_word' id='word_1_210' title='bbox 1501 1909 1590 1951; x_wconf 91' lang='lat' dir='ltr'>Dei</span> <span class='ocrx_word' id='word_1_211' title='bbox 1639 1910 1744 1963; x_wconf 89' lang='lat' dir='ltr'>Opt.</span> 
     </span>
     <span class='ocr_line' id='line_1_26' title="bbox 106 1971 1743 2029; baseline 0.007 -17"><span class='ocrx_word' id='word_1_212' title='bbox 106 1971 235 2012; x_wconf 86' lang='lat' dir='ltr'>Max.</span> <span class='ocrx_word' id='word_1_213' title='bbox 259 1971 536 2013; x_wconf 83' lang='lat' dir='ltr'>bonitatem!</span> <span class='ocrx_word' id='word_1_214' title='bbox 568 1973 711 2014; x_wconf 91' lang='lat' dir='ltr'>Venit</span> <span class='ocrx_word' id='word_1_215' title='bbox 741 1975 799 2014; x_wconf 90' lang='lat' dir='ltr'>ad</span> <span class='ocrx_word' id='word_1_216' title='bbox 826 1988 919 2027; x_wconf 90' lang='lat' dir='ltr'>me,</span> <span class='ocrx_word' id='word_1_217' title='bbox 943 1989 968 2016; x_wconf 95' lang='lat' dir='ltr'>o</span> <span class='ocrx_word' id='word_1_218' title='bbox 994 1977 1041 2017; x_wconf 91' lang='lat' dir='ltr'>in</span> <span class='ocrx_word' id='word_1_219' title='bbox 1068 1985 1243 2029; x_wconf 90' lang='lat' dir='ltr'>quanta</span> <span class='ocrx_word' id='word_1_220' title='bbox 1275 1980 1555 2021; x_wconf 83' lang='lat' dir='ltr'>humilitate!</span> <span class='ocrx_word' id='word_1_221' title='bbox 1584 1982 1743 2023; x_wconf 91' lang='lat' dir='ltr'>Iucun—</span> 
     </span>
     <span class='ocr_line' id='line_1_27' title="bbox 110 2042 1744 2106; baseline 0.008 -24"><span class='ocrx_word' id='word_1_222' title='bbox 110 2042 220 2083; x_wconf 89' lang='lat' dir='ltr'>dum</span> <span class='ocrx_word' id='word_1_223' title='bbox 240 2054 353 2083; x_wconf 88' lang='lat' dir='ltr'>sane</span> <span class='ocrx_word' id='word_1_224' title='bbox 375 2046 698 2095; x_wconf 86' lang='lat' dir='ltr'>spectaculum</span> <span class='ocrx_word' id='word_1_225' title='bbox 718 2046 819 2086; x_wconf 92' lang='lat' dir='ltr'>Deo</span> <span class='ocrx_word' id='word_1_226' title='bbox 842 2054 886 2087; x_wconf 90' lang='lat' dir='ltr'>et</span> <span class='ocrx_word' id='word_1_227' title='bbox 906 2048 988 2088; x_wconf 91' lang='lat' dir='ltr'>toti</span> <span class='ocrx_word' id='word_1_228' title='bbox 1012 2049 1307 2090; x_wconf 86' lang='lat' dir='ltr'>hierarchiae</span> <span class='ocrx_word' id='word_1_229' title='bbox 1329 2053 1540 2092; x_wconf 80' lang='lat' dir='ltr'>coelesti!</span> <span class='ocrx_word' id='word_1_230' title='bbox 1573 2065 1744 2106; x_wconf 77' lang='lat' dir='ltr'>expan-</span> 
     </span>
     <span class='ocr_line' id='line_1_28' title="bbox 111 2114 1741 2174; baseline 0.008 -21"><span class='ocrx_word' id='word_1_231' title='bbox 111 2114 175 2154; x_wconf 93' lang='lat' dir='ltr'>sis</span> <span class='ocrx_word' id='word_1_232' title='bbox 194 2114 419 2166; x_wconf 81' lang='lat' dir='ltr'>brachiiS,</span> <span class='ocrx_word' id='word_1_233' title='bbox 445 2127 470 2155; x_wconf 94' lang='lat' dir='ltr'>o</span> <span class='ocrx_word' id='word_1_234' title='bbox 492 2116 673 2167; x_wconf 90' lang='lat' dir='ltr'>quoties</span> <span class='ocrx_word' id='word_1_235' title='bbox 694 2129 766 2158; x_wconf 90' lang='lat' dir='ltr'>me</span> <span class='ocrx_word' id='word_1_236' title='bbox 788 2120 1100 2171; x_wconf 85' lang='lat' dir='ltr'>amplectitur,</span> <span class='ocrx_word' id='word_1_237' title='bbox 1135 2133 1161 2161; x_wconf 94' lang='lat' dir='ltr'>o</span> <span class='ocrx_word' id='word_1_238' title='bbox 1194 2130 1368 2174; x_wconf 90' lang='lat' dir='ltr'>quanto</span> <span class='ocrx_word' id='word_1_239' title='bbox 1395 2123 1580 2165; x_wconf 86' lang='lat' dir='ltr'>fervore</span> <span class='ocrx_word' id='word_1_240' title='bbox 1608 2126 1741 2166; x_wconf 87' lang='lat' dir='ltr'>strin-</span> 
     </span>
     <span class='ocr_line' id='line_1_29' title="bbox 108 2185 1743 2247; baseline 0.007 -23"><span class='ocrx_word' id='word_1_241' title='bbox 108 2185 250 2236; x_wconf 81' lang='lat' dir='ltr'>gebat</span> <span class='ocrx_word' id='word_1_242' title='bbox 287 2192 450 2237; x_wconf 88' lang='lat' dir='ltr'>pectus</span> <span class='ocrx_word' id='word_1_243' title='bbox 491 2199 667 2239; x_wconf 90' lang='lat' dir='ltr'>meum,</span> <span class='ocrx_word' id='word_1_244' title='bbox 710 2201 736 2228; x_wconf 93' lang='lat' dir='ltr'>o</span> <span class='ocrx_word' id='word_1_245' title='bbox 777 2196 950 2241; x_wconf 86' lang='lat' dir='ltr'>quanta</span> <span class='ocrx_word' id='word_1_246' title='bbox 990 2191 1215 2233; x_wconf 72' lang='lat' dir='ltr'>aviditate</span> <span class='ocrx_word' id='word_1_247' title='bbox 1251 2200 1414 2234; x_wconf 89' lang='lat' dir='ltr'>sancta</span> <span class='ocrx_word' id='word_1_248' title='bbox 1448 2195 1743 2247; x_wconf 90' lang='lat' dir='ltr'>imprimebat</span> 
     </span>
     <span class='ocr_line' id='line_1_30' title="bbox 107 2257 1739 2318; baseline 0.008 -23"><span class='ocrx_word' id='word_1_249' title='bbox 107 2257 272 2297; x_wconf 90' lang='lat' dir='ltr'>oscula</span> <span class='ocrx_word' id='word_1_250' title='bbox 293 2257 496 2308; x_wconf 83' lang='lat' dir='ltr'>indignis</span> <span class='ocrx_word' id='word_1_251' title='bbox 523 2259 727 2300; x_wconf 82' lang='lat' dir='ltr'>maxillis</span> <span class='ocrx_word' id='word_1_252' title='bbox 761 2262 898 2310; x_wconf 89' lang='lat' dir='ltr'>meis,</span> <span class='ocrx_word' id='word_1_253' title='bbox 932 2262 1045 2302; x_wconf 91' lang='lat' dir='ltr'>illud</span> <span class='ocrx_word' id='word_1_254' title='bbox 1081 2264 1268 2315; x_wconf 88' lang='lat' dir='ltr'>saepius</span> <span class='ocrx_word' id='word_1_255' title='bbox 1303 2267 1660 2316; x_wconf 81' lang='lat' dir='ltr'>congeminans:</span> <span class='ocrx_word' id='word_1_256' title='bbox 1698 2280 1739 2318; x_wconf 92' lang='lat' dir='ltr'>o,</span> 
     </span>
     <span class='ocr_line' id='line_1_31' title="bbox 111 2326 1742 2389; baseline 0.007 -23"><span class='ocrx_word' id='word_1_257' title='bbox 111 2327 173 2367; x_wconf 92' lang='lat' dir='ltr'>mi</span> <span class='ocrx_word' id='word_1_258' title='bbox 207 2326 440 2379; x_wconf 87' lang='lat' dir='ltr'>Gerarde,</span> <span class='ocrx_word' id='word_1_259' title='bbox 470 2329 581 2380; x_wconf 90' lang='lat' dir='ltr'>quid</span> <span class='ocrx_word' id='word_1_260' title='bbox 611 2330 813 2372; x_wconf 84' lang='lat' dir='ltr'>referam</span> <span class='ocrx_word' id='word_1_261' title='bbox 839 2333 921 2372; x_wconf 90' lang='lat' dir='ltr'>tibi</span> <span class='ocrx_word' id='word_1_262' title='bbox 948 2345 1034 2384; x_wconf 91' lang='lat' dir='ltr'>pro</span> <span class='ocrx_word' id='word_1_263' title='bbox 1060 2335 1204 2374; x_wconf 87' lang='lat' dir='ltr'>tantis</span> <span class='ocrx_word' id='word_1_264' title='bbox 1229 2335 1486 2387; x_wconf 88' lang='lat' dir='ltr'>beneficiis,</span> <span class='ocrx_word' id='word_1_265' title='bbox 1524 2338 1601 2389; x_wconf 90' lang='lat' dir='ltr'>qui</span> <span class='ocrx_word' id='word_1_266' title='bbox 1631 2339 1742 2378; x_wconf 86' lang='lat' dir='ltr'>mihi</span> 
     </span>
     <span class='ocr_line' id='line_1_32' title="bbox 111 2398 1738 2461; baseline 0.008 -24"><span class='ocrx_word' id='word_1_267' title='bbox 111 2399 298 2438; x_wconf 88' lang='lat' dir='ltr'>occasio</span> <span class='ocrx_word' id='word_1_268' title='bbox 328 2398 455 2439; x_wconf 86' lang='lat' dir='ltr'>fuisti</span> <span class='ocrx_word' id='word_1_269' title='bbox 488 2402 792 2451; x_wconf 81' lang='lat' dir='ltr'>perveniendi</span> <span class='ocrx_word' id='word_1_270' title='bbox 827 2405 885 2443; x_wconf 89' lang='lat' dir='ltr'>ad</span> <span class='ocrx_word' id='word_1_271' title='bbox 920 2404 1043 2444; x_wconf 89' lang='lat' dir='ltr'>hanc</span> <span class='ocrx_word' id='word_1_272' title='bbox 1077 2412 1290 2446; x_wconf 90' lang='lat' dir='ltr'>sanctam</span> <span class='ocrx_word' id='word_1_273' title='bbox 1326 2406 1628 2460; x_wconf 74' lang='lat' dir='ltr'>Societatem,</span> <span class='ocrx_word' id='word_1_274' title='bbox 1664 2410 1738 2461; x_wconf 91' lang='lat' dir='ltr'>oh,</span> 
     </span>
     <span class='ocr_line' id='line_1_33' title="bbox 110 2469 1740 2527; baseline 0.008 -19"><span class='ocrx_word' id='word_1_275' title='bbox 110 2469 190 2520; x_wconf 89' lang='lat' dir='ltr'>oh,</span> <span class='ocrx_word' id='word_1_276' title='bbox 213 2481 338 2509; x_wconf 91' lang='lat' dir='ltr'>nunc</span> <span class='ocrx_word' id='word_1_277' title='bbox 369 2470 554 2510; x_wconf 91' lang='lat' dir='ltr'>demum</span> <span class='ocrx_word' id='word_1_278' title='bbox 584 2472 765 2513; x_wconf 90' lang='lat' dir='ltr'>intueor</span> <span class='ocrx_word' id='word_1_279' title='bbox 793 2475 1046 2526; x_wconf 84' lang='lat' dir='ltr'>miseriam;</span> <span class='ocrx_word' id='word_1_280' title='bbox 1081 2475 1228 2518; x_wconf 88' lang='lat' dir='ltr'>donec</span> <span class='ocrx_word' id='word_1_281' title='bbox 1250 2478 1296 2518; x_wconf 92' lang='lat' dir='ltr'>in</span> <span class='ocrx_word' id='word_1_282' title='bbox 1317 2479 1579 2527; x_wconf 79' lang='lat' dir='ltr'>gratiarum</span> <span class='ocrx_word' id='word_1_283' title='bbox 1601 2481 1740 2521; x_wconf 92' lang='lat' dir='ltr'>actio-</span> 
     </span>
     <span class='ocr_line' id='line_1_34' title="bbox 110 2541 1739 2596; baseline 0.008 -17"><span class='ocrx_word' id='word_1_284' title='bbox 110 2551 216 2580; x_wconf 89' lang='lat' dir='ltr'>nem</span> <span class='ocrx_word' id='word_1_285' title='bbox 243 2541 478 2592; x_wconf 90' lang='lat' dir='ltr'>erupimus</span> <span class='ocrx_word' id='word_1_286' title='bbox 505 2543 642 2583; x_wconf 91' lang='lat' dir='ltr'>simul</span> <span class='ocrx_word' id='word_1_287' title='bbox 675 2545 850 2596; x_wconf 92' lang='lat' dir='ltr'>optimo</span> <span class='ocrx_word' id='word_1_288' title='bbox 878 2546 980 2586; x_wconf 86' lang='lat' dir='ltr'>Iesu</span> <span class='ocrx_word' id='word_1_289' title='bbox 1024 2547 1062 2587; x_wconf 82' lang='grc' dir='ltr'><em>Τ</em></span> <span class='ocrx_word' id='word_1_290' title='bbox 1060 2560 1083 2587; x_wconf 81' lang='lat' dir='ltr'>e</span> <span class='ocrx_word' id='word_1_291' title='bbox 1108 2548 1262 2588; x_wconf 74' lang='lat' dir='ltr'>Deum</span> <span class='ocrx_word' id='word_1_292' title='bbox 1289 2549 1546 2590; x_wconf 74' lang='lat' dir='ltr'>laudamus</span> <span class='ocrx_word' id='word_1_293' title='bbox 1574 2563 1739 2592; x_wconf 90' lang='lat' dir='ltr'>canen-</span> 
     </span>
     <span class='ocr_line' id='line_1_35' title="bbox 108 2611 1742 2674; baseline 0.009 -25"><span class='ocrx_word' id='word_1_294' title='bbox 108 2617 192 2651; x_wconf 87' lang='lat' dir='ltr'>tes.</span> <span class='ocrx_word' id='word_1_295' title='bbox 228 2611 325 2651; x_wconf 90' lang='lat' dir='ltr'>Iam</span> <span class='ocrx_word' id='word_1_296' title='bbox 352 2624 466 2652; x_wconf 89' lang='lat' dir='ltr'>vero</span> <span class='ocrx_word' id='word_1_297' title='bbox 494 2613 542 2653; x_wconf 92' lang='lat' dir='ltr'>in</span> <span class='ocrx_word' id='word_1_298' title='bbox 564 2614 778 2666; x_wconf 89' lang='lat' dir='ltr'>incoepto</span> <span class='ocrx_word' id='word_1_299' title='bbox 800 2618 1040 2668; x_wconf 88' lang='lat' dir='ltr'>proposito</span> <span class='ocrx_word' id='word_1_300' title='bbox 1070 2625 1257 2660; x_wconf 89' lang='lat' dir='ltr'>strenue</span> <span class='ocrx_word' id='word_1_301' title='bbox 1279 2621 1452 2672; x_wconf 88' lang='lat' dir='ltr'>pergit,</span> <span class='ocrx_word' id='word_1_302' title='bbox 1477 2622 1591 2662; x_wconf 90' lang='lat' dir='ltr'>nihil</span> <span class='ocrx_word' id='word_1_303' title='bbox 1611 2624 1742 2674; x_wconf 88' lang='lat' dir='ltr'>prius</span> 
     </span>
     <span class='ocr_line' id='line_1_36' title="bbox 108 2681 1740 2744; baseline 0.009 -24"><span class='ocrx_word' id='word_1_304' title='bbox 108 2681 286 2721; x_wconf 89' lang='lat' dir='ltr'>habens</span> <span class='ocrx_word' id='word_1_305' title='bbox 317 2694 456 2734; x_wconf 90' lang='lat' dir='ltr'>quam</span> <span class='ocrx_word' id='word_1_306' title='bbox 484 2684 530 2723; x_wconf 91' lang='lat' dir='ltr'>in</span> <span class='ocrx_word' id='word_1_307' title='bbox 558 2685 771 2726; x_wconf 89' lang='lat' dir='ltr'>omnibus</span> <span class='ocrx_word' id='word_1_308' title='bbox 801 2699 903 2727; x_wconf 92' lang='lat' dir='ltr'>sese</span> <span class='ocrx_word' id='word_1_309' title='bbox 930 2689 1222 2740; x_wconf 83' lang='lat' dir='ltr'>submittere,</span> <span class='ocrx_word' id='word_1_310' title='bbox 1259 2692 1466 2744; x_wconf 86' lang='lat' dir='ltr'>nihilque</span> <span class='ocrx_word' id='word_1_311' title='bbox 1501 2694 1740 2736; x_wconf 84' lang='lat' dir='ltr'>ardentius</span> 
     </span>
     <span class='ocr_line' id='line_1_37' title="bbox 105 2751 1741 2806; baseline 0.009 -15"><span class='ocrx_word' id='word_1_312' title='bbox 105 2751 377 2794; x_wconf 87' lang='lat' dir='ltr'>desiderans</span> <span class='ocrx_word' id='word_1_313' title='bbox 419 2766 559 2805; x_wconf 91' lang='lat' dir='ltr'>quam</span> <span class='ocrx_word' id='word_1_314' title='bbox 592 2755 785 2797; x_wconf 90' lang='lat' dir='ltr'>humilia</span> <span class='ocrx_word' id='word_1_315' title='bbox 820 2757 973 2799; x_wconf 85' lang='lat' dir='ltr'>officia</span> <span class='ocrx_word' id='word_1_316' title='bbox 1016 2760 1196 2801; x_wconf 91' lang='lat' dir='ltr'>culinae</span> <span class='ocrx_word' id='word_1_317' title='bbox 1238 2773 1472 2803; x_wconf 84' lang='lat' dir='ltr'>exercere.</span> <span class='ocrx_word' id='word_1_318' title='bbox 1515 2763 1741 2806; x_wconf 89' lang='lat' dir='ltr'>Parentes</span> 
     </span>
     <span class='ocr_line' id='line_1_38' title="bbox 106 2825 1740 2878; baseline 0.01 -17"><span class='ocrx_word' id='word_1_319' title='bbox 106 2834 213 2863; x_wconf 86' lang='lat' dir='ltr'>eum</span> <span class='ocrx_word' id='word_1_320' title='bbox 233 2835 317 2875; x_wconf 89' lang='lat' dir='ltr'>per</span> <span class='ocrx_word' id='word_1_321' title='bbox 337 2825 525 2865; x_wconf 90' lang='lat' dir='ltr'>nuntios</span> <span class='ocrx_word' id='word_1_322' title='bbox 546 2832 590 2866; x_wconf 92' lang='lat' dir='ltr'>et</span> <span class='ocrx_word' id='word_1_323' title='bbox 611 2826 793 2868; x_wconf 89' lang='lat' dir='ltr'>blandis</span> <span class='ocrx_word' id='word_1_324' title='bbox 814 2829 995 2870; x_wconf 91' lang='lat' dir='ltr'>technis</span> <span class='ocrx_word' id='word_1_325' title='bbox 1024 2842 1129 2871; x_wconf 86' lang='lat' dir='ltr'>eum</span> <span class='ocrx_word' id='word_1_326' title='bbox 1157 2833 1400 2874; x_wconf 89' lang='lat' dir='ltr'>retrahere</span> <span class='ocrx_word' id='word_1_327' title='bbox 1428 2847 1483 2875; x_wconf 90' lang='lat' dir='ltr'>ac</span> <span class='ocrx_word' id='word_1_328' title='bbox 1513 2848 1740 2878; x_wconf 86' lang='lat' dir='ltr'>revocare</span> 
     </span>
     <span class='ocr_line' id='line_1_39' title="bbox 106 2894 1738 2958; baseline 0.01 -26"><span class='ocrx_word' id='word_1_329' title='bbox 106 2894 264 2934; x_wconf 91' lang='lat' dir='ltr'>conati</span> <span class='ocrx_word' id='word_1_330' title='bbox 285 2902 404 2935; x_wconf 90' lang='lat' dir='ltr'>sunt.</span> <span class='ocrx_word' id='word_1_331' title='bbox 429 2896 606 2937; x_wconf 85' lang='lat' dir='ltr'>Verum</span> <span class='ocrx_word' id='word_1_332' title='bbox 628 2898 856 2940; x_wconf 89' lang='lat' dir='ltr'>obturatis</span> <span class='ocrx_word' id='word_1_333' title='bbox 886 2902 1077 2942; x_wconf 92' lang='lat' dir='ltr'>auribus</span> <span class='ocrx_word' id='word_1_334' title='bbox 1105 2903 1220 2943; x_wconf 89' lang='lat' dir='ltr'>istas</span> <span class='ocrx_word' id='word_1_335' title='bbox 1246 2916 1445 2956; x_wconf 88' lang='lat' dir='ltr'>syrenas</span> <span class='ocrx_word' id='word_1_336' title='bbox 1471 2915 1738 2958; x_wconf 87' lang='lat' dir='ltr'>praeterna-</span> 
     </span>
    </p>
   </div>
   <div class='ocr_carea' id='block_1_3' title="bbox 108 2963 1500 3098">
    <p class='ocr_par' dir='ltr' id='par_1_3' title="bbox 108 2963 1500 3098">
     <span class='ocr_line' id='line_1_40' title="bbox 108 2963 1468 3023; baseline 0.011 -21"><span class='ocrx_word' id='word_1_337' title='bbox 108 2963 310 3015; x_wconf 84' lang='lat' dir='ltr'>vigavit,</span> <span class='ocrx_word' id='word_1_338' title='bbox 335 2965 550 3018; x_wconf 90' lang='lat' dir='ltr'>illicoque</span> <span class='ocrx_word' id='word_1_339' title='bbox 571 2969 774 3009; x_wconf 85' lang='lat' dir='ltr'>suboluit</span> <span class='ocrx_word' id='word_1_340' title='bbox 795 2969 926 3011; x_wconf 92' lang='lat' dir='ltr'>dolos</span> <span class='ocrx_word' id='word_1_341' title='bbox 948 2975 1248 3023; x_wconf 88' lang='lat' dir='ltr'>quantumvis</span> <span class='ocrx_word' id='word_1_342' title='bbox 1268 2975 1468 3016; x_wconf 84' lang='lat' dir='ltr'>fucatos.</span> 
     </span>
     <span class='ocr_line' id='line_1_41' title="bbox 298 3041 1500 3098; baseline 0.019 -23"><span class='ocrx_word' id='word_1_343' title='bbox 298 3041 348 3076; x_wconf 88' lang='lat' dir='ltr'>T.</span> <span class='ocrx_word' id='word_1_344' title='bbox 379 3053 421 3077; x_wconf 87' lang='lat'>11.</span> <span class='ocrx_word' id='word_1_345' title='bbox 1484 3062 1500 3098; x_wconf 88' lang='grc'>5</span> 
     </span>
    </p>
   </div>
  </div>
 </body>
</html>
