2168 3437
865 254 945 290 AN.
977 254 1069 291 1554
1706 254 1778 292 607

141 355 318 389 sterum
349 349 564 389 statuerit
597 358 641 389 et
678 349 882 400 coeperit
909 349 1095 390 Christo
1125 351 1302 391 vivere.
1335 351 1533 391 Accedit
1565 358 1608 391 ct
1637 352 1775 403 virgo

139 420 392 471 quaedam,
417 431 556 471 quam
578 431 684 459 cum
704 420 843 459 homo
869 421 1227 462 scelestissimus
1255 423 1313 462 ab
1344 423 1465 462 illius
1495 429 1650 473 patre,
1683 434 1773 474 quo

139 490 328 542 conjugi
349 503 461 531 suae
482 490 745 540 inserviret,
770 490 1086 543 impetrasset,
1110 493 1438 533 scelestissime
1460 494 1680 545 violavit;
1715 507 1776 534 ex

139 572 229 612 quo
262 572 367 602 cum
396 561 539 601 filium
567 560 878 611 concepisset,
908 569 958 602 ut
984 569 1171 614 partum
1199 565 1393 613 celaret,
1425 572 1593 615 parata
1622 565 1776 605 fuerat

139 632 365 673 infantem
386 645 641 686 exponere,
664 637 712 676 ni
732 637 938 689 ejusdem
958 646 1165 675 noverea
1192 641 1321 675 tanto
1353 636 1516 676 sceleri
1547 636 1774 677 occurris-

138 710 208 743 set
228 716 425 756 eumque
447 706 598 756 ipsum
620 707 666 747 in
688 708 839 747 lucem
859 713 1099 758 receptum
1118 706 1177 746 ad
1199 707 1542 747 xenodochium
1566 707 1772 747 deferen-

138 775 248 815 dum
268 782 493 816 curasset.
515 776 578 816 At
598 777 686 817 hoc
709 778 904 818 subinde
925 779 1083 817 levata
1103 789 1259 827 onere,
1284 777 1513 828 flagitium
1534 784 1774 829 perpetra-

137 853 235 886 tum
257 846 474 898 quodque
492 847 719 888 habuerat
742 849 789 888 in
807 848 977 896 animo,
998 848 1184 888 assidue
1203 849 1489 899 multumque
1507 849 1771 900 deplorans,

137 928 250 957 suae
272 917 456 957 animae
478 919 675 958 salutem
696 919 820 970 apud
840 931 925 959 nos
948 918 1211 958 confitendo
1235 919 1487 970 quaesivit,
1513 931 1658 970 eoque
1680 919 1775 971 pie-

138 987 247 1027 tatis
267 988 599 1040 religionisque
617 989 817 1039 devenit,
838 995 885 1029 ut
907 988 1087 1039 deinde,
1108 1001 1251 1040 opera
1269 989 1474 1038 Patrum,
1495 990 1774 1030 coenobium

139 1057 488 1098 Conversarum
536 1059 751 1110 ingressa
796 1060 943 1100 vitam
987 1059 1260 1111 profiteatur
1305 1060 1589 1110 religiosam.
1639 1061 1776 1101 Duae

138 1129 298 1169 itidem
319 1130 458 1179 aliae,
487 1131 629 1170 variis
657 1131 911 1171 sceleribus
937 1131 1162 1182 pollutae,
1198 1142 1303 1170 cum
1330 1142 1516 1171 sacram
1544 1132 1668 1183 apud
1696 1144 1775 1172 no-

99 1240 103 1245 ,
140 1207 262 1241 stros
285 1201 625 1241 confessionem
653 1201 981 1253 degustassent
1008 1202 1423 1253 venerandumque
1451 1214 1633 1253 semper
1663 1204 1775 1243 alta-

139 1271 204 1312 ris
224 1278 571 1312 sacramentum
593 1273 916 1324 sumpsissent,
936 1273 1003 1312 sic
1024 1273 1072 1312 in
1092 1273 1280 1324 pietatis
1301 1273 1452 1312 studio
1475 1274 1777 1324 profecerunt

141 1349 204 1393 ut,
227 1343 516 1383 vanitatibus
537 1344 714 1383 saeculi
738 1343 875 1394 hujus
898 1344 1219 1395 illecebrisque
1241 1344 1534 1395 contemptis,
1559 1345 1776 1396 religioni

138 1425 188 1453 se
220 1414 515 1454 decreverint
543 1426 846 1465 consecrare,
880 1415 1126 1466 locumque
1155 1415 1384 1454 hactenus
1413 1416 1774 1466 vestigaverint,

137 1496 228 1536 quo
248 1490 441 1536 possent
462 1485 663 1536 idipsum
683 1490 940 1537 praestare.
973 1484 1216 1536 Quaedam
1236 1484 1371 1536 hujus
1402 1486 1529 1525 urbis
1560 1492 1776 1527 matrona

136 1567 196 1596 ex
210 1556 461 1607 primariis,
487 1568 593 1596 cum
615 1558 810 1597 multum
831 1563 969 1596 antea
991 1557 1215 1608 temporis
1236 1569 1331 1596 non
1352 1557 1516 1597 fuisset
1539 1557 1774 1608 confessa,

135 1627 509 1667 Bacchanalibus
530 1627 657 1678 ipsis,
678 1627 837 1667 divino
859 1627 1031 1667 adflata
1052 1628 1256 1678 numine,
1278 1628 1388 1668 dum
1409 1629 1511 1668 aliis
1532 1629 1671 1679 genio
1695 1630 1774 1669 im-

133 1697 324 1748 pensius
346 1710 537 1749 operam
558 1698 745 1749 darent,
770 1710 879 1738 ecce
900 1704 1110 1739 veterem
1131 1699 1294 1739 statuit
1316 1711 1488 1739 exuere
1520 1700 1774 1751 hominem,

135 1768 326 1808 induere
346 1780 536 1819 novum,
562 1769 617 1808 de
639 1769 734 1809 suis
755 1769 966 1820 protinus
985 1769 1198 1810 confiteri
1218 1771 1445 1821 peccatis,
1472 1782 1526 1810 ac
1548 1771 1773 1821 postridie

137 1838 262 1878 illius
284 1838 374 1879 diei
394 1851 583 1879 sacrum
605 1839 780 1880 Christi
802 1840 985 1892 Corpus
1005 1841 1079 1892 pie
1103 1852 1307 1891 sumere,
1333 1841 1455 1892 quod
1483 1841 1669 1893 quidem
1690 1841 1779 1881 Dei

138 1909 364 1950 beneficio
405 1910 571 1950 effecit.
608 1911 805 1951 Accedit
843 1918 887 1951 et
921 1912 1034 1961 alia,
1067 1923 1200 1962 quae,
1233 1919 1281 1951 ut
1310 1913 1498 1963 generis
1530 1913 1778 1964 splendore

135 1981 280 2020 multo
302 1981 530 2032 superior,
555 1982 617 2021 ita
642 1982 886 2033 praeclaro
909 1983 1112 2033 quodam
1134 1982 1345 2022 facinore
1367 1984 1505 2033 longe
1533 1984 1775 2023 venerabi-

135 2051 224 2091 lior
245 2052 505 2093 existimari
526 2059 691 2104 potest.
717 2052 836 2093 Nam
857 2064 962 2093 cum
984 2059 1028 2092 et
1049 2053 1391 2093 confessionem
1422 2062 1464 2093 et
1493 2054 1778 2094 communio-

136 2133 242 2162 nem
261 2134 599 2174 nonnunquam
619 2123 833 2175 adiisset,
866 2125 930 2164 ita
958 2130 1049 2174 est,
1085 2124 1271 2164 Christo
1305 2125 1479 2175 gratia,
1512 2125 1680 2165 affecta
1711 2131 1779 2176 ut,

135 2193 301 2244 quibus
322 2205 426 2233 eam
458 2195 654 2234 maritus
682 2195 889 2245 coegerit
917 2195 1160 2246 indulgere
1190 2195 1501 2244 vanitatibus,
1536 2196 1701 2236 iisdem
1735 2203 1779 2236 et

136 2270 350 2304 coactam
371 2276 567 2305 uxorem
588 2272 631 2305 et
652 2265 954 2316 impulsorem
975 2266 1140 2317 ipsum,
1164 2266 1253 2306 hoc
1283 2272 1351 2306 est
1379 2267 1614 2317 maritum,
1646 2267 1778 2307 Chri-

136 2341 235 2375 stus
264 2336 402 2386 plane
434 2336 666 2387 liberarit,
697 2336 989 2377 effundendis
1020 2337 1251 2389 siquidem
1278 2338 1495 2389 precibus
1533 2344 1663 2377 tanta
1694 2338 1777 2378 fuit

135 2406 378 2446 dulcedine
400 2413 538 2458 capta
561 2408 786 2448 orationis
813 2414 863 2448 ut
892 2420 1011 2460 quae
1041 2415 1318 2448 ornamenta
1345 2415 1554 2459 gestaret
1585 2409 1779 2449 auribus

136 2489 365 2529 appensa,
389 2478 477 2518 sibi
497 2485 687 2529 repente
710 2479 968 2519 detraxerit
990 2491 1249 2531 servaeque
1272 2480 1458 2519 cuidam
1479 2479 1599 2519 fideli
1628 2479 1775 2520 Patri-

136 2549 222 2588 bus
242 2549 417 2588 nostris
439 2549 591 2589 subito
615 2550 941 2601 eleemosynae
962 2551 1117 2601 gratia
1140 2549 1391 2590 deferenda
1422 2550 1687 2600 tradiderit,
1720 2562 1777 2590 ac

135 2619 329 2660 subinde
350 2619 569 2659 maritum
592 2619 650 2659 ad
672 2620 903 2660 orandum
924 2632 1106 2673 quoque
1139 2621 1415 2672 compulerit
1450 2621 1606 2661 verius
1635 2633 1779 2672 quam

135 2690 385 2730 induxerit.
422 2690 661 2741 Multaque
698 2691 789 2730 alia
824 2698 1085 2732 memoratu
1115 2691 1258 2743 digna
1288 2691 1379 2731 dici
1408 2698 1622 2743 possent,
1657 2703 1777 2743 quae

134 2761 381 2802 brevitatis
403 2773 547 2801 causa
569 2761 725 2813 potius
747 2762 1002 2803 omittenda
1020 2774 1205 2813 censeo,
1225 2769 1384 2814 utpote
1409 2763 1603 2814 capillos
1619 2763 1773 2803 vibra-

136 2838 208 2873 tos
245 2832 538 2884 frontemque
574 2833 947 2873 calamistratam
987 2833 1124 2884 idque
1160 2834 1349 2884 generis
1388 2835 1532 2873 multa
1572 2840 1778 2874 contem-

135 2905 284 2955 psisse
306 2904 493 2944 omnino
511 2909 650 2955 atque
672 2903 913 2955 abiecisse,
936 2904 1253 2956 postridieque
1275 2905 1334 2944 ad
1356 2906 1578 2956 templum
1598 2905 1775 2957 suppli-

136 2987 237 3016 cem
258 2975 509 3016 confitendi
530 2986 673 3015 causa
693 2986 743 3014 se
765 2975 1017 3015 contulisse
1043 2981 1267 3027 tantaque
1298 2987 1404 3015 cum
1431 2976 1603 3027 pietate
1634 2975 1775 3016 modo

136 3057 212 3086 res
231 3046 416 3086 divinas
438 3045 656 3096 amplecti
676 3045 871 3098 illasque
893 3046 1152 3098 celebrare,
1176 3051 1226 3086 ut
1246 3045 1384 3097 hujus
1412 3047 1627 3098 exemplo
1661 3047 1781 3087 alias
