<?xml version="1.0" encoding="UTF-8"?>
<!DOCTYPE html PUBLIC "-//W3C//DTD XHTML 1.0 Transitional//EN"
    "http://www.w3.org/TR/xhtml1/DTD/xhtml1-transitional.dtd">
<html xmlns="http://www.w3.org/1999/xhtml" xml:lang="en" lang="en">
 <head>
  <title>
</title>
<meta http-equiv="Content-Type" content="text/html;charset=utf-8" />
  <meta name='ocr-system' content='tesseract 3.04.00' />
  <meta name='ocr-capabilities' content='ocr_page ocr_carea ocr_par ocr_line ocrx_word'/>
</head>
<body>
  <div class='ocr_page' id='page_1' title='image "./litteraequadrime1402lain_0027.png"; bbox 0 0 2168 3437; ppageno 0'>
   <div class='ocr_carea' id='block_1_1' title="bbox 871 193 1794 232">
    <p class='ocr_par' dir='ltr' id='par_1_1' title="bbox 871 193 1794 232">
     <span class='ocr_line' id='line_1_1' title="bbox 871 193 1794 232; baseline 0 -1"><span class='ocrx_word' id='word_1_1' title='bbox 871 195 955 232; x_wconf 78' lang='lat' dir='ltr'>AN.</span> <span class='ocrx_word' id='word_1_2' title='bbox 987 193 1078 232; x_wconf 82' lang='lat'>1552</span> <span class='ocrx_word' id='word_1_3' title='bbox 1746 194 1794 231; x_wconf 79' lang='lat'>23</span> 
     </span>
    </p>
   </div>
   <div class='ocr_carea' id='block_1_2' title="bbox 820 645 1131 699">
    <p class='ocr_par' dir='ltr' id='par_1_2' title="bbox 820 645 1131 699">
     <span class='ocr_line' id='line_1_2' title="bbox 820 645 1131 699; baseline -0.003 0"><span class='ocrx_word' id='word_1_4' title='bbox 820 645 1131 699; x_wconf 83' lang='lat' dir='ltr'>CLXXIII</span> 
     </span>
    </p>
   </div>
   <div class='ocr_carea' id='block_1_3' title="bbox 232 873 1032 1051">
    <p class='ocr_par' dir='ltr' id='par_1_3' title="bbox 232 873 1032 1051">
     <span class='ocr_line' id='line_1_3' title="bbox 232 873 871 912; baseline -0.003 0"><span class='ocrx_word' id='word_1_5' title='bbox 232 875 279 912; x_wconf 87' lang='lat' dir='ltr'>P.</span> <span class='ocrx_word' id='word_1_6' title='bbox 300 874 526 912; x_wconf 82' lang='lat' dir='ltr'><strong>Adrianus</strong></span> <span class='ocrx_word' id='word_1_7' title='bbox 546 873 871 911; x_wconf 87' lang='lat' dir='ltr'>Adriaenssens</span> 
     </span>
     <span class='ocr_line' id='line_1_4' title="bbox 282 939 794 988; baseline -0.004 -11"><span class='ocrx_word' id='word_1_8' title='bbox 282 941 328 977; x_wconf 82' lang='lat' dir='ltr'>P.</span> <span class='ocrx_word' id='word_1_9' title='bbox 349 940 518 988; x_wconf 88' lang='lat' dir='ltr'>Ignatio</span> <span class='ocrx_word' id='word_1_10' title='bbox 538 939 591 976; x_wconf 88' lang='lat' dir='ltr'>de.</span> <span class='ocrx_word' id='word_1_11' title='bbox 610 939 794 986; x_wconf 87' lang='lat' dir='ltr'>Loyola.</span> 
     </span>
     <span class='ocr_line' id='line_1_5' title="bbox 327 1002 1032 1051; baseline -0.006 -8"><span class='ocrx_word' id='word_1_12' title='bbox 327 1005 540 1051; x_wconf 83' lang='lat' dir='ltr'>Lovanio,</span> <span class='ocrx_word' id='word_1_13' title='bbox 558 1006 581 1041; x_wconf 84' lang='grc'>4</span> <span class='ocrx_word' id='word_1_14' title='bbox 599 1003 871 1051; x_wconf 81' lang='lat' dir='ltr'><strong>Septembris</strong></span> <span class='ocrx_word' id='word_1_15' title='bbox 896 1002 986 1040; x_wconf 81' lang='lat'>1552</span> <span class='ocrx_word' id='word_1_16' title='bbox 1008 1003 1032 1038; x_wconf 90' lang='lat'>¹.</span> 
     </span>
    </p>
   </div>
   <div class='ocr_carea' id='block_1_4' title="bbox 156 1213 1796 1762">
    <p class='ocr_par' dir='ltr' id='par_1_4' title="bbox 239 1213 1356 1265">
     <span class='ocr_line' id='line_1_6' title="bbox 239 1213 1356 1265; baseline -0.002 -12"><span class='ocrx_word' id='word_1_17' title='bbox 239 1213 405 1253; x_wconf 79' lang='lat' dir='ltr'>Gratia</span> <span class='ocrx_word' id='word_1_18' title='bbox 427 1220 471 1253; x_wconf 93' lang='lat' dir='ltr'>et</span> <span class='ocrx_word' id='word_1_19' title='bbox 491 1225 586 1265; x_wconf 85' lang='lat' dir='ltr'>pax</span> <span class='ocrx_word' id='word_1_20' title='bbox 607 1213 780 1254; x_wconf 81' lang='lat' dir='ltr'>Christi</span> <span class='ocrx_word' id='word_1_21' title='bbox 802 1226 907 1254; x_wconf 93' lang='lat' dir='ltr'>cum</span> <span class='ocrx_word' id='word_1_22' title='bbox 930 1214 1159 1254; x_wconf 91' lang='lat' dir='ltr'>omnibus.</span> <span class='ocrx_word' id='word_1_23' title='bbox 1189 1214 1356 1254; x_wconf 84' lang='lat' dir='ltr'>Amen.</span> 
     </span>
    </p>

    <p class='ocr_par' dir='ltr' id='par_1_5' title="bbox 156 1283 1796 1608">
     <span class='ocr_line' id='line_1_7' title="bbox 237 1283 1796 1325; baseline -0.001 -1"><span class='ocrx_word' id='word_1_24' title='bbox 237 1283 338 1324; x_wconf 60' lang='lat' dir='ltr'>Rssle</span> <span class='ocrx_word' id='word_1_25' title='bbox 360 1297 415 1324; x_wconf 91' lang='lat' dir='ltr'>ac</span> <span class='ocrx_word' id='word_1_26' title='bbox 443 1285 762 1325; x_wconf 81' lang='lat' dir='ltr'>amantissime</span> <span class='ocrx_word' id='word_1_27' title='bbox 790 1285 837 1325; x_wconf 91' lang='lat' dir='ltr'>in</span> <span class='ocrx_word' id='word_1_28' title='bbox 863 1285 1048 1325; x_wconf 84' lang='lat' dir='ltr'>Christo</span> <span class='ocrx_word' id='word_1_29' title='bbox 1079 1285 1153 1325; x_wconf 89' lang='grc' dir='ltr'>Ρ.;</span> <span class='ocrx_word' id='word_1_30' title='bbox 1190 1290 1240 1325; x_wconf 91' lang='lat' dir='ltr'>ut</span> <span class='ocrx_word' id='word_1_31' title='bbox 1275 1290 1468 1325; x_wconf 89' lang='lat' dir='ltr'>sanctae</span> <span class='ocrx_word' id='word_1_32' title='bbox 1504 1283 1796 1324; x_wconf 74' lang='lat' dir='ltr'>obedientiae</span> 
     </span>
     <span class='ocr_line' id='line_1_8' title="bbox 157 1354 1795 1408; baseline 0 -13"><span class='ocrx_word' id='word_1_33' title='bbox 157 1355 329 1395; x_wconf 82' lang='lat' dir='ltr'>faciam</span> <span class='ocrx_word' id='word_1_34' title='bbox 360 1356 499 1407; x_wconf 91' lang='lat' dir='ltr'>satis,</span> <span class='ocrx_word' id='word_1_35' title='bbox 522 1356 685 1407; x_wconf 83' lang='lat' dir='ltr'>paucis</span> <span class='ocrx_word' id='word_1_36' title='bbox 707 1362 813 1396; x_wconf 87' lang='lat' dir='ltr'>acta</span> <span class='ocrx_word' id='word_1_37' title='bbox 841 1362 1039 1408; x_wconf 89' lang='lat' dir='ltr'>quatuor</span> <span class='ocrx_word' id='word_1_38' title='bbox 1061 1356 1290 1396; x_wconf 87' lang='lat' dir='ltr'>mensium</span> <span class='ocrx_word' id='word_1_39' title='bbox 1313 1362 1537 1407; x_wconf 82' lang='lat' dir='ltr'>repetam.</span> <span class='ocrx_word' id='word_1_40' title='bbox 1573 1354 1707 1406; x_wconf 86' lang='lat' dir='ltr'>Quod</span> <span class='ocrx_word' id='word_1_41' title='bbox 1736 1355 1795 1395; x_wconf 90' lang='lat' dir='ltr'>ad</span> 
     </span>
     <span class='ocr_line' id='line_1_9' title="bbox 156 1425 1795 1478; baseline 0 -12"><span class='ocrx_word' id='word_1_42' title='bbox 156 1425 446 1478; x_wconf 85' lang='lat' dir='ltr'>frequentem</span> <span class='ocrx_word' id='word_1_43' title='bbox 467 1427 810 1467; x_wconf 81' lang='lat' dir='ltr'>confessionem</span> <span class='ocrx_word' id='word_1_44' title='bbox 831 1433 875 1466; x_wconf 90' lang='lat' dir='ltr'>et</span> <span class='ocrx_word' id='word_1_45' title='bbox 897 1427 1273 1467; x_wconf 82' lang='lat' dir='ltr'>communionem</span> <span class='ocrx_word' id='word_1_46' title='bbox 1295 1427 1479 1475; x_wconf 84' lang='lat' dir='ltr'>attinet,</span> <span class='ocrx_word' id='word_1_47' title='bbox 1514 1426 1560 1466; x_wconf 91' lang='lat' dir='ltr'>in</span> <span class='ocrx_word' id='word_1_48' title='bbox 1590 1428 1691 1466; x_wconf 88' lang='lat' dir='ltr'>sola</span> <span class='ocrx_word' id='word_1_49' title='bbox 1718 1439 1795 1466; x_wconf 93' lang='lat' dir='ltr'>no-</span> 
     </span>
     <span class='ocr_line' id='line_1_10' title="bbox 157 1497 1793 1549; baseline 0.001 -13"><span class='ocrx_word' id='word_1_50' title='bbox 157 1502 254 1536; x_wconf 91' lang='lat' dir='ltr'>stra</span> <span class='ocrx_word' id='word_1_51' title='bbox 282 1497 529 1548; x_wconf 81' lang='lat' dir='ltr'>parochia,</span> <span class='ocrx_word' id='word_1_52' title='bbox 560 1497 699 1537; x_wconf 87' lang='lat' dir='ltr'>etiam</span> <span class='ocrx_word' id='word_1_53' title='bbox 729 1497 776 1537; x_wconf 92' lang='lat' dir='ltr'>in</span> <span class='ocrx_word' id='word_1_54' title='bbox 805 1497 1005 1549; x_wconf 81' lang='lat' dir='ltr'>simplici</span> <span class='ocrx_word' id='word_1_55' title='bbox 1035 1498 1269 1538; x_wconf 90' lang='lat' dir='ltr'>dominico</span> <span class='ocrx_word' id='word_1_56' title='bbox 1302 1498 1394 1547; x_wconf 88' lang='lat' dir='ltr'>die,</span> <span class='ocrx_word' id='word_1_57' title='bbox 1430 1497 1706 1537; x_wconf 87' lang='lat' dir='ltr'>confitentur</span> <span class='ocrx_word' id='word_1_58' title='bbox 1737 1509 1793 1537; x_wconf 83' lang='lat' dir='ltr'>ac</span> 
     </span>
     <span class='ocr_line' id='line_1_11' title="bbox 162 1568 939 1608; baseline -0.001 -1"><span class='ocrx_word' id='word_1_59' title='bbox 162 1568 507 1608; x_wconf 89' lang='lat' dir='ltr'>communicant</span> <span class='ocrx_word' id='word_1_60' title='bbox 529 1568 716 1608; x_wconf 90' lang='lat' dir='ltr'>circiter</span> <span class='ocrx_word' id='word_1_61' title='bbox 738 1575 939 1608; x_wconf 90' lang='lat' dir='ltr'>centum.</span> 
     </span>
    </p>

    <p class='ocr_par' dir='ltr' id='par_1_6' title="bbox 157 1639 1795 1762">
     <span class='ocr_line' id='line_1_12' title="bbox 237 1639 1793 1691; baseline 0 -12"><span class='ocrx_word' id='word_1_62' title='bbox 237 1639 353 1679; x_wconf 88' lang='lat' dir='ltr'>Tres</span> <span class='ocrx_word' id='word_1_63' title='bbox 373 1639 438 1679; x_wconf 90' lang='lat' dir='ltr'>illi</span> <span class='ocrx_word' id='word_1_64' title='bbox 459 1639 667 1691; x_wconf 84' lang='lat' dir='ltr'>insignes</span> <span class='ocrx_word' id='word_1_65' title='bbox 698 1646 742 1680; x_wconf 91' lang='lat' dir='ltr'>et</span> <span class='ocrx_word' id='word_1_66' title='bbox 774 1639 898 1680; x_wconf 90' lang='lat' dir='ltr'>docti</span> <span class='ocrx_word' id='word_1_67' title='bbox 925 1640 1040 1691; x_wconf 84' lang='lat' dir='ltr'>Viri,</span> <span class='ocrx_word' id='word_1_68' title='bbox 1071 1639 1127 1680; x_wconf 87' lang='lat' dir='ltr'>de</span> <span class='ocrx_word' id='word_1_69' title='bbox 1155 1640 1321 1691; x_wconf 92' lang='lat' dir='ltr'>quibus</span> <span class='ocrx_word' id='word_1_70' title='bbox 1347 1640 1514 1691; x_wconf 87' lang='lat' dir='ltr'>scripsi</span> <span class='ocrx_word' id='word_1_71' title='bbox 1543 1639 1793 1691; x_wconf 88' lang='lat' dir='ltr'>aliquando</span> 
     </span>
     <span class='ocr_line' id='line_1_13' title="bbox 157 1710 1795 1762; baseline 0 -13"><span class='ocrx_word' id='word_1_72' title='bbox 157 1710 280 1761; x_wconf 90' lang='lat' dir='ltr'>quod</span> <span class='ocrx_word' id='word_1_73' title='bbox 301 1710 474 1750; x_wconf 90' lang='lat' dir='ltr'>habent</span> <span class='ocrx_word' id='word_1_74' title='bbox 495 1711 701 1750; x_wconf 89' lang='lat' dir='ltr'>animum</span> <span class='ocrx_word' id='word_1_75' title='bbox 723 1711 934 1762; x_wconf 89' lang='lat' dir='ltr'>erigendi</span> <span class='ocrx_word' id='word_1_76' title='bbox 956 1711 1089 1751; x_wconf 90' lang='lat' dir='ltr'>nobis</span> <span class='ocrx_word' id='word_1_77' title='bbox 1112 1711 1384 1761; x_wconf 81' lang='lat' dir='ltr'>collegium,</span> <span class='ocrx_word' id='word_1_78' title='bbox 1407 1711 1613 1762; x_wconf 89' lang='lat' dir='ltr'>quotidie</span> <span class='ocrx_word' id='word_1_79' title='bbox 1641 1711 1795 1761; x_wconf 88' lang='lat' dir='ltr'>magis</span> 
     </span>
    </p>
   </div>
   <div class='ocr_carea' id='block_1_5' title="bbox 91 1778 1795 1833">
    <p class='ocr_par' dir='ltr' id='par_1_7' title="bbox 91 1778 1795 1833">
     <span class='ocr_line' id='line_1_14' title="bbox 91 1778 1795 1833; baseline 0.001 -13"><span class='ocrx_word' id='word_1_80' title='bbox 91 1778 93 1781; x_wconf 73' lang='grc'>’</span> <span class='ocrx_word' id='word_1_81' title='bbox 155 1781 203 1820; x_wconf 93' lang='lat' dir='ltr'>in</span> <span class='ocrx_word' id='word_1_82' title='bbox 224 1781 312 1821; x_wconf 87' lang='lat' dir='ltr'>hoc</span> <span class='ocrx_word' id='word_1_83' title='bbox 334 1787 497 1822; x_wconf 86' lang='lat' dir='ltr'>sancto</span> <span class='ocrx_word' id='word_1_84' title='bbox 519 1781 750 1825; x_wconf 87' lang='lat' dir='ltr'>desiderio</span> <span class='ocrx_word' id='word_1_85' title='bbox 773 1788 1011 1831; x_wconf 88' lang='lat' dir='ltr'>crescunt,</span> <span class='ocrx_word' id='word_1_86' title='bbox 1036 1781 1193 1833; x_wconf 70' lang='lat' dir='ltr'>et0jam</span> <span class='ocrx_word' id='word_1_87' title='bbox 1213 1782 1346 1822; x_wconf 80' lang='lat' dir='ltr'>brevi</span> <span class='ocrx_word' id='word_1_88' title='bbox 1368 1783 1487 1822; x_wconf 85' lang='lat' dir='ltr'>inter</span> <span class='ocrx_word' id='word_1_89' title='bbox 1510 1794 1558 1822; x_wconf 87' lang='lat' dir='ltr'>se</span> <span class='ocrx_word' id='word_1_90' title='bbox 1583 1781 1795 1822; x_wconf 86' lang='lat' dir='ltr'>conferre</span> 
     </span>
    </p>
   </div>
   <div class='ocr_carea' id='block_1_6' title="bbox 155 1852 1796 2755">
    <p class='ocr_par' dir='ltr' id='par_1_8' title="bbox 155 1852 1796 2755">
     <span class='ocr_line' id='line_1_15' title="bbox 155 1852 1794 1904; baseline 0.001 -13"><span class='ocrx_word' id='word_1_91' title='bbox 155 1852 244 1891; x_wconf 88' lang='lat' dir='ltr'>hac</span> <span class='ocrx_word' id='word_1_92' title='bbox 279 1852 335 1892; x_wconf 92' lang='lat' dir='ltr'>de</span> <span class='ocrx_word' id='word_1_93' title='bbox 370 1865 420 1892; x_wconf 90' lang='lat' dir='ltr'>re</span> <span class='ocrx_word' id='word_1_94' title='bbox 455 1859 731 1904; x_wconf 82' lang='lat' dir='ltr'>coeperunt3</span> <span class='ocrx_word' id='word_1_95' title='bbox 769 1853 836 1893; x_wconf 91' lang='lat' dir='ltr'>sic</span> <span class='ocrx_word' id='word_1_96' title='bbox 871 1859 1027 1893; x_wconf 90' lang='lat' dir='ltr'>tamen</span> <span class='ocrx_word' id='word_1_97' title='bbox 1062 1859 1111 1893; x_wconf 89' lang='lat' dir='ltr'>ut</span> <span class='ocrx_word' id='word_1_98' title='bbox 1141 1853 1232 1893; x_wconf 90' lang='lat' dir='ltr'>duo</span> <span class='ocrx_word' id='word_1_99' title='bbox 1268 1866 1326 1892; x_wconf 78' lang='lat' dir='ltr'>ex</span> <span class='ocrx_word' id='word_1_100' title='bbox 1361 1853 1435 1893; x_wconf 88' lang='lat' dir='ltr'>his</span> <span class='ocrx_word' id='word_1_101' title='bbox 1464 1865 1557 1892; x_wconf 88' lang='lat' dir='ltr'>non</span> <span class='ocrx_word' id='word_1_102' title='bbox 1590 1853 1794 1893; x_wconf 88' lang='lat' dir='ltr'>indicent</span> 
     </span>
     <span class='ocr_line' id='line_1_16' title="bbox 156 1923 1794 1975; baseline 0.001 -13"><span class='ocrx_word' id='word_1_103' title='bbox 156 1934 291 1962; x_wconf 90' lang='lat' dir='ltr'>suum</span> <span class='ocrx_word' id='word_1_104' title='bbox 313 1923 519 1964; x_wconf 90' lang='lat' dir='ltr'>animum</span> <span class='ocrx_word' id='word_1_105' title='bbox 541 1924 694 1974; x_wconf 84' lang='lat' dir='ltr'>tertio,</span> <span class='ocrx_word' id='word_1_106' title='bbox 718 1924 937 1964; x_wconf 83' lang='lat' dir='ltr'>videlicet</span> <span class='ocrx_word' id='word_1_107' title='bbox 957 1924 1157 1975; x_wconf 86' lang='lat' dir='ltr'>Regenti</span> <span class='ocrx_word' id='word_1_108' title='bbox 1178 1924 1345 1964; x_wconf 86' lang='lat' dir='ltr'>liliensi</span> <span class='ocrx_word' id='word_1_109' title='bbox 1363 1956 1370 1974; x_wconf 90' lang='lat'>‚</span> <span class='ocrx_word' id='word_1_110' title='bbox 1401 1924 1481 1964; x_wconf 86' lang='lat' dir='ltr'>sed</span> <span class='ocrx_word' id='word_1_111' title='bbox 1512 1931 1658 1975; x_wconf 89' lang='lat' dir='ltr'>agunt</span> <span class='ocrx_word' id='word_1_112' title='bbox 1689 1936 1794 1964; x_wconf 91' lang='lat' dir='ltr'>cum</span> 
     </span>
     <span class='ocr_line' id='line_1_17' title="bbox 158 1994 1796 2046; baseline 0.001 -13"><span class='ocrx_word' id='word_1_113' title='bbox 158 2005 230 2040; x_wconf 86' lang='lat' dir='ltr'>e0,</span> <span class='ocrx_word' id='word_1_114' title='bbox 255 1994 421 2045; x_wconf 91' lang='lat' dir='ltr'>quibus</span> <span class='ocrx_word' id='word_1_115' title='bbox 443 1994 607 2034; x_wconf 91' lang='lat' dir='ltr'>mediis</span> <span class='ocrx_word' id='word_1_116' title='bbox 627 1994 780 2046; x_wconf 89' lang='lat' dir='ltr'>ipsum</span> <span class='ocrx_word' id='word_1_117' title='bbox 801 1994 1062 2045; x_wconf 84' lang='lat' dir='ltr'>Collegium</span> <span class='ocrx_word' id='word_1_118' title='bbox 1082 1995 1261 2035; x_wconf 86' lang='lat' dir='ltr'>liliense</span> <span class='ocrx_word' id='word_1_119' title='bbox 1293 2006 1398 2034; x_wconf 89' lang='lat' dir='ltr'>cum</span> <span class='ocrx_word' id='word_1_120' title='bbox 1426 1995 1639 2035; x_wconf 89' lang='lat' dir='ltr'>omnibus</span> <span class='ocrx_word' id='word_1_121' title='bbox 1660 1996 1796 2036; x_wconf 92' lang='lat' dir='ltr'>bonis</span> 
     </span>
     <span class='ocr_line' id='line_1_18' title="bbox 157 2065 1791 2117; baseline 0 -13"><span class='ocrx_word' id='word_1_122' title='bbox 157 2065 404 2105; x_wconf 85' lang='lat' dir='ltr'>mobilibus</span> <span class='ocrx_word' id='word_1_123' title='bbox 425 2070 470 2105; x_wconf 92' lang='lat' dir='ltr'>et</span> <span class='ocrx_word' id='word_1_124' title='bbox 502 2065 814 2105; x_wconf 89' lang='lat' dir='ltr'>immobilibus</span> <span class='ocrx_word' id='word_1_125' title='bbox 846 2066 1232 2115; x_wconf 84' lang='lat' dir='ltr'>adhaerentibus,</span> <span class='ocrx_word' id='word_1_126' title='bbox 1263 2066 1486 2106; x_wconf 84' lang='lat' dir='ltr'>fratribus</span> <span class='ocrx_word' id='word_1_127' title='bbox 1516 2066 1791 2117; x_wconf 81' lang='lat' dir='ltr'>applicetur.</span> 
     </span>
     <span class='ocr_line' id='line_1_19' title="bbox 155 2134 1793 2188; baseline 0.001 -13"><span class='ocrx_word' id='word_1_128' title='bbox 155 2134 257 2186; x_wconf 86' lang='lat' dir='ltr'>Ipse</span> <span class='ocrx_word' id='word_1_129' title='bbox 277 2135 464 2187; x_wconf 88' lang='lat' dir='ltr'>Regens</span> <span class='ocrx_word' id='word_1_130' title='bbox 484 2142 554 2176; x_wconf 92' lang='lat' dir='ltr'>est</span> <span class='ocrx_word' id='word_1_131' title='bbox 582 2142 828 2177; x_wconf 89' lang='lat' dir='ltr'>contentus</span> <span class='ocrx_word' id='word_1_132' title='bbox 858 2143 906 2177; x_wconf 91' lang='lat' dir='ltr'>ut</span> <span class='ocrx_word' id='word_1_133' title='bbox 936 2143 1118 2188; x_wconf 86' lang='lat' dir='ltr'>partem</span> <span class='ocrx_word' id='word_1_134' title='bbox 1149 2148 1291 2176; x_wconf 90' lang='lat' dir='ltr'>unam</span> <span class='ocrx_word' id='word_1_135' title='bbox 1313 2137 1424 2176; x_wconf 92' lang='lat' dir='ltr'>dicti</span> <span class='ocrx_word' id='word_1_136' title='bbox 1452 2137 1638 2188; x_wconf 89' lang='lat' dir='ltr'>collegii</span> <span class='ocrx_word' id='word_1_137' title='bbox 1659 2149 1793 2177; x_wconf 90' lang='lat' dir='ltr'>occu-</span> 
     </span>
     <span class='ocr_line' id='line_1_20' title="bbox 160 2207 1793 2259; baseline 0.001 -13"><span class='ocrx_word' id='word_1_138' title='bbox 160 2218 344 2258; x_wconf 88' lang='lat' dir='ltr'>pemus;</span> <span class='ocrx_word' id='word_1_139' title='bbox 367 2207 447 2247; x_wconf 90' lang='lat' dir='ltr'>sed</span> <span class='ocrx_word' id='word_1_140' title='bbox 468 2207 591 2247; x_wconf 85' lang='lat' dir='ltr'>intra</span> <span class='ocrx_word' id='word_1_141' title='bbox 612 2218 790 2259; x_wconf 90' lang='lat' dir='ltr'>paucos</span> <span class='ocrx_word' id='word_1_142' title='bbox 810 2219 1010 2258; x_wconf 83' lang='lat' dir='ltr'>menses,</span> <span class='ocrx_word' id='word_1_143' title='bbox 1034 2219 1187 2259; x_wconf 77' lang='lat' dir='ltr'>spem,</span> <span class='ocrx_word' id='word_1_144' title='bbox 1224 2207 1488 2248; x_wconf 81' lang='lat' dir='ltr'>videbimus</span> <span class='ocrx_word' id='word_1_145' title='bbox 1510 2220 1570 2247; x_wconf 92' lang='lat' dir='ltr'>an</span> <span class='ocrx_word' id='word_1_146' title='bbox 1590 2208 1688 2259; x_wconf 91' lang='lat' dir='ltr'>ipse</span> <span class='ocrx_word' id='word_1_147' title='bbox 1710 2208 1793 2248; x_wconf 86' lang='lat' dir='ltr'>Re-</span> 
     </span>
     <span class='ocr_line' id='line_1_21' title="bbox 155 2276 1796 2330; baseline 0.001 -13"><span class='ocrx_word' id='word_1_148' title='bbox 155 2287 272 2327; x_wconf 89' lang='lat' dir='ltr'>gens</span> <span class='ocrx_word' id='word_1_149' title='bbox 305 2278 511 2318; x_wconf 90' lang='lat' dir='ltr'>manebit</span> <span class='ocrx_word' id='word_1_150' title='bbox 537 2289 621 2318; x_wconf 88' lang='lat' dir='ltr'>seu</span> <span class='ocrx_word' id='word_1_151' title='bbox 645 2276 930 2328; x_wconf 90' lang='lat' dir='ltr'>judicabitur</span> <span class='ocrx_word' id='word_1_152' title='bbox 961 2290 1103 2318; x_wconf 87' lang='lat' dir='ltr'>verus</span> <span class='ocrx_word' id='word_1_153' title='bbox 1132 2290 1186 2318; x_wconf 90' lang='lat' dir='ltr'>ac</span> <span class='ocrx_word' id='word_1_154' title='bbox 1216 2278 1442 2330; x_wconf 85' lang='lat' dir='ltr'>pacificus</span> <span class='ocrx_word' id='word_1_155' title='bbox 1471 2279 1582 2318; x_wconf 89' lang='lat' dir='ltr'>dicti</span> <span class='ocrx_word' id='word_1_156' title='bbox 1611 2279 1796 2329; x_wconf 90' lang='lat' dir='ltr'>collegii</span> 
     </span>
     <span class='ocr_line' id='line_1_22' title="bbox 159 2348 1795 2401; baseline 0.001 -14"><span class='ocrx_word' id='word_1_157' title='bbox 159 2358 408 2398; x_wconf 88' lang='lat' dir='ltr'>possessor</span> <span class='ocrx_word' id='word_1_158' title='bbox 428 2360 590 2388; x_wconf 90' lang='lat' dir='ltr'>necne.</span> <span class='ocrx_word' id='word_1_159' title='bbox 622 2348 850 2399; x_wconf 84' lang='lat' dir='ltr'>Quamvis</span> <span class='ocrx_word' id='word_1_160' title='bbox 872 2355 1028 2389; x_wconf 87' lang='lat' dir='ltr'>autem</span> <span class='ocrx_word' id='word_1_161' title='bbox 1050 2349 1234 2400; x_wconf 90' lang='lat' dir='ltr'>collegii</span> <span class='ocrx_word' id='word_1_162' title='bbox 1254 2349 1391 2401; x_wconf 90' lang='lat' dir='ltr'>hujus</span> <span class='ocrx_word' id='word_1_163' title='bbox 1412 2350 1543 2389; x_wconf 90' lang='lat' dir='ltr'>locus</span> <span class='ocrx_word' id='word_1_164' title='bbox 1572 2349 1629 2389; x_wconf 88' lang='lat' dir='ltr'>sit</span> <span class='ocrx_word' id='word_1_165' title='bbox 1660 2349 1795 2388; x_wconf 85' lang='lat' dir='ltr'>valde</span> 
     </span>
     <span class='ocr_line' id='line_1_23' title="bbox 162 2419 1792 2470; baseline 0.001 -13"><span class='ocrx_word' id='word_1_166' title='bbox 162 2419 365 2470; x_wconf 84' lang='lat' dir='ltr'>amplus,</span> <span class='ocrx_word' id='word_1_167' title='bbox 402 2425 580 2470; x_wconf 88' lang='lat' dir='ltr'>tamen,</span> <span class='ocrx_word' id='word_1_168' title='bbox 616 2419 673 2459; x_wconf 92' lang='lat' dir='ltr'>ob</span> <span class='ocrx_word' id='word_1_169' title='bbox 704 2420 1047 2460; x_wconf 88' lang='lat' dir='ltr'>multitudinem</span> <span class='ocrx_word' id='word_1_170' title='bbox 1074 2420 1359 2460; x_wconf 90' lang='lat' dir='ltr'>studentium</span> <span class='ocrx_word' id='word_1_171' title='bbox 1386 2420 1556 2460; x_wconf 87' lang='lat' dir='ltr'>ibidem</span> <span class='ocrx_word' id='word_1_172' title='bbox 1583 2420 1792 2459; x_wconf 88' lang='lat' dir='ltr'>habitan-</span> 
     </span>
     <span class='ocr_line' id='line_1_24' title="bbox 157 2489 1792 2542; baseline 0.001 -14"><span class='ocrx_word' id='word_1_173' title='bbox 157 2489 274 2529; x_wconf 89' lang='lat' dir='ltr'>tium</span> <span class='ocrx_word' id='word_1_174' title='bbox 309 2501 391 2529; x_wconf 87' lang='lat' dir='ltr'>seu</span> <span class='ocrx_word' id='word_1_175' title='bbox 424 2489 742 2541; x_wconf 86' lang='lat' dir='ltr'>visitantium,</span> <span class='ocrx_word' id='word_1_176' title='bbox 775 2502 868 2531; x_wconf 90' lang='lat' dir='ltr'>non</span> <span class='ocrx_word' id='word_1_177' title='bbox 903 2496 972 2531; x_wconf 91' lang='lat' dir='ltr'>est</span> <span class='ocrx_word' id='word_1_178' title='bbox 1007 2491 1188 2531; x_wconf 89' lang='lat' dir='ltr'>hortus.</span> <span class='ocrx_word' id='word_1_179' title='bbox 1225 2490 1302 2531; x_wconf 84' lang='lat' dir='ltr'>Sic</span> <span class='ocrx_word' id='word_1_180' title='bbox 1336 2497 1530 2542; x_wconf 88' lang='lat' dir='ltr'>paratus</span> <span class='ocrx_word' id='word_1_181' title='bbox 1565 2497 1634 2530; x_wconf 90' lang='lat' dir='ltr'>est</span> <span class='ocrx_word' id='word_1_182' title='bbox 1670 2490 1792 2531; x_wconf 90' lang='lat' dir='ltr'>idem</span> 
     </span>
     <span class='ocr_line' id='line_1_25' title="bbox 157 2559 1789 2613; baseline 0.001 -13"><span class='ocrx_word' id='word_1_183' title='bbox 157 2559 343 2611; x_wconf 89' lang='lat' dir='ltr'>Regens</span> <span class='ocrx_word' id='word_1_184' title='bbox 364 2560 498 2600; x_wconf 89' lang='lat' dir='ltr'>nobis</span> <span class='ocrx_word' id='word_1_185' title='bbox 519 2561 797 2612; x_wconf 89' lang='lat' dir='ltr'>concedere,</span> <span class='ocrx_word' id='word_1_186' title='bbox 821 2569 865 2601; x_wconf 92' lang='lat' dir='ltr'>et</span> <span class='ocrx_word' id='word_1_187' title='bbox 884 2567 991 2613; x_wconf 90' lang='lat' dir='ltr'>post</span> <span class='ocrx_word' id='word_1_188' title='bbox 1012 2568 1212 2602; x_wconf 90' lang='lat' dir='ltr'>mortem</span> <span class='ocrx_word' id='word_1_189' title='bbox 1233 2574 1367 2602; x_wconf 92' lang='lat' dir='ltr'>suam</span> <span class='ocrx_word' id='word_1_190' title='bbox 1390 2561 1579 2611; x_wconf 82' lang='lat' dir='ltr'>donare,</span> <span class='ocrx_word' id='word_1_191' title='bbox 1605 2562 1789 2613; x_wconf 86' lang='lat' dir='ltr'>amplis-</span> 
     </span>
     <span class='ocr_line' id='line_1_26' title="bbox 157 2631 1787 2684; baseline 0.002 -14"><span class='ocrx_word' id='word_1_192' title='bbox 157 2631 325 2671; x_wconf 90' lang='lat' dir='ltr'>simum</span> <span class='ocrx_word' id='word_1_193' title='bbox 357 2631 606 2683; x_wconf 88' lang='lat' dir='ltr'>quemdam</span> <span class='ocrx_word' id='word_1_194' title='bbox 632 2631 840 2683; x_wconf 87' lang='lat' dir='ltr'>hortum,</span> <span class='ocrx_word' id='word_1_195' title='bbox 878 2633 1081 2684; x_wconf 88' lang='lat' dir='ltr'>undique</span> <span class='ocrx_word' id='word_1_196' title='bbox 1114 2633 1267 2684; x_wconf 89' lang='lat' dir='ltr'>lapide</span> <span class='ocrx_word' id='word_1_197' title='bbox 1302 2633 1532 2684; x_wconf 88' lang='lat' dir='ltr'>quadrato</span> <span class='ocrx_word' id='word_1_198' title='bbox 1568 2632 1787 2677; x_wconf 85' lang='lat' dir='ltr'>cinctum,</span> 
     </span>
     <span class='ocr_line' id='line_1_27' title="bbox 157 2702 1794 2755; baseline 0.001 -13"><span class='ocrx_word' id='word_1_199' title='bbox 157 2713 264 2742; x_wconf 91' lang='lat' dir='ltr'>cum</span> <span class='ocrx_word' id='word_1_200' title='bbox 284 2703 421 2742; x_wconf 90' lang='lat' dir='ltr'>domo</span> <span class='ocrx_word' id='word_1_201' title='bbox 444 2703 631 2743; x_wconf 90' lang='lat' dir='ltr'>omnino</span> <span class='ocrx_word' id='word_1_202' title='bbox 651 2703 837 2754; x_wconf 89' lang='lat' dir='ltr'>lapidea</span> <span class='ocrx_word' id='word_1_203' title='bbox 867 2702 1044 2754; x_wconf 88' lang='lat' dir='ltr'>majore</span> <span class='ocrx_word' id='word_1_204' title='bbox 1072 2716 1213 2755; x_wconf 91' lang='lat' dir='ltr'>quam</span> <span class='ocrx_word' id='word_1_205' title='bbox 1240 2704 1299 2743; x_wconf 88' lang='lat' dir='ltr'>sit</span> <span class='ocrx_word' id='word_1_206' title='bbox 1325 2704 1442 2743; x_wconf 87' lang='lat' dir='ltr'>haec</span> <span class='ocrx_word' id='word_1_207' title='bbox 1472 2710 1635 2743; x_wconf 87' lang='lat' dir='ltr'>nostra</span> <span class='ocrx_word' id='word_1_208' title='bbox 1662 2715 1794 2755; x_wconf 87' lang='lat' dir='ltr'>prae—</span> 
     </span>
    </p>
   </div>
   <div class='ocr_carea' id='block_1_7' title="bbox 154 2861 1798 3038">
    <p class='ocr_par' dir='ltr' id='par_1_9' title="bbox 154 2861 1798 3038">
     <span class='ocr_line' id='line_1_28' title="bbox 154 2861 1795 2897; baseline 0.001 -9"><span class='ocrx_word' id='word_1_209' title='bbox 154 2877 160 2891; x_wconf 85' lang='grc'>-,</span> <span class='ocrx_word' id='word_1_210' title='bbox 210 2862 220 2881; x_wconf 85' lang='lat'>¹</span> <span class='ocrx_word' id='word_1_211' title='bbox 261 2861 524 2896; x_wconf 83' lang='lat' dir='ltr'>Autographum</span> <span class='ocrx_word' id='word_1_212' title='bbox 539 2862 571 2889; x_wconf 86' lang='lat' dir='ltr'>in</span> <span class='ocrx_word' id='word_1_213' title='bbox 586 2861 666 2889; x_wconf 83' lang='lat' dir='ltr'>solio</span> <span class='ocrx_word' id='word_1_214' title='bbox 680 2862 789 2895; x_wconf 88' lang='lat' dir='ltr'>unico,</span> <span class='ocrx_word' id='word_1_215' title='bbox 804 2870 835 2889; x_wconf 91' lang='lat' dir='ltr'>n.</span> <span class='ocrx_word' id='word_1_216' title='bbox 853 2863 914 2890; x_wconf 71' lang='lat'>145.</span> <span class='ocrx_word' id='word_1_217' title='bbox 930 2863 1103 2890; x_wconf 85' lang='lat' dir='ltr'>Habemus</span> <span class='ocrx_word' id='word_1_218' title='bbox 1119 2867 1152 2890; x_wconf 92' lang='lat' dir='ltr'>et</span> <span class='ocrx_word' id='word_1_219' title='bbox 1173 2863 1374 2897; x_wconf 81' lang='lat' dir='ltr'>apographa</span> <span class='ocrx_word' id='word_1_220' title='bbox 1390 2863 1531 2897; x_wconf 85' lang='lat' dir='ltr'>antiqua</span> <span class='ocrx_word' id='word_1_221' title='bbox 1546 2863 1631 2890; x_wconf 89' lang='lat' dir='ltr'>tria:</span> <span class='ocrx_word' id='word_1_222' title='bbox 1647 2871 1749 2890; x_wconf 88' lang='lat' dir='ltr'>unum</span> <span class='ocrx_word' id='word_1_223' title='bbox 1763 2863 1795 2889; x_wconf 89' lang='lat' dir='ltr'>in</span> 
     </span>
     <span class='ocr_line' id='line_1_29' title="bbox 155 2908 1795 2944; baseline 0.001 -9"><span class='ocrx_word' id='word_1_224' title='bbox 155 2909 316 2936; x_wconf 79' lang='lat' dir='ltr'>Historia</span> <span class='ocrx_word' id='word_1_225' title='bbox 331 2909 446 2942; x_wconf 78' lang='lat' dir='ltr'>varia,</span> <span class='ocrx_word' id='word_1_226' title='bbox 462 2909 531 2937; x_wconf 78' lang='lat' dir='ltr'>vol,</span> <span class='ocrx_word' id='word_1_227' title='bbox 552 2916 574 2943; x_wconf 81' lang='lat'>1,</span> <span class='ocrx_word' id='word_1_228' title='bbox 595 2909 652 2935; x_wconf 82' lang='lat' dir='ltr'>fol.</span> <span class='ocrx_word' id='word_1_229' title='bbox 673 2908 735 2941; x_wconf 79' lang='lat'>289.</span> <span class='ocrx_word' id='word_1_230' title='bbox 758 2910 844 2944; x_wconf 89' lang='lat' dir='ltr'>quod</span> <span class='ocrx_word' id='word_1_231' title='bbox 859 2910 990 2937; x_wconf 91' lang='lat' dir='ltr'>nonnisi</span> <span class='ocrx_word' id='word_1_232' title='bbox 1007 2914 1153 2944; x_wconf 87' lang='lat' dir='ltr'>quatuor</span> <span class='ocrx_word' id='word_1_233' title='bbox 1175 2909 1305 2944; x_wconf 80' lang='lat' dir='ltr'>verbis,</span> <span class='ocrx_word' id='word_1_234' title='bbox 1321 2917 1407 2944; x_wconf 85' lang='lat' dir='ltr'>quae</span> <span class='ocrx_word' id='word_1_235' title='bbox 1424 2911 1506 2937; x_wconf 88' lang='lat' dir='ltr'>nihil</span> <span class='ocrx_word' id='word_1_236' title='bbox 1529 2918 1664 2937; x_wconf 83' lang='lat' dir='ltr'>sensum</span> <span class='ocrx_word' id='word_1_237' title='bbox 1678 2911 1795 2937; x_wconf 83' lang='lat' dir='ltr'>immu-</span> 
     </span>
     <span class='ocr_line' id='line_1_30' title="bbox 155 2956 1798 2992; baseline 0.001 -9"><span class='ocrx_word' id='word_1_238' title='bbox 155 2960 241 2990; x_wconf 85' lang='lat' dir='ltr'>tant,</span> <span class='ocrx_word' id='word_1_239' title='bbox 257 2957 300 2983; x_wconf 87' lang='lat' dir='ltr'>ab</span> <span class='ocrx_word' id='word_1_240' title='bbox 317 2957 531 2990; x_wconf 84' lang='lat' dir='ltr'>autographo</span> <span class='ocrx_word' id='word_1_241' title='bbox 547 2956 677 2990; x_wconf 80' lang='lat' dir='ltr'>differt;</span> <span class='ocrx_word' id='word_1_242' title='bbox 702 2957 850 2984; x_wconf 88' lang='lat' dir='ltr'>alterum</span> <span class='ocrx_word' id='word_1_243' title='bbox 872 2957 905 2984; x_wconf 84' lang='lat' dir='ltr'>in</span> <span class='ocrx_word' id='word_1_244' title='bbox 930 2957 1011 2985; x_wconf 87' lang='lat' dir='ltr'>Cod.</span> <span class='ocrx_word' id='word_1_245' title='bbox 1035 2958 1114 2990; x_wconf 84' lang='lat'>1551,</span> <span class='ocrx_word' id='word_1_246' title='bbox 1130 2957 1187 2985; x_wconf 77' lang='lat' dir='ltr'>sol.</span> <span class='ocrx_word' id='word_1_247' title='bbox 1203 2958 1236 2991; x_wconf 87' lang='lat'>9;</span> <span class='ocrx_word' id='word_1_248' title='bbox 1260 2958 1400 2986; x_wconf 89' lang='lat' dir='ltr'>tertium</span> <span class='ocrx_word' id='word_1_249' title='bbox 1415 2958 1558 2992; x_wconf 82' lang='lat' dir='ltr'>denique</span> <span class='ocrx_word' id='word_1_250' title='bbox 1581 2958 1798 2992; x_wconf 81' lang='lat' dir='ltr'>autographo</span> 
     </span>
     <span class='ocr_line' id='line_1_31' title="bbox 154 3004 530 3038; baseline 0.003 -8"><span class='ocrx_word' id='word_1_251' title='bbox 154 3008 322 3038; x_wconf 84' lang='lat' dir='ltr'>assutum,</span> <span class='ocrx_word' id='word_1_252' title='bbox 338 3011 368 3031; x_wconf 89' lang='lat' dir='ltr'>n.</span> <span class='ocrx_word' id='word_1_253' title='bbox 386 3004 444 3031; x_wconf 69' lang='lat'>146.</span> <span class='ocrx_word' id='word_1_254' title='bbox 509 3022 530 3035; x_wconf 32' lang='lat'>⁴-</span> 
     </span>
    </p>
   </div>
  </div>
 </body>
</html>
