2168 3437
293 282 364 319 316
806 278 1034 315 LITTERAE
1061 287 1419 320 QUADRIMESTRES

293 379 431 418 butus
453 382 536 427 est,
559 386 870 427 perseverans
886 374 1065 425 spiritu,
1084 379 1274 414 nostrae
1290 373 1513 414 Societati
1529 380 1675 415 totum
1692 376 1934 427 applicare

294 448 454 488 nititur
477 447 698 487 animum.

374 518 531 569 Nuper
551 523 746 567 rogatus
767 515 816 555 P.
841 528 867 555 a
884 516 1028 556 nobili
1049 515 1251 567 quadam
1269 516 1457 556 domina
1474 516 1530 556 de
1546 516 1713 557 Ffrens
1730 520 1933 570 appella—

294 596 355 636 ta,
377 589 433 628 ob
451 587 768 628 infirmitatem
782 587 954 627 lectulo
971 587 1292 638 decumbente,
1313 587 1360 627 in
1372 587 1468 627 suis
1485 587 1677 628 aedibus
1693 589 1933 630 celebrare

294 666 337 699 et
358 664 656 699 sacramenta
678 657 988 698 confessionis
1010 663 1054 698 et
1074 657 1400 697 Eucharistiae
1422 658 1509 698 sibi
1530 658 1859 699 administrare
1880 667 1931 700 ut

294 730 591 781 dignaretur,
617 729 815 778 contigit
844 728 1096 780 quamdam
1111 729 1315 769 nobilem
1330 729 1584 780 virginem,
1605 741 1697 769 una
1717 741 1822 770 cum
1838 730 1925 771 Do-

294 802 418 841 mina
440 801 618 845 eadem,
639 800 878 851 suscipere
895 805 1206 847 sacramenta,
1227 811 1347 851 quae
1363 806 1467 851 post
1484 799 1637 840 Patris
1654 800 1928 851 discessum,

294 872 507 912 omnibus
529 871 839 921 audientibus,
864 882 976 910 suae
997 870 1228 910 Dominae
1256 869 1463 910 dicebat:
1498 870 1612 921 Quis
1643 883 1735 911 non
1766 872 1841 912 vel
1872 873 1931 913 ad

294 943 417 983 mille
436 943 631 982 libenter
652 942 1030 993 proficisceretur
1051 942 1287 992 milliaria,
1313 941 1373 981 ad
1400 941 1665 981 huiusmodi
1696 943 1930 983 conscien*

293 1015 385 1054 tiae
407 1013 673 1054 habendum
694 1013 946 1053 medicum?
967 1012 1058 1052 Pro
1079 1012 1286 1052 maxima
1316 1012 1513 1052 habetur
1540 1013 1719 1064 gratia,
1754 1014 1792 1053 si
1822 1014 1933 1065 quid

294 1085 503 1137 obsequii
523 1084 659 1124 nobis
681 1089 925 1135 praestare
945 1084 1156 1134 valeant,
1181 1088 1225 1123 et
1245 1083 1392 1123 variis
1424 1083 1625 1134 artibus,
1655 1095 1774 1135 quae
1802 1096 1932 1125 recu—

293 1157 503 1197 savimus
525 1161 699 1207 aperte,
724 1155 943 1206 ingerere
965 1155 1146 1194 occulte
1162 1155 1432 1194 moliuntur.

374 1227 445 1268 De
464 1227 689 1267 fratribus
713 1233 867 1266 autem
888 1226 978 1265 hoc
999 1237 1143 1265 unum
1172 1226 1350 1277 scriptu
1379 1226 1572 1276 dignum
1601 1233 1779 1267 restare
1806 1227 1932 1267 vide-

297 1305 389 1340 tur:
413 1299 499 1339 hos
519 1305 630 1349 tres,
653 1304 766 1349 puto
790 1297 1071 1348 Magistrum
1092 1296 1451 1348 Theodericum,
1477 1297 1754 1349 Magistrum
1776 1297 1931 1338 Marti-

294 1382 405 1410 num
436 1376 480 1410 et
507 1369 737 1422 Joannem
764 1369 820 1409 de
847 1368 985 1417 Titia,
1018 1380 1135 1420 quos
1166 1369 1250 1408 sub
1278 1368 1417 1408 finem
1448 1368 1837 1420 quadragesimae
1873 1370 1933 1409 ad

294 1441 352 1482 V.
385 1441 433 1481 P.
470 1441 696 1487 misimus,
726 1440 1018 1490 fragrantem
1053 1440 1169 1480 adeo
1197 1440 1341 1479 animi
1376 1440 1445 1480 sui
1474 1441 1519 1480 in
1554 1440 1706 1480 Deum
1732 1440 1934 1481 fervoris

296 1512 420 1564 (quia
449 1518 545 1552 tam
579 1512 851 1564 parentibus
886 1522 1026 1562 quam
1062 1511 1225 1551 amicis
1260 1511 1491 1551 universis
1525 1512 1789 1552 insalutatis
1824 1511 1933 1552 hinc

294 1583 490 1635 profecti
512 1595 567 1623 ac
590 1583 830 1623 Christum
852 1583 1001 1622 secuti
1024 1584 1146 1630 sunt)
1176 1582 1221 1622 in
1250 1588 1463 1634 posteros
1489 1584 1628 1634 longe
1653 1584 1838 1635 lateque
1871 1585 1931 1623 di-

294 1660 565 1706 sperserunt
584 1654 790 1704 odorem,
810 1659 859 1694 ut
877 1654 1018 1693 etiam
1030 1654 1246 1705 patritios
1259 1653 1562 1694 Colonienses
1579 1655 1638 1702 ad
1650 1655 1932 1696 evolandum

294 1726 514 1777 ipsosque
537 1725 826 1777 sequendum
847 1730 1178 1776 provocarent,
1207 1737 1324 1776 quos
1344 1725 1438 1765 iam
1461 1725 1634 1766 dudum
1657 1738 1683 1766 a
1705 1725 1753 1765 Ρ.
1780 1726 1836 1766 V.
1859 1736 1933 1766 ex-

293 1803 454 1848 ceptos
476 1807 736 1848 speramus.
761 1795 942 1836 Verum
970 1802 1195 1847 quantam
1216 1796 1349 1836 nobis
1379 1797 1678 1837 minabantur
1711 1797 1933 1837 obventu-

294 1880 395 1908 ram
418 1867 712 1920 tragoediam
733 1867 816 1907 vix
837 1866 929 1907 dici
950 1873 1124 1918 potest,
1149 1868 1227 1919 qui
1248 1867 1357 1908 hinc
1387 1868 1462 1907 vel
1484 1868 1842 1908 subversionem
1870 1875 1935 1908 to-

293 1940 384 1979 tius
405 1938 657 1980 Societatis
679 1938 1003 1987 Hollandicae,
1028 1950 1085 1978 ne
1107 1938 1260 1978 dicam
1283 1939 1511 1989 regionis,
1537 1950 1585 1979 se
1616 1939 1779 1979 timere
1806 1940 1933 1980 iacti·

293 2011 471 2050 tabant.
494 2009 591 2050 Nos
612 2010 756 2050 talem
777 2009 996 2049 iuvenem
1016 2008 1295 2061 Magistrum
1317 2009 1682 2060 Theodoricum,
1707 2010 1844 2050 huius
1865 2022 1934 2051 ar-

295 2082 409 2121 tium
430 2081 668 2121 facultatis
691 2081 915 2131 primaria
937 2080 1210 2120 decoratum
1237 2082 1385 2131 lauro,
1409 2081 1639 2128 moribus,
1666 2081 1788 2121 vitae
1820 2082 1932 2122 inte-

293 2152 480 2204 gritate,
500 2151 772 2192 divitiarum
791 2151 1093 2202 abundantia,
1112 2163 1296 2192 necnon
1313 2158 1507 2192 caterva
1525 2153 1659 2203 quasi
1676 2153 1937 2193 amicorum

298 2223 431 2263 valde
453 2223 762 2273 nobilitatum,
787 2222 960 2263 furtive
981 2222 1227 2274 seducere,
1258 2223 1472 2263 omnibus
1500 2223 1673 2274 insciis,
1698 2235 1934 2275 praesum-

293 2295 457 2346 psisse,
481 2305 678 2345 quorum
701 2293 859 2333 furore
883 2293 1007 2345 (quia
1028 2294 1196 2345 ubique
1224 2295 1420 2334 multum
1447 2300 1642 2345 possunt
1669 2306 1935 2346 magnaque

295 2365 526 2405 habentur
554 2365 858 2412 auctoritate)
890 2370 985 2404 tam
1014 2365 1189 2413 aulam,
1220 2377 1361 2416 quam
1388 2366 1662 2416 quorumvis
1692 2366 1829 2405 huius
1857 2377 1934 2417 pa-

294 2436 411 2476 triae
433 2442 708 2487 magnatum
731 2442 895 2476 contra
916 2447 1003 2475 nos
1025 2435 1302 2475 excitandos
1323 2436 1607 2476 verebantur
1629 2437 1832 2487 animos;
1853 2437 1935 2476 sed

293 2519 417 2547 nunc
437 2507 651 2547 videntes
673 2506 824 2547 Deum
841 2518 1025 2547 omnem
1041 2512 1366 2557 tempestatem
1381 2507 1428 2547 in
1445 2508 1710 2548 serenitatis
1728 2513 1934 2548 mutasse

292 2579 699 2629 tranquillitatem,
738 2578 868 2629 quasi
908 2577 954 2617 in
995 2577 1216 2617 barathro
1257 2578 1580 2618 admirationis
1604 2579 1795 2627 detrusi,
1825 2579 1934 2631 quid

294 2649 506 2700 cogitare
527 2649 699 2700 quidve
721 2648 877 2688 dicere
898 2648 1063 2698 velint,
1086 2649 1315 2688 nesciunt.

374 2719 503 2759 Deus
523 2720 654 2771 pacis
676 2725 721 2759 et
744 2719 1006 2760 dilectionis
1023 2724 1210 2759 maneat
1227 2731 1411 2771 semper
1430 2732 1534 2760 cum
1552 2720 1765 2761 omnibus
1782 2720 1932 2759 nobis.

295 2789 464 2830 Amen.
