2168 3437
348 244 418 281 198
862 241 1089 278 LITTERAE
1117 250 1475 283 QUADRIMEsTREs

425 339 613 381 Semina
648 339 776 379 verbi
806 337 896 378 Dei
916 344 1048 378 tanta
1071 349 1177 377 cum
1197 336 1439 388 facundia,
1463 336 1666 387 fervore,
1691 336 1871 387 gratia,
1895 334 1984 376 fra-

345 420 416 452 ter
443 417 602 451 noster
632 409 937 450 charissimus
970 409 1177 461 Joannes
1212 408 1423 459 Baptista
1450 407 1681 457 diffundit,
1714 412 1764 447 ut
1795 407 1987 458 quamli—

345 484 421 523 bet
449 483 623 522 inculta
651 488 778 521 terra
806 481 885 531 sit,
916 492 1010 521 non
1038 480 1186 531 possit
1212 491 1306 519 non
1333 480 1531 519 multum
1556 478 1735 518 fructus
1757 477 1932 518 referre
1958 476 1983 518 ¹.

345 554 425 594 Bis
460 554 505 593 in
538 552 797 593 cathedrali
829 553 1001 603 templo
1029 564 1055 591 a
1088 551 1296 591 secunda
1318 550 1553 591 dominica
1588 550 1834 590 Adventus
1870 549 1986 601 (quo

345 624 650 676 praedicandi
666 635 834 663 munus
855 634 1052 663 exorsus
1072 622 1162 673 est)
1185 622 1348 662 eadem
1370 621 1525 672 gratia
1545 620 1852 672 praedicavit.
1879 619 1985 660 Offi-

345 696 526 736 ciorum
565 706 678 735 vero
718 694 1123 735 decantandorum
1161 693 1407 745 prolixitas
1444 692 1594 732 effecit
1634 699 1683 732 ut
1717 691 1844 732 aliud
1876 696 1985 731 tem-

345 768 471 819 plum
499 779 612 807 sane
634 766 945 817 commodius,
969 765 1095 817 quod
1124 765 1319 815 fratres,
1344 764 1470 804 servi
1497 764 1640 814 vulgo
1671 763 1804 814 dicti,
1830 762 1988 803 offere-

345 839 478 889 bant,
503 837 808 890 praedicandi
829 837 984 888 gratia
1006 837 1340 891 acceperimus5
1364 836 1415 876 In
1436 836 1524 875 hoc
1543 834 1789 874 dominicis
1806 834 1988 885 quibus—

346 922 434 961 que
457 910 617 949 diebus
639 915 770 949 tanto
794 908 1056 966 confluente
1084 908 1326 947 hominum
1356 918 1551 947 numero
1582 906 1778 946 verbum
1799 905 1990 945 Domini

345 981 694 1030 disseminavit,
732 986 781 1020 ut
814 979 1142 1032 processiones
1169 979 1244 1019 vel
1270 989 1470 1030 pompas
1497 977 1544 1017 in
1571 977 1800 1018 honorem
1834 987 1988 1016 sacro-

346 1053 499 1093 sancti
520 1052 806 1107 sacramenti
828 1051 1058 1091 celebrari
1079 1050 1241 1091 solitas
1259 1049 1357 1101 jam
1379 1049 1601 1099 secundo,
1624 1060 1718 1088 non
1739 1048 1828 1088 loci
1847 1058 1989 1098 angu-

344 1124 434 1164 stia
457 1124 541 1173 (est
564 1124 686 1164 enim
709 1124 931 1174 templum
953 1122 1043 1162 hoc
1070 1121 1325 1172 magnum),
1351 1119 1433 1160 sed
1455 1132 1567 1171 prae
1588 1120 1723 1159 turba
1747 1119 1987 1159 confertis-

349 1195 466 1235 sima
492 1207 679 1235 cessare
701 1206 893 1234 necesse
914 1193 1068 1233 fuerit.

425 1267 528 1307 Hac
558 1265 921 1318 quadragesima
950 1264 1062 1316 pagi
1092 1271 1136 1304 et
1167 1265 1380 1313 castella,
1413 1262 1470 1303 D.
1502 1262 1622 1302 Rmi.
1653 1262 1857 1302 dioecesi
1887 1261 1989 1301 sub-

345 1338 456 1389 dita,
482 1338 666 1378 visitari
688 1344 853 1388 coepta
877 1342 998 1376 sunt.
1022 1336 1073 1376 In
1099 1336 1251 1387 primo
1280 1346 1404 1387 pago
1435 1341 1615 1374 tantam
1642 1333 1872 1374 Dominus
1900 1333 1988 1372 fra-

343 1410 404 1450 tri
426 1410 551 1450 dedit
572 1409 775 1460 gratiam
797 1414 845 1448 ut
868 1408 1188 1448 confessiones
1218 1408 1376 1458 plures
1403 1406 1619 1457 triginta,
1649 1411 1835 1457 praeter
1863 1404 1988 1444 inve-

343 1487 544 1521 teratam
566 1481 655 1520 loci
677 1479 1083 1530 consuetudinem,
1121 1478 1272 1530 prima
1296 1477 1546 1518 Dominica
1567 1476 1701 1516 nobis
1733 1475 1991 1516 audiendas

342 1551 579 1602 detulerit,
604 1553 853 1603 pluresque
874 1551 1019 1590 multo
1043 1549 1409 1599 audivissemus,
1434 1549 1472 1589 si
1493 1560 1586 1588 nox
1614 1547 1988 1598 intempestivior

342 1623 538 1664 infestas
559 1623 776 1663 tenebras
798 1634 890 1662 non
912 1622 1165 1662 offudisset.
1190 1621 1241 1661 In
1263 1620 1470 1661 secundo
1493 1625 1587 1659 tres
1604 1618 1983 1670 praedicationes

343 1696 462 1735 mira
502 1695 736 1735 suavitate
776 1694 899 1734 idem
934 1693 1244 1745 deprompsit,
1285 1692 1452 1744 quibus
1486 1691 1739 1731 multorum
1775 1695 1990 1742 peccato—

342 1779 447 1807 rum
469 1767 665 1816 animas,
686 1777 837 1818 prava
855 1765 998 1805 etiam
1016 1764 1368 1805 contaminatas
1391 1762 1619 1815 peccandi
1637 1761 1989 1811 consuetudine,

343 1838 404 1878 ad
427 1837 736 1878 confessionis
759 1836 1017 1877 antidotum
1043 1836 1217 1886 coegit,
1252 1835 1371 1875 adeo
1399 1839 1449 1874 ut
1484 1840 1582 1874 toto
1613 1832 1685 1873 die
1720 1833 1778 1873 ad
1805 1832 1991 1884 profun-

344 1910 453 1949 dam
473 1915 682 1959 noctem,
706 1920 763 1948 ne
784 1909 887 1948 loco
910 1907 1097 1959 quidem
1120 1905 1340 1947 movendi
1370 1905 1504 1945 nobis
1533 1904 1827 1945 audientibus
1861 1903 1991 1943 dare-

343 1986 418 2020 tur
440 1980 656 2020 facultas.
681 1979 839 2019 Tertio
858 1979 931 2018 die
952 1979 1075 2018 idem
1094 1977 1272 2017 factum
1292 1977 1349 2016 iri
1378 1976 1679 2028 sperabatur,
1709 1975 1800 2014 nisi
1828 1974 1992 2014 schola

340 2058 555 2092 nostram
591 2062 783 2102 operam
811 2050 1095 2101 repetiisset,
1127 2049 1306 2100 iterque
1334 2048 1541 2098 longius,
1574 2052 1735 2098 utpote
1768 2056 1992 2096 passuum

341 2123 589 2164 duodecim
625 2122 839 2171 millium,
878 2121 1149 2161 maturioris
1177 2120 1356 2160 reditus
1384 2118 1718 2158 admonuisset.
1754 2117 1992 2168 Quantum

342 2194 535 2235 Castelli
558 2193 778 2245 oppidive
809 2192 1071 2232 rectoribus
1099 2203 1154 2230 ac
1185 2190 1434 2242 oppidanis
1463 2196 1626 2229 noster
1652 2188 1883 2240 placuerit
1915 2188 1989 2228 ad·

344 2272 533 2315 ventus,
558 2265 774 2315 ingratus
796 2263 934 2303 fuerit
956 2274 1191 2313 recessus,
1216 2274 1310 2301 non
1339 2261 1476 2301 modo
1503 2260 1661 2300 verbis
1693 2260 1993 2300 declararunt

343 2343 388 2378 et
408 2336 700 2385 muneribus,
734 2335 841 2374 licet
869 2346 963 2374 non
992 2333 1222 2385 acceptis,
1258 2333 1339 2373 sed
1368 2333 1540 2372 nuncio
1572 2332 1630 2371 ad
1658 2330 1714 2371 D.
1749 2330 1994 2371 Vicarium

342 2408 501 2457 misso,
527 2419 618 2459 quo
639 2413 851 2446 nostram
873 2416 1068 2456 operam
1090 2416 1174 2456 pro
1196 2409 1293 2444 tota
1318 2403 1681 2455 quadragesima
1714 2402 1990 2442 obtinerent.

425 2478 516 2520 Sed
537 2477 763 2519 memoria
793 2476 890 2517 fere
922 2476 1196 2516 exciderant
1225 2475 1298 2515 die
1329 2475 1622 2527 Epiphaniae
1656 2480 1858 2525 quatuor
1889 2484 1993 2512 eon—

345 2551 506 2591 ciones
534 2549 751 2590 discretis
779 2549 825 2588 in
853 2547 968 2588 locis
995 2547 1203 2597 habitae,
1244 2558 1443 2598 quarum
1478 2557 1570 2586 una
1602 2550 1710 2585 ante
1741 2544 1993 2584 communi-

346 2622 580 2662 cationem
615 2620 909 2661 sacrosancti
944 2618 1159 2669 corporis
1197 2617 1435 2658 Dominici
1475 2622 1631 2657 tantos
1670 2615 1992 2667 plangentium

345 2693 813 2743 misericordiamque
852 2690 940 2730 Dei
980 2689 1331 2741 implorantium
1366 2689 1588 2740 strepitus
1628 2686 1906 2737 suscitavit,
1945 2693 1994 2726 ut

344 2770 504 2804 tantae
535 2763 799 2803 devotionis
827 2768 1088 2810 auctorem,
1115 2759 1287 2810 Deum,
1312 2759 1535 2800 laudandi
1558 2769 1732 2810 magna
1760 2758 1819 2797 sit
1849 2757 1993 2798 omni-

345 2836 433 2876 bus
473 2835 685 2886 praebita
724 2833 936 2874 materia.
982 2832 1165 2872 Civium
1207 2830 1527 2871 confitentium
1573 2840 1793 2870 numerus
1840 2827 1992 2868 adhuc

404 3020 414 3039 ¹
454 3019 540 3047 Vide
565 3024 696 3053 tamen,
720 3019 827 3052 infra,
847 3018 985 3045 litteras
1008 3016 1112 3051 ipsius
1130 3015 1270 3043 Oliverii
1295 3016 1327 3042 31
1345 3015 1423 3042 Maii
1439 3015 1540 3042 datas
1556 3020 1587 3041 et
1603 3022 1688 3049 quac
1711 3014 1754 3041 ibi
1781 3012 1997 3041 animadver-

347 3068 463 3095 timus.
