2168 3437
330 280 400 318 240
840 279 1068 316 LITTERAE
1095 285 1454 320 QUADRIMESTRES

1027 729 1279 786 CCXIII

401 960 448 998 Ρ.
469 960 729 998 Leonardus
750 960 908 998 Kessel

449 1026 572 1064 Patri
590 1025 761 1074 Ignatio
781 1026 834 1063 de
853 1026 1037 1073 Loyola.

498 1091 701 1139 Colonia,
721 1091 768 1129 30
787 1092 954 1140 Aprilis
975 1091 1068 1130 1553
1085 1091 1110 1128 ¹.

1099 1371 1196 1413 IHS

414 1587 580 1628 Gratia
602 1593 646 1628 et
667 1599 762 1639 pax
782 1586 856 1627 ΚΕ
884 1587 942 1627 sit
958 1598 1142 1638 semper
1163 1585 1423 1626 nobiscum.

411 1658 512 1700 Rde
535 1659 581 1699 in
603 1659 685 1700 X?
706 1670 794 1710 pr.:
819 1658 927 1710 quia
951 1658 1213 1698 obedientia
1241 1663 1407 1697 sancta
1435 1661 1572 1707 urget
1600 1654 1761 1695 literas
1788 1650 1972 1704 quadri-

330 1737 529 1772 mestres
551 1730 609 1771 ad
626 1730 673 1771 P.
699 1731 758 1772 V.
778 1730 999 1781 scribere,
1025 1729 1231 1769 conabor
1250 1729 1415 1781 paucis
1437 1727 1495 1768 ad
1515 1725 1590 1767 X.i
1616 1725 1817 1777 gloriam
1839 1723 1972 1764 attin-

329 1815 443 1855 gere
465 1803 493 1854 ²,
518 1814 636 1855 quae
659 1802 876 1842 dominus
897 1813 981 1842 sua
1002 1801 1158 1853 gratia
1179 1800 1402 1841 Coloniae
1431 1799 1615 1851 operari
1638 1797 1859 1848 dignatus
1887 1801 1971 1835 est.

412 1875 464 1916 In
484 1874 647 1926 primis
673 1880 875 1926 quatuor
897 1873 1027 1913 hisce
1047 1872 1285 1913 mensibus
1302 1873 1416 1912 satis
1432 1875 1594 1911 nostra
1613 1868 1807 1910 Colonia
1825 1879 1852 1907 a
1871 1865 1973 1906 Deo

331 1952 527 1998 paterne
563 1946 795 1997 castigata
825 1951 869 1985 et
904 1944 1076 1985 afflicta
1109 1943 1196 1984 fuit
1229 1943 1376 1983 Variis
1418 1942 1690 1983 morborum
1724 1937 1976 1991 generibus

330 2018 652 2069 bellorumque
682 2016 960 2067 turbinibus,
990 2028 1078 2056 nec
1107 2014 1246 2056 modo
1282 2027 1340 2055 ex
1358 2005 1464 2054 toto
1499 2012 1646 2052 libera
1675 2010 1704 2062 ⁵,
1737 2009 1819 2050 sed
1853 2007 1977 2060 quod

331 2089 485 2140 magis
516 2088 766 2128 dolendum
797 2094 882 2139 est,
915 2087 1038 2139 quod
1064 2087 1191 2127 nulla
1219 2084 1234 2104 ‘⁴
1261 2091 1482 2137 sequatur
1516 2081 1796 2124 emendatio.
1833 2080 1977 2120 Hisce

332 2160 621 2212 temporibus
657 2171 832 2210 magna
869 2159 1027 2199 oblata
1062 2158 1149 2199 fuit
1183 2157 1370 2198 occasio
1394 2155 1619 2196 visitandi
1653 2153 1883 2203 infirmos,
1917 2151 1977 2191 ad

335 2243 451 2283 quos
477 2232 652 2283 pluries
678 2231 837 2271 vocati
862 2230 1050 2281 fuimus,
1079 2231 1200 2270 inter
1234 2240 1350 2280 quos
1379 2227 1521 2279 aliqui
1549 2224 1843 2277 octogenarii
1870 2234 1976 2263 cum

335 2315 508 2355 magna
542 2303 822 2343 contritione
850 2308 1153 2353 peccatorum
1182 2312 1209 2340 a
1238 2300 1397 2352 pueris
1425 2297 1768 2340 confessionem
1794 2295 1973 2346 incepe-

334 2381 457 2426 runt,
482 2375 590 2426 quia
612 2385 853 2425 nunquam
873 2372 991 2413 bene
1013 2372 1218 2412 confessi
1238 2376 1388 2421 erant,
1409 2376 1453 2410 et
1471 2370 1538 2410 sic
1560 2369 1616 2409 de
1632 2367 1837 2419 reliquis,
1869 2376 1976 2406 cum

335 2457 507 2497 magna
535 2445 743 2485 omnium
770 2443 1119 2494 aedificatione,
1152 2443 1216 2483 ita
1243 2448 1294 2482 ut
1320 2441 1504 2494 publice
1530 2440 1578 2481 in
1607 2438 1782 2480 mensis
1818 2437 1976 2477 dicant

336 2518 564 2567 homines,
592 2517 786 2557 “mirum
808 2522 877 2556 est
907 2514 1029 2567 quod
1056 2526 1217 2555 omnes
1238 2513 1424 2564 infirmi,
1456 2511 1535 2564 qui
1556 2511 1664 2551 huic
1685 2509 1814 2550 Patri
1835 2506 1974 2548 confi-

334 2595 505 2640 tentur,
540 2589 849 2628 restituantur
884 2586 1090 2637 sanitati,
1114 2591 1158 2626 et
1184 2585 1332 2626 vitam
1365 2584 1413 2625 in
1442 2583 1608 2624 melius
1643 2585 1972 2629 commutant„.

335 2659 480 2700 Adfui
519 2660 661 2700 etiam
700 2658 968 2699 hominibus
1009 2656 1425 2709 desperatissimis,
1463 2654 1540 2706 qui
1578 2653 1757 2705 seipsos
1792 2650 1976 2691 diabolo

334 2731 477 2772 etiam
499 2731 646 2771 literis
668 2729 858 2782 proprio
880 2728 1110 2780 sanguine
1132 2728 1320 2780 scriptis
1345 2726 1637 2767 tradiderant
1659 2729 1702 2764 et
1722 2734 1805 2775 per
1827 2731 1976 2761 annos

391 2915 402 2936 ¹
440 2915 680 2952 Autographa.
698 2915 822 2950 duplici
840 2915 918 2942 folio
934 2916 994 2942 sub
1009 2922 1062 2942 nn.
1077 2914 1130 2941 304
1148 2918 1180 2941 et
1195 2913 1470 2941 305.—Habemus
1486 2917 1519 2938 et
1536 2908 1790 2945 apographum,
1805 2906 1839 2933 in
1855 2904 1977 2940 Hispa-

336 2963 427 2990 niam
442 2963 550 2990 Roma
565 2964 714 2996 missum=
730 2964 763 2990 in
780 2963 941 2990 Historia
956 2963 1072 2995 varia,
1086 2966 1107 2989 t.
1122 2969 1143 2995 Ι,
1160 2962 1217 2989 fol.
1232 2961 1294 2989 305.

390 3010 404 3029 ’ἓ
443 3012 631 3038 Contexere
646 3011 835 3046 scripserat
851 3010 968 3038 Kesse]
982 3032 986 3045 ‚
1003 3018 1066 3045 quo
1082 3010 1204 3042 deleto,
1220 3008 1464 3044 suprascripsit
1482 3006 1649 3034 Polancus
1666 3003 1854 3036 attingere.

390 3058 404 3078 ³
442 3058 590 3086 necdum
606 3059 715 3086 libera
732 3060 795 3086 cst.
814 3060 988 3086 Polancus.

392 3106 407 3126 4
444 3106 516 3134 Hoc
532 3106 636 3134 etiam
652 3107 849 3134 emendavit
865 3106 1049 3140 Polancus,
1068 3105 1165 3132 nulla
1182 3105 1298 3133 delens
1313 3108 1346 3132 et
1361 3103 1513 3131 scribens
1530 3102 1670 3135 exigua.
