2168 3437
949 239 1030 275 AN.
1062 237 1154 275 1553
1797 233 1869 269 457

235 349 398 378 eorum
435 337 628 376 audiens
663 335 995 382 confessiones,
1025 340 1123 374 tum
1151 333 1291 373 etiam
1318 338 1541 384 urgentes
1562 331 1775 371 stimulos
1810 329 1869 370 ad

236 408 411 450 Christi
439 407 574 447 fidem
610 407 900 446 retinendam
931 412 1069 457 atque
1092 403 1468 444 conservandam
1503 402 1697 450 addens3
1732 407 1870 453 parat

238 486 509 531 praeterea,
542 489 661 529 quae
690 483 857 528 potest,
892 476 1048 516 omnia
1080 475 1434 526 aegrotantibus
1469 473 1689 525 captivis,
1722 473 1801 524 qui
1821 472 1871 511 in

237 550 439 602 quodam
455 548 767 598 xenodochio,
788 547 919 587 cuius
936 547 1033 598 ipse
1051 558 1212 586 curam
1229 546 1382 595 habet,
1407 550 1610 593 manent3
1634 544 1689 583 iis
1711 543 1866 593 etiam,

237 621 314 673 qui
343 620 400 660 ab
422 620 548 660 heris
577 620 696 659 male
725 623 1011 667 tractantur3
1043 617 1164 668 quod
1199 617 1247 656 in
1268 616 1416 656 literis
1444 616 1541 655 suis
1569 616 1667 666 ipse
1689 621 1867 664 narrat,

237 703 437 743 quarum
458 702 579 730 unae
601 701 707 729 cum
726 689 815 728 hac
837 689 972 728 simul
1002 688 1267 737 mittuntur;
1306 687 1425 726 aliae
1455 686 1654 726 diversis
1688 685 1872 724 vicibus

238 768 346 802 sunt
363 760 684 801 transmissae.
715 758 823 798 Plus
843 759 967 798 mille
989 769 1240 797 aureorum
1260 769 1383 797 nunc
1414 757 1460 796 in
1488 757 1783 807 captivorum
1803 767 1873 795 re-

238 832 552 883 demptionem
575 830 634 870 ad
651 841 755 869 eum
777 829 1016 878 mittimus,
1036 840 1155 879 quos
1175 828 1436 879 Episcopus
1458 828 1660 879 quidam,
1684 827 1873 867 Evorae

237 914 359 943 nunc
377 902 643 952 defunctUS,
669 912 725 940 ac
744 899 954 940 nonnulli
971 899 1050 939 alii
1066 899 1254 950 privati,
1278 899 1424 950 ipsius
1441 899 1648 950 epistolis
1670 910 1725 938 ac
1741 904 1875 938 tanta

237 985 396 1014 rerum
429 972 710 1012 necessitate
745 970 986 1017 commoti.
1022 970 1182 1020 largiti
1216 976 1323 1009 sunt
1342 980 1349 1019 3
1388 976 1527 1021 atque
1565 970 1653 1009 hoc
1690 968 1876 1020 quidem

241 1049 428 1096 praeter
468 1043 534 1094 id,
576 1043 699 1094 quod
737 1041 846 1082 hinc
885 1052 1070 1093 semper
1109 1040 1168 1080 ad
1208 1040 1485 1080 constitutos
1520 1040 1733 1080 homines
1767 1040 1877 1079 illuc

237 1114 584 1155 transmittitur.
607 1113 775 1153 Incitat
795 1112 1005 1164 profecto
1035 1123 1128 1151 non
1152 1122 1321 1163 parum
1348 1110 1407 1150 ad
1438 1110 1527 1150 Dei
1554 1110 1714 1150 laudes
1745 1116 1879 1150 tanta

242 1185 576 1226 Lusitanorum
597 1183 656 1224 ad
676 1184 792 1224 haec
813 1182 1163 1224 misericordiae
1184 1194 1326 1233 opera
1348 1182 1612 1233 propensio.

318 1256 444 1297 Velit
460 1255 588 1296 Deus
607 1255 712 1306 Opt.
732 1254 858 1294 Max.
877 1254 966 1294 hoc
982 1253 1117 1293 nobis
1136 1259 1381 1305 praestare
1403 1253 1574 1293 donum
1595 1258 1644 1292 ut
1665 1252 1711 1292 in
1733 1253 1880 1292 omni-

238 1328 324 1368 bus
354 1327 500 1379 ipsius
529 1327 821 1367 voluntatem
845 1325 1162 1376 intelligamus
1192 1324 1489 1376 perfecteque
1517 1324 1875 1374 adimpleamus.

243 1398 418 1439 Omnes
435 1404 592 1438 autem
612 1397 705 1437 tuis
720 1409 807 1437 nos
827 1396 1046 1448 precibus
1064 1407 1119 1436 ac
1141 1395 1451 1436 sanctissimis
1472 1395 1734 1443 sacrificiis,
1759 1406 1879 1433 voce

240 1469 418 1521 pariter
447 1480 501 1509 ac
532 1469 689 1508 animo
711 1468 936 1520 supplici,
956 1466 1338 1507 commendamus
1361 1473 1425 1514 ut,
1446 1478 1562 1517 quas
1580 1466 1631 1506 T.
1655 1466 1708 1505 R.
1728 1466 1776 1505 Ρ.
1797 1466 1879 1505 mi-

239 1540 432 1580 nisterio
450 1539 810 1579 constitutiones
828 1539 1116 1590 accepimus,
1141 1549 1221 1577 eas
1241 1538 1453 1577 absolute
1475 1549 1530 1577 ac
1547 1537 1752 1576 maxima
1775 1547 1883 1576 cum

241 1611 387 1651 animi
409 1611 588 1651 laetitia
608 1611 748 1650 liceat
769 1610 1039 1661 adimplere.

321 1682 634 1733 Ulissiponae.
653 1682 864 1733 Epistola
880 1681 997 1721 haec
1014 1680 1188 1720 mensis
1204 1678 1492 1731 Septembris
1510 1680 1641 1719 initio
1660 1680 1881 1719 inchoata

239 1759 323 1804 est,
349 1753 425 1793 cui
454 1753 675 1793 adiuncta
697 1763 1018 1804 quaecumque
1040 1763 1186 1803 usque
1209 1751 1268 1791 ad
1288 1751 1526 1803 sequentis
1548 1751 1720 1790 mensis
1748 1762 1880 1790 exor—

243 1825 371 1865 dium
398 1830 533 1875 gesta
568 1830 689 1863 sunt.
734 1823 854 1864 Tum
891 1823 1015 1863 enim
1058 1822 1260 1874 primum
1297 1822 1397 1862 fieri
1437 1822 1721 1874 incipiebant
1764 1821 1880 1861 haec

242 1895 412 1936 omnia.

322 1966 461 2006 Anno
483 1965 674 2005 Domini
697 1964 813 2005 1553.

322 2110 473 2149 Manu
508 2108 681 2148 Patris
717 2107 955 2148 Polanco:
982 2107 1070 2148 Del
1103 2107 1152 2147 P.
1190 2107 1345 2148 Miron
1372 2120 1429 2147 en
1457 2108 1594 2158 lugar
1621 2107 1676 2146 de
1706 2107 1775 2146 los
1796 2105 1882 2146 Co-

242 2180 409 2232 legios.

325 2250 435 2291 Alia
455 2263 628 2291 manu:
651 2251 773 2302 1553,
796 2250 1103 2302 Ulyssipona‚
1134 2250 1199 2290 P.i
1228 2249 1521 2301 septembris.

326 2322 510 2362 Iterum
531 2321 751 2365 Polcmczt·
772 2328 816 2362 et
839 2321 1075 2362 Octobris.
