2168 3437
372 261 440 299 130
878 262 1106 313 LITTERAE
1134 272 1498 304 QUADRIMESTRES

369 359 553 410 doctor,
584 360 660 400 vir
691 359 850 410 magni
878 358 1080 398 nominis
1101 365 1145 398 et
1174 358 1417 398 doctrinae
1439 359 1715 410 praeclarae
1746 359 1934 400 Patrem
1961 361 2009 400 in

368 430 705 470 confessarium
733 430 819 470 sibi
854 429 1035 481 optavit
1068 441 1209 481 seque
1236 429 1445 469 vicissim
1479 429 1668 470 Patrem
1701 436 1892 470 nostrae
1927 429 2008 471 So-

367 502 548 541 cietatis
577 513 627 541 re
654 501 755 552 ipsa
786 500 993 550 exhibet,
1026 512 1291 552 magnoque
1323 512 1381 540 ex
1407 500 1582 540 intimis
1611 501 1902 552 praecordiis
1931 501 2011 541 de—

366 571 536 612 siderio
558 583 633 612 res
660 577 846 611 nostras
874 583 1154 623 promovere
1175 572 1362 622 satagit.
1388 571 1491 611 Hoc
1513 571 1725 611 adiutore
1752 584 2006 623 numquam

365 655 439 683 res
460 649 650 683 nostrae
672 654 778 683 cum
797 643 1031 694 Episcopo
1061 642 1329 683 Coloniensi
1350 642 1539 682 meliore
1561 642 1607 681 in
1629 643 1731 682 loco
1754 643 1898 682 fuere.
1920 643 2003 683 Est

365 715 489 754 enim
520 715 753 766 Episcopo
784 715 842 754 ab
872 714 1048 754 intimis
1079 714 1286 754 consiliis
1319 712 1352 763 ¹3
1389 713 1465 753 hic
1502 725 1607 753 cum
1635 714 1870 753 nonnullis
1905 714 2014 754 aliisv

363 785 477 825 viris
493 786 698 837 egregiis
715 796 908 825 causam
928 791 1140 825 nostram
1155 785 1202 824 in
1219 796 1267 824 se
1285 784 1543 830 transtulit:
1564 795 1730 824 Verum
1746 784 1802 824 de
1820 785 1891 824 his
1907 785 2005 836 ipse

362 857 412 896 P.
436 857 576 897 latius
597 857 649 897 T.
672 856 726 896 R.
746 857 1095 907 perscripturus
1118 861 1202 895 est.

441 928 677 968 Innumeri
710 927 953 979 utriusque
987 939 1130 967 sexus
1156 927 1368 967 homines
1397 927 1698 966 vehementer
1730 926 1999 966 desiderant

361 999 409 1039 P.
434 999 733 1040 Leonardum
750 998 1102 1049 confessarium,
1122 998 1161 1038 si
1179 998 1370 1038 daretur
1387 998 1730 1049 opportunitas.
1754 997 2001 1049 Templum

361 1071 484 1110 enim
511 1076 702 1110 nostrae
728 1069 982 1121 parochiae
1004 1070 1157 1110 rarius
1187 1075 1330 1121 patet,
1357 1069 1552 1121 proinde
1573 1069 1732 1119 vicini,
1760 1075 2003 1108 matronae

361 1142 554 1192 nobiles,
580 1147 624 1181 et
645 1141 864 1181 doctores
885 1141 1138 1180 sollicitant
1159 1146 1207 1180 ut
1225 1140 1271 1180 in
1292 1152 1473 1180 summo
1490 1141 1661 1192 templo
1679 1139 1999 1180 confessarius

365 1212 586 1253 succedat
607 1213 654 1252 in
670 1213 823 1252 locum
842 1212 1110 1263 nuperrime
1127 1212 1373 1261 demortui,
1394 1220 1442 1251 ut
1458 1212 1556 1263 ipse
1573 1210 1712 1251 Pater
1728 1211 1848 1251 forte
1864 1212 2004 1251 latius

363 1284 415 1324 T.
439 1284 489 1324 P.
519 1283 746 1324 edocebit.
778 1283 929 1323 Pestis
950 1283 1025 1323 hic
1049 1282 1271 1323 Coloniae
1301 1289 1520 1334 coeperat
1542 1282 1769 1334 grassari,
1806 1282 1888 1322 sed
1908 1282 2003 1322 iam

363 1356 519 1396 mitius
542 1367 644 1396 sese
665 1355 799 1405 gerit.
822 1354 1089 1394 Dolendum
1110 1355 1306 1394 multum
1327 1354 1449 1405 quod
1468 1354 1633 1405 religio
1658 1355 1705 1394 in
1726 1359 1891 1394 sancta
1912 1353 2003 1393 hac

363 1427 476 1467 urbe
494 1432 538 1466 et
549 1426 738 1478 pietatis
758 1425 995 1477 quondam
1014 1437 1122 1465 arce
1139 1431 1320 1465 tantum
1336 1425 1507 1477 frigeat
1523 1431 1567 1465 et
1580 1426 1627 1465 in
1643 1425 1742 1465 dies
1759 1425 1910 1476 magis
1928 1425 2007 1464 de->

362 1498 502 1539 ficiat.
527 1497 695 1538 Omnia
712 1498 788 1537 hic
809 1502 854 1537 et
873 1508 1087 1537 annonae
1109 1497 1305 1536 caritate
1323 1503 1368 1537 et
1388 1497 1496 1537 belli
1511 1497 1713 1536 miseriis
1729 1496 2000 1547 perturban-

363 1576 451 1609 tur.
477 1568 529 1609 In
547 1568 756 1609 futuram
776 1574 1004 1608 aestatem
1025 1579 1258 1607 novorum
1276 1568 1503 1607 bellorum
1520 1568 1673 1607 minae
1695 1568 2004 1607 intentantur*

364 1640 436 1681 Oh
457 1640 690 1681 infelicem
711 1639 1039 1681 Germaniam!
1065 1632 1145 1679 Oh'
1160 1640 1321 1690 quanti
1342 1639 1425 1679 tibi
1447 1645 1632 1679 constat
1660 1639 1772 1678 vani
1799 1638 2002 1678 hominis

363 1724 589 1764 perversa
619 1711 853 1752 doctrina!
886 1711 1112 1751 Homines
1141 1716 1320 1761 tamen,
1350 1711 1469 1762 proh
1495 1710 1667 1762 pudor!
1695 1710 1839 1750 tantis
1865 1710 2001 1750 malis

364 1797 455 1824 non
478 1784 750 1834 mitigantur
777 1783 859 1823 sed
887 1783 1040 1833 magis
1068 1794 1152 1822 ceu
1180 1782 1429 1822 durissima
1457 1793 1575 1822 saxa
1606 1782 1898 1822 indurantur.
1932 1781 2004 1822 Oh

362 1862 556 1907 pectora
578 1854 905 1895 adamantina!
931 1853 1003 1894 Oh
1024 1865 1193 1894 caecos
1212 1854 1389 1903 oculos,
1414 1865 1531 1905 quos
1552 1859 1710 1892 tantae
1729 1852 2005 1893 afflictiones

364 1939 457 1967 non
479 1926 711 1978 aperiunt!

444 1997 578 2037 Nunc
595 2003 751 2037 autem
768 1996 827 2036 ad
844 2008 920 2036 res
933 1996 1216 2036 domesticas
1231 1996 1383 2035 venio.
1398 1995 1630 2035 Numerus
1641 1995 1840 2035 fratrum
1855 1995 1913 2035 ad
1926 2007 2002 2035 nu-

366 2080 545 2109 merum
567 2068 826 2108 ternarium
848 2068 1076 2108 adauctus
1108 2073 1178 2107 est
1208 2067 1336 2107 hisce
1358 2067 1608 2117 mensibus,
1638 2079 1731 2106 non
1753 2067 1852 2107 sine
1873 2078 2003 2118 prae—

365 2140 496 2192 sagio
524 2140 780 2179 multorum
815 2139 1066 2179 bonorum:
1104 2138 1334 2189 siquidem
1361 2138 1436 2177 hic
1464 2149 1685 2178 numerus
1720 2138 2004 2178 sacerrimus

364 2212 410 2251 in
431 2210 687 2263 Scripturis
708 2210 930 2261 habetur;
955 2210 1033 2261 qui
1055 2217 1244 2260 omnes,
1263 2210 1459 2260 quisque
1477 2209 1524 2248 in
1546 2209 1641 2249 suis
1660 2209 1825 2249 studiis
1841 2209 2001 2260 gnavi-

366 2291 435 2322 ter
469 2287 672 2334 pergunt
700 2281 817 2321 adeo
847 2287 896 2321 ut
923 2292 1011 2331 me,
1043 2280 1399 2331 frigidissimum
1435 2280 1607 2331 alioqui
1632 2280 1880 2331 hominem,
1917 2291 2002 2319 suo

366 2353 566 2394 fervoris
588 2353 697 2404 igne
725 2353 921 2392 multum
942 2352 1243 2392 inflamment.
1277 2350 1452 2391 Sancta
1474 2352 1705 2403 quaedam
1735 2363 1821 2391 nec
1849 2353 2002 2391 minus

367 2424 570 2466 iucunda
605 2425 731 2464 lucta
762 2434 903 2475 saepe
928 2423 1080 2474 pascit
1106 2423 1266 2462 oculos
1295 2433 1438 2472 meos,
1464 2422 1573 2462 dum
1593 2433 1741 2473 grave
1764 2427 2001 2462 certamen

368 2497 515 2537 oritur
531 2508 616 2548 pro
634 2494 851 2535 lavandis
867 2494 1073 2534 scutellis
1089 2500 1133 2533 et
1152 2493 1254 2533 aliis
1271 2493 1624 2533 sordidiusculis
1640 2493 1871 2545 operibus,
1892 2493 2001 2532 dum

368 2569 443 2608 hic
464 2567 623 2608 furtim
645 2566 780 2607 alteri
808 2576 977 2606 munus
1002 2565 1243 2616 praeripit.
1275 2564 1414 2604 Tanti
1441 2565 1636 2616 quisque
1662 2564 1775 2604 facit
1808 2564 2000 2604 humilia

367 2650 588 2679 exercere
623 2637 774 2678 officia
811 2637 1004 2687 aliisque
1032 2636 1283 2686 inservire,
1319 2647 1405 2675 nec
1440 2636 1693 2685 immerito;
1724 2646 2000 2686 persuasum

367 2711 490 2750 enim
510 2710 683 2750 habent
705 2708 813 2748 inde
836 2708 1049 2748 excelsas
1069 2707 1252 2757 gratiae
1275 2707 1462 2747 divitias
1483 2718 1778 2759 promanare.
1905 2760 1906 2763 Ἴ

446 2781 672 2831 Obsecro,
697 2780 759 2821 mi
780 2779 936 2829 Pater,
966 2778 1105 2819 liceat
1126 2790 1207 2829 per
1231 2784 1358 2818 tuam
1379 2784 1624 2830 paternam
1654 2777 1876 2829 pietatem
1910 2777 1998 2816 sra-

365 2861 487 2892 trum
509 2851 856 2892 Coloniensium
873 2860 1117 2890 commune
1135 2850 1460 2889 munusculum
1476 2849 1698 2889 fratribus
1715 2848 1812 2888 suis
1832 2846 1998 2887 Roma-

416 3035 426 3055 ¹
466 3034 677 3062 Conveniunt
693 3037 816 3060 cuncta
837 3034 922 3060 haec
944 3033 1015 3060 Dri.
1039 3032 1124 3059 Dno.
1139 3032 1260 3066 Joanni
1279 3033 1466 3067 Groppero,
1498 3034 1537 3060 de
1560 3041 1624 3068 quo
1639 3033 1821 3060 videndum
1845 3032 1997 3058 Pomm

364 3083 498 3114 Chron„
512 3081 719 3116 praesertim
735 3085 758 3108 t.
775 3088 808 3108 ιι.

2157 263 2168 286 ,·
2151 181 2168 235 ⁴:55
