2168 3437
345 268 416 305 560
858 265 1089 302 LITTERAE
1115 275 1474 308 QUADRIMESTRES

343 375 462 405 unus
497 363 698 403 fratrum
725 361 960 412 oratione,
998 373 1090 413 qua
1126 373 1287 402 omnes
1323 362 1382 402 ad
1416 362 1590 403 Christi
1625 361 1977 413 Philosophiam

344 433 717 486 amplectendam
737 432 1034 475 hortabatur.
1053 433 1174 473 Huic
1197 433 1332 485 quasi
1359 434 1630 485 spectaculo
1660 439 1847 484 praeter
1878 444 1979 473 cae-

342 512 467 545 teros
488 504 739 544 adfuerunt
759 504 849 544 viri
871 503 1062 555 quidam
1078 504 1371 555 nobilissimi,
1390 505 1470 556 qui
1486 503 1668 549 deinde.
1688 504 1827 544 hilari
1846 516 1901 545 ac
1918 504 1980 544 fe-

344 577 466 616 stivo
502 575 634 615 vultu
669 575 910 626 abeuntes,
947 575 1108 615 Verbis
1143 575 1450 615 declarabant
1484 587 1624 627 quam
1650 574 1856 627 jucunda
1892 575 1980 615 sibi

344 647 499 687 omnia
532 646 811 687 extitissent.
841 646 967 687 Inter
994 647 1199 698 reliquos
1228 647 1417 699 quidam
1446 647 1746 697 adolescens,
1780 646 1855 687 cui
1884 658 1987 687 car-

342 718 469 758 mina
495 729 670 768 graeca
700 717 889 758 fuerunt
923 718 1190 769 commissa,
1228 723 1325 758 tam
1361 718 1551 769 egregie
1582 729 1692 758 suas
1717 723 1877 769 partes
1906 718 1982 758 ab·

343 789 498 839 solvit,
523 794 572 828 ut
598 800 692 828 non
720 794 816 829 tam
840 789 984 829 latine
1006 800 1147 841 quam
1172 800 1346 840 graece
1368 789 1489 829 scire
1517 789 1781 838 videretur3
1808 795 1852 829 et
1876 789 1984 840 quia

340 861 672 900 nonnullorum
701 860 1039 912 discipulorum
1060 860 1299 912 profectus
1330 859 1556 912 majorem
1590 861 1839 901 lectionem
1864 860 1987 901 effla—

341 932 544 983 gitabat,
573 932 774 982 classes,
794 943 914 983 quae
931 932 1133 983 primum
1151 938 1352 984 quatuor
1369 932 1575 982 fuerant,
1601 932 1647 972 in
1669 932 1871 984 quinque
1894 931 1982 971 dis-

340 1003 586 1053 tinximUS‚
612 1015 810 1055 quarum
831 1004 984 1055 prima
1005 1002 1145 1043 habet
1166 1004 1513 1055 provectiores,
1538 1003 1705 1055 quibus
1727 1003 1986 1043 rhetorices

340 1080 596 1125 praecepta
618 1075 970 1126 praeleguntur.

423 1144 538 1186 Sunt
551 1145 627 1185 hic
642 1145 733 1186 duo
747 1144 960 1197 juvenes,
987 1146 1066 1197 qui
1081 1146 1128 1185 in
1145 1145 1430 1186 Societatem
1447 1144 1629 1185 admitti
1647 1145 1855 1197 cupiunt,
1876 1156 1984 1197 quo-

342 1228 447 1257 rum
475 1217 607 1267 alter,
632 1217 879 1268 provincia
900 1217 937 1257 F
941 1218 1120 1267 landes,
1145 1217 1192 1257 in
1212 1217 1371 1258 latinis
1391 1223 1643 1269 utcumque
1666 1216 1900 1267 eruditus,
1925 1217 1985 1256 al-

341 1296 409 1329 ter
430 1289 743 1341 Florentinus,
767 1289 891 1330 intra
912 1301 1089 1341 paucos
1111 1289 1225 1340 dies,
1251 1289 1444 1340 cognita
1467 1289 1591 1329 illius
1612 1288 1984 1340 perseverantia,

341 1361 388 1401 in
408 1367 624 1401 nostrum
643 1373 889 1402 numerum
911 1361 1198 1402 admittetur.

421 1432 561 1473 Domi
597 1439 824 1485 quotquot
859 1438 967 1473 sunt
1003 1433 1298 1473 continenter
1327 1432 1718 1484 occupationibus
1751 1437 1983 1472 tenentur:

341 1503 506 1544 Patres
528 1504 772 1545 audiendis
806 1505 1202 1555 confessionibus,
1232 1504 1418 1554 fratres,
1453 1505 1532 1544 alii
1561 1504 1784 1545 docendis
1813 1503 1984 1554 pueris,

347 1576 425 1616 alii
460 1576 664 1628 negotiis
699 1576 1009 1616 familiaribus
1045 1576 1259 1616 districti.
1290 1575 1431 1616 Faxit
1463 1576 1594 1616 Deus
1631 1582 1680 1616 ut
1709 1575 1868 1615 omnia
1895 1574 1987 1614 sint

339 1659 452 1688 suae
475 1648 663 1688 divinae
685 1648 917 1688 voluntati
940 1659 1081 1699 quam
1103 1648 1307 1687 maxime
1323 1654 1658 1688 consentanea.

418 1717 522 1760 Non
544 1719 758 1759 omittam
778 1719 868 1759 hoc
890 1720 1011 1769 1000,
1037 1719 1162 1770 quod
1184 1719 1371 1759 cuidam
1393 1718 1531 1759 fratri
1554 1718 1731 1768 evenit,
1755 1728 1892 1769 quem
1909 1728 1986 1768 pa-

339 1798 408 1831 ter
449 1790 707 1831 secundum
735 1802 946 1841 carnem,
979 1789 1221 1842 cujusdam
1254 1790 1544 1831 Marchionis
1579 1801 1666 1841 ope
1694 1788 1907 1840 adjutus,
1940 1788 1986 1827 in

340 1862 492 1902 aliena
532 1862 669 1902 domo
702 1867 928 1913 tanquam
963 1862 1010 1901 in
1046 1873 1238 1902 carcere
1272 1861 1574 1902 detinendum
1608 1860 1874 1910 laboravit3
1910 1859 1987 1899 ubi

339 1934 471 1974 multi
492 1933 650 1973 conati
674 1939 795 1981 sunt,
821 1933 959 1973 modo
980 1933 1243 1984 blanditiiS,
1266 1933 1406 1974 modo
1424 1932 1851 1984 increpationibus,
1875 1943 1987 1971 non-

343 2017 600 2057 numquam
623 2004 764 2045 etiam
779 2004 968 2056 pietatis
983 2005 1188 2055 nomine,
1209 2017 1236 2045 a
1251 2017 1367 2045 vera
1384 2004 1558 2056 pietate
1576 2015 1801 2052 avocare,
1821 2003 1988 2055 quibus

338 2088 600 2128 generosus
627 2075 814 2127 juvenis
843 2087 1079 2128 verusque
1107 2075 1281 2117 Christi
1313 2082 1497 2116 amator
1533 2076 1597 2116 ita
1632 2075 1905 2125 resistebat,
1939 2080 1987 2113 ut

337 2148 521 2188 nescias
542 2154 699 2188 utrum
720 2147 767 2187 in
786 2146 864 2187 illo
885 2147 1165 2187 laudabilius
1187 2146 1427 2199 judicares
1459 2152 1736 2187 sanctamne
1753 2146 1801 2185 in
1820 2151 1986 2185 sancto

339 2219 581 2271 proposito
618 2218 954 2268 constantiam,
993 2230 1053 2258 an
1090 2230 1205 2258 vero
1236 2218 1283 2258 in
1314 2218 1644 2270 respondendo
1675 2215 1986 2257 mansuetudi-

339 2302 459 2332 nem.
484 2290 587 2342 Ipse
609 2290 754 2340 enim,
788 2289 1004 2330 demissis
1025 2290 1073 2330 in
1093 2295 1269 2330 terram
1292 2290 1460 2341 oculis,
1485 2289 1702 2341 potestis,
1726 2288 1897 2340 inquit,
1923 2287 1987 2327 vi-

340 2370 436 2404 tam
459 2362 644 2403 auferre
675 2373 731 2402 ac
765 2362 821 2402 de
850 2373 1049 2414 corpore
1078 2374 1182 2403 meo
1213 2362 1434 2415 quicquid
1456 2362 1641 2402 libuerit
1669 2360 1872 2410 efficere;
1906 2359 1987 2399 sed

341 2436 631 2476 voluntatem
665 2446 817 2474 meam
858 2445 1163 2486 nequaquam
1198 2434 1312 2475 mihi
1351 2434 1564 2486 profecto
1605 2432 1842 2473 auferetis.
1883 2429 1988 2470 Noli

339 2515 579 2558 quaerere3
604 2511 765 2546 tantae
781 2517 858 2545 res
879 2505 1221 2546 aedificationis
1241 2506 1343 2557 fuit,
1367 2511 1416 2545 ut
1438 2505 1554 2545 mire
1578 2515 1739 2544 omnes
1758 2502 1986 2543 invictam

339 2577 439 2629 ejus
459 2577 745 2618 mirarentur
762 2579 1180 2628 perseverantiam.
1201 2577 1333 2617 Haec
1350 2582 1458 2617 sunt
1477 2587 1597 2627 quae
1617 2573 1866 2615 scribenda
1883 2585 1987 2613 cen-

341 2649 532 2690 suimus.
556 2648 634 2688 De.
650 2648 827 2699 reliquo
848 2659 935 2688 nos
957 2659 1119 2688 omnes
1136 2647 1189 2688 R.
1209 2647 1259 2689 P.
1281 2647 1334 2689 T.
1356 2647 1649 2688 orationibus
1667 2657 1723 2685 ac
1741 2643 1986 2684 sacrificiis

339 2721 643 2761 vehementer
665 2718 1051 2759 commendamus
1072 2724 1135 2769 ut,
1160 2719 1250 2759 illis
1272 2717 1433 2770 adjuti,
1458 2723 1653 2758 nostrae
1676 2722 1720 2757 et
1750 2714 1986 2767 proximo-

341 2803 444 2832 rum
464 2796 734 2831 nostrorum
756 2790 896 2830 saluti
918 2789 1273 2831 accuratissime
1295 2789 1582 2830 studeamus.

419 2861 687 2903 Florentiae
708 2860 761 2901 20
779 2860 995 2914 Januarii
1021 2861 1136 2901 1554.

420 2934 472 2974 T.
496 2933 551 2974 R.
574 2932 623 2973 P.

421 3005 647 3056 Indignus
670 3004 718 3044 in
740 3003 926 3045 Christo
949 3016 1131 3056 servus,

1455 3074 1553 3115 LEO
1584 3073 1759 3114 L1L1us.
