2168 3437
294 300 365 338 406
822 297 1051 335 LirTERAE
1075 308 1432 341 QUADmMEsrREs

298 398 510 446 dianurn‚
537 395 737 435 Gadium
758 394 1049 446 praefectum
1071 393 1103 446 ¹,
1132 406 1315 435 summa
1341 395 1430 436 fide
1458 397 1637 448 virum,
1670 409 1754 449 per
1783 398 1933 439 foene-

298 467 469 508 ratoris
490 466 814 518 syngrapham
835 465 991 506 mittas
1011 467 1176 507 velim:
1202 466 1241 506 is
1262 472 1311 507 ut
1332 467 1378 507 id
1408 479 1545 508 omne
1584 468 1659 508 hic
1693 469 1806 509 mihi
1836 482 1935 521 per-

299 540 510 578 solvatur
538 537 721 577 curabit
751 536 1011 587 diligenter.
1044 536 1145 588 Ego
1173 538 1298 577 enim
1326 539 1548 588 promitto
1569 550 1625 579 ac
1657 540 1832 591 recipio
1861 552 1935 581 me

299 610 518 649 daturum
539 619 731 659 operam
751 614 801 648 ut
822 608 998 659 captivi
1019 608 1244 648 sistantur
1264 620 1350 649 nec
1371 609 1477 649 fidei
1494 622 1625 650 meae
1643 611 1797 651 deero.
1819 611 1939 652 Nam

299 681 406 720 licet
427 679 517 720 duo
538 679 682 719 millia
703 691 954 719 aureorum
975 679 1034 719 ad
1055 691 1128 719 me
1149 680 1376 731 mittas,id
1403 687 1560 721 tamen
1589 681 1664 722 fac
1694 693 1778 733 pro
1811 689 1940 723 certo

300 751 495 800 habeas,
524 750 811 801 negligentia
831 762 918 790 nec
949 761 1092 790 unum
1120 750 1329 802 quidem,
1362 751 1463 792 Deo
1494 753 1701 803 volente,
1736 753 1939 794 interitu·

299 833 416 862 rum.
449 821 551 861 Hoc
571 827 621 861 tu
648 821 771 862 idem
791 821 927 862 isthic
948 821 1191 873 pollicere,
1222 833 1413 874 quaeso,
1443 823 1743 864 satiusenim
1773 825 1941 865 ducam

300 894 450 933 vitam
469 893 699 943 amittere,
724 904 866 944 quam
887 892 1063 944 aliquid
1085 893 1132 933 in
1153 904 1208 932 ea
1228 905 1301 943 re,
1335 894 1460 946 quod
1481 906 1508 934 a
1535 906 1608 935 me
1638 895 1697 935 sit
1723 896 1940 947 alienum,

300 965 479 1015 facere,
504 975 610 1004 cum
631 964 910 1015 praesertim
937 970 982 1004 et
1008 965 1096 1005 hoc
1120 965 1412 1018 aetatisssim,
1437 965 1753 1018 quadraginta
1777 978 1944 1018 nempe

302 1041 502 1088 quatuor
524 1042 605 1075 aut
625 1035 827 1087 quinque
859 1046 1009 1076 annos
1037 1042 1201 1087 natus,
1226 1042 1271 1076 et
1299 1043 1367 1077 tot
1403 1037 1451 1076 in
1478 1037 1704 1088 religione
1731 1050 1944 1079 consum-

302 1108 490 1159 pserim.
505 1106 618 1147 Erat
633 1107 745 1146 mihi
762 1107 808 1146 in
825 1107 982 1147 animo
996 1107 1055 1147 ad
1070 1106 1251 1147 Ducem
1267 1107 1539 1159 Brigantiae
1555 1108 1569 1126 ²
1592 1114 1636 1149 et
1653 1109 1769 1149 alias
1786 1120 1944 1161 quam-

303 1179 529 1231 plurimas
544 1178 780 1230 principes
794 1178 1039 1229 foeminas,
1056 1189 1174 1229 quae
1190 1179 1325 1218 nobis
1342 1178 1610 1230 adjumento
1627 1191 1730 1220 esse
1745 1181 1942 1232 possint,

303 1250 525 1290 scribere.
562 1248 653 1290 Sed
682 1250 873 1289 nuntius
903 1249 1111 1289 crastino
1144 1249 1217 1289 die
1247 1249 1453 1302 Abylam
1484 1250 1682 1301 (Ceitam
1711 1254 1900 1299 vocant)
1933 1250 1946 1269 ³

305 1321 640 1373 proficiscitur;
665 1326 803 1372 atque
825 1320 939 1360 mihi
959 1326 1025 1360 tot
1046 1320 1193 1361 literis
1214 1321 1592 1372 respondendum
1613 1322 1718 1373 fuit,
1743 1328 1792 1362 ut
1809 1323 1946 1363 inter-

306 1392 386 1433 diu
406 1398 640 1444 noctuque
661 1393 838 1432 nullum
860 1398 983 1432 esset
1004 1392 1269 1444 respirandi
1289 1398 1485 1444 tempus.

386 1463 547 1515 Itaque
568 1463 654 1503 has
676 1469 720 1503 et
746 1473 851 1503 sero
879 1469 923 1503 et
950 1475 1266 1515 praepropere
1293 1464 1474 1516 scripsi.
1509 1464 1739 1505 Dominus
1768 1471 1945 1514 noster,

309 1541 500 1587 propter
521 1545 743 1586 magnam
766 1534 1061 1575 clementiam
1082 1546 1236 1585 suam,
1262 1546 1426 1576 eorum
1453 1536 1653 1587 animos,
1690 1537 1770 1587 qui
1801 1536 1847 1576 in
1878 1537 1951 1576 his

309 1606 647 1658 recuperandis
668 1607 857 1657 animis,
881 1618 939 1646 ne
968 1613 1163 1658 pereant
1191 1607 1400 1658 omnino,
1432 1618 1518 1647 nos
1542 1607 1709 1659 juvare
1736 1612 1948 1659 possunt,

310 1690 610 1719 commovere
651 1678 881 1729 dignetur.
923 1677 1056 1718 Nunc
1096 1690 1168 1718 me
1202 1678 1380 1730 hosque
1420 1679 1637 1730 captivos
1672 1691 1833 1719 omnes
1869 1679 1951 1719 tibi

313 1749 589 1790 commendo
612 1755 661 1789 ut
682 1749 830 1789 nostri
851 1749 897 1789 in
919 1750 1010 1790 tuis
1031 1749 1276 1790 sacrificiis
1297 1749 1575 1790 recorderis.

392 1820 477 1861 Est
497 1820 545 1860 in
564 1821 654 1861 hoc
677 1820 846 1872 oppido
868 1826 1024 1861 mutus
1053 1821 1241 1872 quidam
1267 1821 1615 1873 Hispaniensis,
1645 1822 1723 1872 qui
1749 1821 1847 1873 J'am
1873 1821 1949 1862 tri-

312 1893 446 1944 ginta
465 1894 569 1944 plus
589 1893 743 1932 minus
765 1904 914 1932 annos
934 1892 1009 1932 hic
1030 1893 1270 1933 retinetur.
1294 1891 1396 1933 Deo
1417 1893 1738 1944 gratissimum
1767 1893 1876 1943 erit,
1913 1893 1951 1933 si

315 1969 542 2015 quantum
562 1964 789 2015 pecuniae
810 1964 926 2004 satis
947 1964 1006 2003 sit
1026 1964 1086 2004 ad
1107 1975 1213 2003 eum
1233 1963 1571 2014 redimendum,
1596 1964 1749 2004 isthuc
1770 1963 1954 2015 perqui-

317 2040 448 2075 ratur
483 2035 586 2086 (erit
620 2041 776 2075 autem
811 2035 925 2075 satis
960 2035 1259 2086 septuaginta
1290 2034 1459 2085 aureis)
1495 2041 1544 2075 ut
1578 2034 1956 2076 Christianorum

316 2107 702 2147 consuetudinem
741 2107 980 2157 sacrisque
1018 2105 1309 2157 perfruatur,
1347 2118 1434 2146 nec
1469 2106 1587 2146 inter
1628 2106 1714 2146 hos
1748 2105 1956 2146 infideles

319 2183 522 2218 aetatem
544 2189 730 2218 omnem
751 2178 925 2228 exigat.

375 2362 385 2383 ἱ
424 2363 519 2391 Haec
533 2363 582 2390 ita
596 2363 629 2390 in
644 2362 798 2397 hispano:
817 2362 905 2389 Todo
918 2361 949 2388 el
961 2362 1085 2388 dinero
1101 2368 1165 2395 que
1177 2361 1358 2394 quisieren
1375 2360 1442 2387 dar
1455 2361 1474 2386 ά
1499 2360 1532 2387 V.
1547 2360 1601 2393 R„
1614 2368 1668 2388 me
1680 2364 1769 2395 pase
1783 2364 1848 2395 por
1858 2361 1958 2388 carta

321 2412 343 2438 ά
359 2411 536 2439 Clemente
554 2410 767 2443 Oclzaviano,
782 2409 940 2443 Regidor
953 2409 996 2436 de
1010 2408 1128 2441 cadiz,
1139 2412 1203 2449 etc.

374 2459 388 2478 2
426 2459 454 2486 A
469 2459 503 2485 la
520 2458 687 2493 Duquesa
703 2458 745 2485 de
760 2457 961 2491 Berganza.

375 2507 389 2527 ³
427 2506 544 2539 Ceuta.
558 2505 730 2539 Exilissa,
747 2505 866 2540 Septa,
881 2504 1004 2540 Abyla,
1016 2505 1062 2532 ad
1077 2506 1212 2539 septem
1230 2505 1390 2538 Fratres,
1405 2506 1485 2532 urbs
1500 2504 1727 2532 Mauritaniae
1743 2504 1959 2538 Tingitanae.

321 2552 496 2589 Firmum,
513 2553 665 2581 Lexicon
680 2552 966 2588 geographicum.
