2168 3437
883 252 967 289 AN.
998 252 1090 289 1553
1738 253 1812 290 379

174 346 220 385 in
242 352 452 387 nostram
481 345 764 388 Societatem
790 349 986 389 admitti.
1016 349 1195 390 Verum
1226 360 1332 389 cum
1361 349 1435 389 hic
1469 355 1513 389 et
1542 349 1634 389 loci
1663 360 1806 400 angu-

173 418 263 457 stia
285 424 329 457 et
352 419 713 470 occupationum
739 420 1002 472 frequentia
1030 420 1184 460 obsint
1215 421 1273 460 ad
1303 420 1526 460 exercitia
1547 420 1805 472 spiritualia

175 489 508 541 impartienda,
533 490 591 530 ad
612 491 729 531 alias
751 491 914 532 domos
935 492 1312 532 transmittimus.

254 559 324 599 Ex
345 566 505 601 nostro
528 560 735 613 Collegio
757 561 1114 602 Salmanticensi
1135 575 1307 602 venere
1335 569 1534 614 quatuor
1554 562 1724 603 fratres
1747 563 1806 603 ad

174 641 336 670 sacros
358 630 544 671 ordines
560 633 888 683 promovendi,
914 633 1039 684 quod
1070 645 1174 673 cum
1206 633 1406 684 primum
1433 634 1695 673 nuntiatum
1724 633 1805 673 fuit

173 701 402 752 aliquibus
423 702 748 753 hospitalibus,
778 703 938 743 statim
964 703 1190 755 praefecti
1219 705 1443 744 miserunt
1472 705 1702 744 instanter
1730 715 1805 755 pe—

173 777 322 812 tentes
353 784 514 812 eorum
543 774 816 825 conciones,
850 780 980 814 tanto
1011 774 1133 814 enim
1164 786 1323 814 amore
1355 782 1698 826 prosequuntur
1727 788 1804 815 no-¹

172 849 318 882 stram
339 842 620 884 Societatem
641 843 779 895 hujus
807 845 965 896 oppidi
996 846 1223 896 cultores,
1257 852 1306 885 ut
1338 858 1430 886 non
1463 846 1672 887 dubitent
1700 858 1804 887 con-

172 913 330 953 ciones
363 913 581 965 fratrum,
615 915 653 955 si
690 927 808 967 quae
840 922 1018 966 essent,
1050 916 1385 968 praeferendas
1421 918 1643 968 caeteris,
1683 918 1807 969 quod

171 984 382 1025 videntes
403 987 551 1026 nostri
571 986 763 1033 fratres,
788 987 1043 1028 Dominum
1063 988 1398 1028 benedicebant
1416 999 1500 1038 pro
1520 994 1650 1028 tanta
1672 989 1806 1029 bene-

172 1056 374 1096 volentia
397 1062 440 1096 et
461 1057 773 1108 humanitate,
798 1069 939 1110 quam
959 1059 1128 1110 ubique
1151 1047 1526 1110 experiebantur.

249 1126 357 1167 Alia
379 1128 605 1169 exercitia
626 1129 858 1170 invisendi
889 1129 1163 1182 hospitalia,
1194 1130 1378 1170 vinctos
1411 1136 1455 1170 et
1486 1130 1719 1182 infirmos,
1750 1131 1807 1171 de

173 1198 338 1249 quibus
368 1199 415 1238 in
448 1199 550 1239 aliis
582 1199 640 1240 ad
668 1205 798 1240 tuam
827 1200 881 1241 R.
918 1200 969 1241 P.
1005 1201 1301 1253 scripsimus,
1335 1201 1525 1241 Domini
1556 1203 1803 1242 clementia

172 1280 354 1320 semper
376 1276 626 1321 augentur,
652 1283 705 1310 eo
722 1282 868 1322 usque
884 1277 934 1311 ut
951 1270 1228 1312 Sacerdotes
1255 1271 1365 1322 ipsi,
1390 1272 1555 1323 quibus
1576 1284 1691 1312 cura
1712 1273 1805 1312 ani-

175 1351 356 1380 marum
376 1340 620 1391 incumbit,
645 1347 694 1381 ut
716 1341 895 1392 plenius
917 1353 1000 1382 suo
1029 1342 1178 1382 officio
1206 1342 1381 1382 faciant
1408 1343 1542 1391 satis,
1575 1354 1685 1382 suos
1704 1355 1806 1394 par-

175 1410 424 1451 rochianos
454 1411 586 1451 nobis
614 1413 930 1463 committunt,
961 1413 1165 1464 ipsisque
1193 1425 1278 1453 nos
1305 1413 1633 1453 commendant
1654 1420 1701 1453 ut
1723 1426 1811 1453 nos

173 1481 402 1533 recipiant
436 1487 480 1522 et
514 1483 706 1523 audiant
732 1483 942 1524 libenter.
973 1483 1112 1524 Faxit
1143 1484 1270 1524 Deus
1302 1484 1596 1535 omnipotens
1627 1492 1676 1524 ut
1706 1484 1806 1535 ejus

175 1553 473 1593 sanctissima
494 1559 538 1593 et
560 1554 832 1605 gratissima
853 1555 1072 1595 voluntas
1093 1555 1140 1595 in
1167 1556 1300 1595 nobis
1328 1567 1513 1606 semper
1541 1556 1802 1607 impleatur.

178 1623 343 1664 Amen.

250 1694 473 1747 Cupimus
503 1702 546 1736 et
573 1696 807 1737 humiliter
833 1691 1033 1748 petimus
1060 1702 1288 1750 quotquot
1316 1698 1363 1738 in
1393 1698 1482 1738 hac
1512 1698 1648 1739 domo
1680 1699 1804 1750 degi-

172 1777 296 1816 mus,
321 1766 563 1807 sacrificiis
584 1768 759 1808 sanctis
779 1774 825 1808 et
846 1769 1136 1809 orationibus
1157 1774 1264 1809 tuae
1285 1768 1413 1809 R.<¹ae
1435 1769 1517 1809 Ρ.ἰΞ
1540 1776 1584 1809 et
1608 1770 1806 1809 aliorum

170 1836 562 1878 charissimorum
584 1837 776 1878 Patrum
799 1850 854 1879 ac
874 1838 1097 1879 Fratrum
1117 1840 1473 1880 commendatos
1495 1852 1612 1881 esse.

256 1907 542 1959 Vallisoleti,
566 1908 785 1950 Calendis
808 1908 1096 1962 Septembris
1123 1911 1239 1951 1553.

254 1979 386 2019 Tuae
405 1979 529 2020 Rdae
553 1980 634 2021 Ρ.ίὲ
659 1980 879 2032 indignus
899 1980 1041 2032 filius,

1313 2052 1592 2094 DOMENECH.

253 2262 611 2304 Commorantur
633 2264 709 2304 hic
730 2270 825 2305 tres
853 2264 1135 2305 Sacerdotes
1166 2265 1423 2317 Gonzalez,
1449 2266 1809 2306 Valderrabano

171 2338 216 2373 et
251 2333 523 2375 Domenech
560 2334 586 2386 ¹,
629 2335 822 2375 totidem
861 2336 1055 2387 fratres,
1096 2335 1380 2387 Rodericus,
1424 2336 1613 2377 Gabriel
1648 2343 1691 2377 et
1726 2336 1807 2376 Mi-

171 2404 305 2445 chael
321 2404 351 2456 ‘²3
370 2412 608 2446 extremus
626 2407 860 2447 Sacerdos
876 2406 889 2426 ⁵
906 2407 1068 2459 incipit
1085 2408 1246 2448 diebus
1261 2408 1490 2459 proximis
1506 2407 1806 2459 theologiam.

253 2547 606 2600 Superscmptzb
627 2548 677 2588 z‘n
707 2553 881 2600 quarta
904 2549 1121 2602 pagina:
1147 2513 1267 2603 Jfffs.
1299 2550 1358 2591 Al
1385 2562 1496 2601 muy
1522 2549 1623 2589 R.d0
1652 2548 1723 2590 Re
1750 2562 1809 2590 en

170 2620 263 2660 ihu.
289 2619 463 2659 christo
485 2630 585 2658 nro.
609 2623 751 2659 senor
771 2621 812 2660 el
831 2620 977 2672 padre
998 2620 1059 2661 M.
1083 2620 1261 2671 ignatio
1285 2620 1522 2672 preposito
1538 2622 1732 2671 general
1749 2621 1808 2660 de

171 2692 215 2731 la
238 2691 484 2742 compania
505 2689 562 2730 de
582 2690 681 2743 jhs.
704 2690 763 2731 X.
785 2690 949 2732 Roma.

249 2760 361 2801 Alia
381 2772 549 2801 manu:
570 2761 626 2813 Q.
650 2761 937 2814 Valladolid,
963 2762 1060 2803 Cal.
1085 2761 1371 2814 Septembris
1397 2762 1511 2802 1553.

226 2921 234 2940 ¹
274 2920 309 2947 P.
325 2920 472 2954 Joannes
488 2921 671 2956 Gonzalez,
688 2921 825 2956 Rector,
847 2926 880 2949 et
900 2922 954 2949 P?
977 2922 1124 2956 Joannes
1140 2923 1178 2950 de
1195 2922 1458 2950 Valderrabano
1481 2927 1514 2950 et
1536 2923 1658 2950 Petrus
1683 2922 1805 2950 Dome-

169 2969 266 2995 nech.
282 2968 369 2996 Vide
385 2968 551 3001 POLANco,
564 2968 695 3002 chron„
708 2973 731 2996 t.
747 2976 802 3003 11¹,
818 2977 896 3004 pag.
910 2969 963 2997 316
978 2974 1011 2997 et
1026 2977 1107 3004 seq.,
1124 2978 1155 2998 n.
1171 2970 1232 2997 709.

223 3015 237 3034 ‘-'
274 3014 403 3042 Horum
418 3015 564 3043 fratrum
578 3016 779 3050 cognomina
795 3015 956 3044 omittunt
971 3017 1156 3051 scriptores
1172 3018 1358 3052 etantiqua
1373 3018 1587 3045 documenta.

223 3063 237 3080 '·
275 3061 413 3090 Scilicet
428 3084 434 3097 ,
449 3063 520 3098 ipse
537 3063 659 3091 Petrus
673 3063 877 3090 Domenech.
