2168 3437
382 309 453 345 594
898 305 1128 343 LITTERAE
1154 316 1514 350 QUADRIMESTRES

380 416 496 444 mus.
535 402 848 443 Nihilominus
884 402 1042 453 plures
1077 403 1124 442 in
1158 402 1282 443 Dno.
1323 403 1477 444 adhuc
1512 404 1710 445 latentes
1741 406 1966 447 habemus
1995 407 2022 448 ¹.

379 475 432 515 R.
457 474 506 514 Ρ.
531 474 799 514 Bernardus
822 473 1131 524 OliveriuS‚,a
1154 485 1245 525 quo
1275 481 1509 525 quartana
1537 487 1642 516 eum
1671 477 1878 528 reliquit,
1913 484 2025 518 stre-

333 567 336 569 >
378 557 468 586 nue
503 546 593 585 hac
630 544 995 597 quadragesima
1031 545 1228 595 singulis
1261 545 1508 586 dominicis
1540 546 1816 598 festivisque
1845 548 2023 599 diebus,

379 617 684 657 concionibus
720 624 828 656 ante
864 616 1126 667 meridiem,
1162 622 1268 667 post
1304 617 1566 658 catholicae
1596 618 1703 658 fidei
1730 619 2025 670 explicandis

378 688 600 738 articulis,
625 687 854 735 incubuit;
880 698 1105 738 magnum
1127 687 1288 727 habuit
1308 688 1469 740 populi
1491 689 1546 729 de
1568 689 1769 730 diversis
1800 690 1937 741 pagis
1968 702 2025 730 ac

376 759 491 800 locis
514 759 796 799 confiuxum.
821 758 870 798 Ρ.
895 758 1043 799 Dnus.
1068 757 1233 810 Spiga,
1257 759 1483 811 hispanus
1505 759 1534 809 ²,
1564 760 1611 800 in
1627 761 1831 812 quadam
1861 762 2024 802 civita-

375 836 441 881 te,
473 831 520 872 in
546 830 714 870 finibus
751 830 933 870 Galliae
966 830 1056 870 sita
1077 829 1105 881 ⁵,
1142 830 1262 881 egit,
1292 830 1370 870 ubi
1400 843 1427 871 a
1455 832 1612 871 multis
1642 832 1950 883 hispanorum
1979 838 2024 873 et

375 903 577 943 aliorum
603 903 812 942 locorum
842 901 1064 941 militibus
1092 908 1251 942 castra
1278 901 1584 953 Imperatoris
1612 904 1701 943 hac
1732 904 1900 955 hyeme
1930 915 2025 944 ser·

375 980 486 1014 vata
507 974 695 1014 fuerunt
716 979 880 1013 contra
902 974 1136 1022 gallorum
1157 973 1372 1024 insultus3
1393 974 1449 1013 iis
1471 985 1498 1014 a
1520 973 1896 1015 confessionibus
1918 975 2021 1026 fuit;

374 1046 585 1086 nonnulli
614 1045 756 1085 etiam
782 1051 932 1084 totum
962 1044 1088 1085 vitae
1116 1056 1228 1084 suae
1258 1051 1444 1085 reatum
1472 1032 1801 1096 deposuerunt.
1833 1045 2022 1097 Quanta

375 1123 532 1157 autem
562 1116 793 1156 charitate
825 1128 851 1155 a
879 1127 1061 1156 summo
1091 1121 1302 1167 pastore,
1335 1116 1414 1167 qui
1445 1128 1551 1156 eum
1579 1116 1782 1168 hospitio
1817 1118 2019 1169 excepit,

375 1194 565 1240 totoque
586 1187 881 1228 subditorum
904 1193 1063 1237 coetU,
1088 1199 1273 1227 necnon
1300 1199 1327 1227 a
1357 1187 1490 1228 ven.li
1521 1187 1705 1228 Abbate
1735 1189 1976 1229 Laetiensi
2006 1187 2022 1207 ⁴

377 1260 476 1300 eius
497 1265 742 1311 susceptus
764 1259 904 1298 fuerit
926 1258 1173 1309 adventus,
1196 1259 1444 1299 brevitatis
1465 1270 1580 1311 ergo
1603 1260 1832 1300 omittam.

457 1331 511 1371 R.
535 1330 583 1371 Ρ.
609 1330 849 1371 Adrianus
872 1328 886 1347 ⁵
907 1336 951 1370 et
973 1331 1094 1381 ipse,
1119 1330 1198 1382 qui
1220 1330 1424 1371 Lovanii
1445 1331 1718 1382 mansimus,
1744 1343 1831 1372 nec
1852 1344 1938 1372 nos
1959 1332 2022 1372 la-

376 1403 505 1444 boris
527 1403 684 1443 fructu
704 1413 800 1442 non
821 1402 1102 1453 poenitendo
1125 1402 1335 1442 destituti
1358 1401 1544 1443 suimus.
1567 1383 1748 1442 Tantus
1776 1403 1899 1442 enim
1926 1409 2024 1443 tota

378 1476 467 1515 hac
501 1473 887 1526 quadragesima,
919 1480 1016 1513 tam
1047 1473 1103 1513 ob
1132 1473 1395 1525 plenarium
1423 1473 1675 1514 iubilaeum
1704 1486 1845 1526 quam
1875 1474 1931 1514 ob
1960 1475 2023 1514 in-

379 1551 582 1586 stantem
604 1545 874 1596 paschalem
896 1544 1261 1595 solemnitatem,
1287 1545 1607 1585 confitentium
1628 1545 1713 1585 fuit
1746 1556 2022 1594 concurSUS,

378 1624 428 1658 ut
447 1617 530 1657 Vix
552 1616 682 1656 oneri
703 1628 841 1667 pares
857 1622 1015 1655 essent
1035 1615 1175 1666 vires,
1196 1628 1223 1656 a
1244 1627 1424 1656 summo
1442 1616 1645 1656 diluculo
1662 1628 1808 1668 usque
1830 1617 1878 1656 in
1899 1628 2025 1657 sum-

379 1700 509 1729 mum
529 1688 683 1728 noctis
710 1699 937 1739 persaepe
965 1688 1023 1726 ab
1055 1687 1299 1727 audiendis
1326 1687 1701 1728 confessionibus
1729 1700 1818 1728 non
1851 1688 2024 1740 quievi-

380 1772 498 1800 mus.
520 1759 758 1810 Quantum
780 1744 935 1798 autem
957 1759 1066 1798 hinc
1082 1758 1263 1798 fructus
1283 1759 1511 1810 pullulare
1530 1759 1780 1810 cernimus,
1799 1759 1847 1799 in
1869 1760 2025 1811 specie

381 1843 606 1872 enarrare
633 1842 719 1870 nec
751 1830 915 1870 charta
945 1842 1032 1870 nec
1059 1835 1242 1881 tempus
1268 1829 1533 1881 patiuntur;
1568 1830 1765 1881 ideoque
1792 1842 1884 1870 uno
1915 1831 2024 1871 alte-

381 1915 495 1943 rove
517 1902 702 1942 adiecto
725 1902 965 1952 exemplo,
999 1901 1178 1952 reliqua
1208 1901 1383 1952 legenti
1414 1902 1569 1941 animo
1599 1902 1856 1942 scrutanda
1890 1902 2024 1942 relin-

382 1986 535 2026 quam.
560 1973 768 2013 Primum
790 1981 858 2012 est
882 1973 1200 2012 studiosorum
1223 1973 1523 2012 sacerdotum
1546 1973 1831 2024 aedificatio,
1856 1973 2025 2025 quibus

380 2045 435 2085 R.
459 2044 507 2086 P.
534 2044 772 2085 Adrianus
795 2056 822 2083 a
845 2044 1132 2084 conscientia
1155 2049 1240 2094 est,
1265 2044 1342 2095 qui
1364 2044 1574 2095 quidem,
1598 2056 1625 2084 a
1647 2056 1737 2095 quo
1760 2043 1891 2084 Patri
1919 2056 2027 2084 con-

379 2117 499 2157 fiteri
519 2121 787 2167 coeperunt,
811 2127 905 2154 non
927 2115 1079 2154 minus
1102 2115 1419 2166 exemplarem
1440 2115 1561 2155 inter
1581 2126 1706 2163 suos,
1728 2115 1879 2155 maior
1900 2116 2025 2155 enim

379 2199 490 2240 pars
511 2200 569 2228 ex
590 2187 799 2237 Collegio
819 2187 1149 2236 theologorum
1170 2184 1184 2203 ⁶
1206 2191 1298 2237 est,
1323 2192 1471 2237 agunt
1491 2186 1661 2237 Vitam,
1697 2198 1836 2238 quam
1863 2187 1902 2226 si
1933 2186 2024 2227 fra-

378 2266 473 2299 tres
499 2258 750 2300 Societatis
784 2264 958 2304 essent3
991 2269 1107 2309 quos
1135 2257 1183 2297 in
1208 2257 1543 2297 festivitatibus
1571 2258 1853 2309 specialibus
1880 2257 2020 2298 Pater

377 2330 437 2371 ad
457 2330 714 2370 audiendas
736 2328 1056 2369 consessiones
1076 2340 1160 2379 per
1181 2328 1395 2368 diversas
1417 2329 1644 2368 ecclesias
1666 2329 1891 2380 disponit,
1929 2341 2021 2381 quo

376 2401 613 2451 eumdem,
638 2412 775 2452 quem
796 2400 1053 2440 hauserunt
1081 2399 1317 2454 spiritum,
1349 2400 1396 2439 in
1424 2400 1624 2440 aliorum
1654 2411 1838 2452 quoque
1867 2406 2016 2440 trans—

432 2513 441 2533 ἱ
480 2514 650 2541 Latentes
665 2514 727 2540 hos
743 2513 980 2540 existimamus
995 2512 1108 2545 fuisse,
1126 2512 1182 2547 qui
1197 2512 1277 2539 licet
1293 2516 1412 2540 votum
1427 2511 1611 2540 Societatis
1632 2513 1874 2547 ingrediendae
1889 2513 2020 2541 emisis-

375 2566 459 2595 sent,
471 2561 504 2588 in
516 2562 586 2589 suis
599 2561 821 2596 paedagogiis
834 2560 1014 2593 degebant,
1028 2560 1150 2594 quique
1161 2563 1232 2587 toto
1242 2560 1304 2587 hoc
1319 2568 1405 2587 anno
1418 2564 1451 2587 et
1467 2561 1622 2595 sequenti
1635 2560 1777 2588 Romam
1790 2561 1856 2588 aP.
1868 2561 2021 2588 Adriano

374 2609 467 2637 missi
482 2610 591 2636 suere.
611 2609 661 2636 De
676 2609 717 2636 iis
732 2608 764 2635 in
779 2608 1025 2642 posterioribus
1048 2608 1355 2641 quadrimestribus
1377 2612 1410 2635 et
1433 2608 1467 2635 in
1488 2607 1638 2634 POLANC1
1656 2607 1832 2641 Chronico,
1847 2612 1871 2635 t.
1887 2616 1932 2641 1v,
1954 2615 2022 2635 ser·

374 2664 428 2684 mo
444 2657 512 2684 fiet.
529 2656 660 2683 Verum
676 2663 718 2683 an
735 2656 792 2682 alii
807 2661 947 2689 praeter
964 2656 1024 2682 hos
1039 2655 1165 2682 fuerint
1179 2655 1430 2689 inexploratum
1446 2655 1541 2682 nobis
1558 2655 1669 2682 adhuc
1686 2660 1746 2682 est.

429 2703 443 2722 Ξ
481 2703 611 2730 Sardus
626 2706 702 2730 erat
718 2702 754 2729 Ρ.
769 2702 873 2736 Spiga
886 2710 891 2735 ς
905 2703 964 2728 sed
977 2702 1135 2729 Sardinia
1151 2706 1230 2729 tunc
1247 2701 1411 2736 hispanae
1426 2702 1544 2729 ditioni
1560 2702 1769 2737 subjacebat.

429 2751 443 2770 5
479 2749 752 2777 Valenciennes?
767 2748 851 2775 “Les
872 2749 1022 2775 ennemis
1038 2748 1273 2783 (Imperatoris
1296 2748 1411 2776 Caroli
1435 2749 1576 2780 militeS)
1595 2753 1702 2784 ayant
1724 2749 1912 2776 rassemble
1927 2750 2020 2776 leurs

373 2801 524 2832 troupes,
540 2798 565 2824 s'
580 2798 708 2824 e'toient
722 2797 927 2823 retranchez
943 2796 1027 2823 dans
1042 2804 1086 2823 un
1101 2797 1214 2823 vallee
1230 2796 1393 2824 audessus
1409 2797 1448 2823 de
1464 2796 1750 2824 Valenciennes...
1772 2796 1823 2824 La
1839 2797 2014 2824 cavalerie

372 2846 486 2879 legere
509 2844 730 2879 (Gallorum),
755 2844 809 2878 qui
835 2845 918 2870 e'toit
947 2843 1119 2877 dispersee
1145 2852 1180 2871 se
1205 2844 1336 2871 reiinit:
1361 2844 1453 2871 alors
1477 2844 1541 2871 elle
1565 2844 1675 2871 donna
1698 2852 1756 2871 sur
1783 2845 1816 2871 la
1842 2845 2019 2871 cavalerie

372 2893 431 2919 des
447 2892 609 2926 ennemis,
625 2896 658 2919 et
673 2892 706 2918 la
721 2898 845 2925 poussa
858 2891 979 2925 jusque
996 2891 1080 2918 dans
1096 2892 1169 2918 leur
1185 2897 1311 2926 camp„
1326 2890 1381 2918 Ita
1395 2891 1448 2918 DE
1463 2891 1566 2923 Tuon,
1582 2891 1660 2918 dum
1671 2896 1882 2925 postremum
1898 2891 2018 2919 Gallos

372 2940 462 2967 inter
477 2944 511 2967 et
526 2939 749 2973 Imperatoris
765 2939 889 2965 milites
905 2946 992 2965 anno
1009 2939 1079 2965 1553
1092 2942 1228 2973 gestum
1242 2939 1410 2973 praelium
1427 2933 1579 2972 enarrat,
1595 2939 1651 2966 lib.
1665 2946 1724 2965 ΧΠ.

425 2988 439 3007 4
475 2986 670 3014 Ludovicus
690 2986 833 3017 Blosius,
851 2987 1034 3020 qltz'prope
1049 2986 1124 3013 loca
1139 2993 1243 3013 snam
1261 2986 1449 3013 Abbatiam
1466 2986 1620 3020 regebat.
1636 2986 1823 3020 POLANCUS,
1841 2986 2019 3021 Chronico,

374 3038 398 3062 t.
413 3042 460 3061 JV.

426 3082 439 3099 ἲ*
481 3080 513 3108 Ρ.
530 3081 704 3108 Adrianus
718 3080 980 3107 Adriaenssens.

424 3127 438 3147 G
477 3127 639 3155 Liliensi?
