2168 3437
850 173 934 210 AN.
965 173 1056 210 1553
1706 173 1770 210 101

137 283 334 324 quorum
355 264 508 311 altero*
525 271 716 311 orbatus
737 277 806 310 est
824 303 831 321 ,
857 277 900 310 et
924 282 981 310 ex
1002 276 1198 321 paterna
1220 269 1510 309 haereditate
1532 277 1575 309 et
1594 270 1773 310 liberali

137 343 339 395 quadam
379 341 648 391 donatione,
694 347 798 392 post
838 341 1004 381 matris
1047 347 1246 380 mortem
1286 341 1456 391 libera,
1502 342 1773 381 necessaria

136 414 261 454 vitae
292 413 525 464 impendia
554 413 737 452 abunde
765 412 804 452 ei
838 418 1100 463 suppetent.
1129 411 1285 461 Hunc,
1320 412 1641 451 controversia
1664 424 1771 463 qua-

137 485 242 525 dam
264 484 546 535 composita,
578 495 695 535 quae
725 495 831 523 eum
856 488 1140 533 remoratur,
1172 482 1296 534 apud
1324 493 1411 522 nos
1442 483 1771 534 commigratu-

136 567 237 596 rum
260 555 515 605 credimus;
538 566 624 595 nos
646 555 833 595 interim
852 554 1226 605 frequentissime
1247 554 1426 603 invisit,
1460 560 1503 594 et
1530 554 1575 593 in
1606 565 1771 594 sacrae

136 627 446 667 confessionis
482 632 620 678 atque
649 626 991 666 communionis
1018 625 1347 665 observatione
1377 632 1665 676 perseverat.
1688 626 1773 666 Fa-

136 699 204 738 xit
227 697 440 737 Christus
462 703 525 747 ut,
550 697 711 737 mundi
730 696 909 748 laqueis
939 695 1163 747 abruptis,
1186 695 1383 735 feliciter
1405 707 1460 735 ac
1481 702 1663 736 mature
1685 698 1772 736 ela-

137 769 289 809 batur.

215 839 373 879 Tertio
397 839 557 879 ordine
579 839 713 879 nobis
734 839 1090 879 constituendus
1118 837 1342 878 sacerdos
1369 837 1543 890 probus
1573 851 1626 879 ac
1644 839 1771 890 pius,

135 910 346 962 primarii
382 910 582 950 Baronis
616 910 888 950 Britanniae
924 910 1223 961 domesticUS,
1255 911 1333 962 qui
1361 912 1510 951 sacris
1540 911 1775 951 exercitiis

135 981 394 1029 institutus,
419 993 513 1021 non
535 981 711 1032 absque
732 982 938 1021 maximo
960 982 1078 1021 lucri
1100 981 1323 1032 spiritalis
1340 982 1547 1032 foenore,
1569 983 1775 1022 animum

136 1053 381 1104 appulerat
411 1052 470 1092 ad
499 1051 842 1092 Carthusianae
863 1051 1120 1103 Religionis
1147 1052 1512 1104 professionem:
1544 1053 1671 1104 atqui
1693 1052 1775 1092 Pa-

135 1128 225 1171 ter,
251 1122 548 1163 considerata
571 1123 670 1163 eius
692 1122 893 1163 adversa
916 1123 1203 1173 valetudine,
1238 1135 1356 1175 quae
1388 1125 1529 1175 longa
1559 1136 1691 1164 mora
1712 1123 1776 1163 vi-

135 1205 211 1234 res
228 1195 358 1234 auxit
375 1206 493 1245 pene
509 1194 864 1245 insuperabiles,
882 1207 935 1234 ac
955 1195 1188 1235 stomachi
1205 1207 1263 1234 ex
1278 1195 1452 1235 laboris
1465 1195 1684 1235 diurniac
1699 1207 1776 1234 no-

139 1265 291 1305 cturni
309 1265 586 1305 assiduitate
599 1271 842 1305 contracta
865 1265 1174 1317 aegritudine,
1193 1266 1264 1306 sui
1277 1266 1457 1306 arbitrii
1473 1266 1684 1316 consilio,
1699 1266 1776 1317 pio

137 1337 344 1388 alioquin
361 1344 405 1376 et
422 1337 618 1377 salutari
634 1337 779 1388 ipsius
797 1337 983 1377 affectui
1001 1337 1188 1377 minime
1203 1336 1455 1388 suffragari
1473 1337 1636 1389 potuit,
1658 1349 1683 1376 a
1702 1349 1776 1377 cu-

137 1408 210 1448 ius
230 1408 458 1447 sententia
481 1407 727 1448 deflectere
749 1408 790 1448 ei
810 1408 975 1459 religio
996 1408 1101 1459 fuit,
1125 1414 1170 1448 et
1191 1408 1354 1448 relicta
1382 1409 1534 1448 aulica
1555 1409 1668 1459 Vita,
1692 1420 1776 1448 suo

137 1479 269 1530 fungi
290 1479 573 1519 canonicatu
595 1479 810 1530 instituit,
837 1480 1006 1530 spretis
1028 1480 1306 1531 honoribus,
1331 1481 1410 1532 qui
1431 1480 1472 1520 ei
1493 1492 1519 1520 a
1547 1480 1778 1520 nobilibus

138 1551 262 1590 ultro
286 1550 559 1590 offeruntur.
585 1550 670 1591 Vir
702 1558 771 1591 est
800 1551 973 1602 insigni
1005 1551 1265 1592 humilitate
1293 1563 1349 1591 ac
1376 1551 1566 1602 spiritus
1593 1551 1779 1591 fervore

138 1621 433 1673 conspicuus,
458 1634 483 1661 a
505 1622 737 1662 nobilibus
758 1628 942 1662 amatus
971 1628 1014 1662 et
1037 1623 1314 1672 honoratus;
1337 1623 1711 1674 frequentissime
1734 1622 1781 1663 in

137 1698 300 1733 nostro
334 1694 507 1733 sacello
542 1693 700 1733 divina
730 1695 957 1745 mysteria
983 1695 1210 1743 celebrat;
1248 1694 1491 1745 negotium
1522 1693 1777 1745 Privilegii,

138 1762 362 1804 Societati
379 1776 405 1803 a
423 1763 597 1804 Senatu
614 1764 869 1805 parisiensi
885 1765 1188 1814 concedendi,
1210 1765 1465 1805 christiano
1484 1764 1653 1805 affectu
1673 1776 1778 1816 pro-

140 1846 330 1875 movere
352 1835 546 1875 sollicite
569 1835 825 1887 laboravit;
850 1836 910 1876 ad
931 1848 1066 1876 omne
1094 1836 1370 1888 obsequium
1397 1835 1643 1876 Societatis
1665 1847 1778 1876 sem-

141 1918 224 1958 per
253 1907 646 1958 promptissimus.
676 1907 815 1947 Haud
843 1908 1034 1948 dubium
1064 1908 1177 1960 quin
1205 1909 1310 1960 piae
1344 1908 1469 1948 vitae
1497 1908 1710 1959 exemplo
1738 1914 1782 1947 et

140 1977 403 2017 sacerdotis
425 1978 568 2029 digna
599 1978 890 2028 professione
912 1980 1084 2019 multos
1115 1979 1175 2019 ad
1203 1980 1275 2019 sui
1305 1980 1613 2020 imitationem
1641 1985 1781 2019 attra-

141 2054 302 2089 cturus
325 2050 397 2089 sit.

222 2119 429 2171 Quartus
452 2121 787 2173 subsequatur,
812 2122 1034 2163 sacerdos
1054 2123 1280 2175 hispanus
1301 2124 1504 2173 natione,
1525 2124 1599 2163 vir
1619 2123 1783 2174 gravis

144 2202 202 2231 ac
223 2197 460 2242 maturus,
484 2193 576 2244 qui,
601 2193 812 2243 generali
831 2200 1026 2245 peracta
1049 2194 1360 2245 confessione,
1391 2206 1568 2234 novum
1593 2193 1784 2234 Domini

145 2261 300 2303 hausit
313 2263 541 2314 spiritum,
561 2269 693 2304 tanta
703 2265 1008 2305 veneratione
1026 2271 1188 2305 nostra
1205 2266 1429 2305 exercitia
1444 2266 1702 2317 amplexus,
1716 2270 1779 2315 ut,

142 2332 262 2373 inter
285 2334 464 2386 reliqua
485 2335 818 2376 exercitiorum
839 2347 1085 2376 sacrorum
1107 2337 1281 2388 elogia,
1317 2348 1476 2377 coram
1506 2349 1578 2376 me
1607 2336 1778 2387 profes-

142 2415 224 2444 sus
244 2416 300 2444 ac
321 2405 557 2456 pollicitus
580 2407 639 2446 sit
662 2413 826 2458 sponte
848 2419 933 2448 sua
954 2420 1003 2447 se
1025 2413 1122 2447 toto
1143 2408 1270 2448 vitae
1291 2408 1491 2448 decursu
1510 2408 1672 2447 diebus
1694 2407 1782 2447 sin-

145 2475 268 2525 gulis
315 2477 602 2517 semihoram
646 2478 773 2518 vitae
813 2479 1200 2530 occupationibus
1240 2479 1599 2529 suffuraturum,
1641 2489 1782 2529 quam

145 2545 345 2597 spiritali
386 2548 525 2588 alicui
564 2550 790 2589 exercitio
825 2550 1083 2602 impendat;
1127 2551 1244 2590 adeo
1282 2550 1501 2590 familiari
1540 2550 1781 2590 societatis

142 2618 471 2658 consuetudini
492 2618 725 2671 addictus,
745 2626 794 2660 ut
811 2621 888 2672 qui
908 2621 1041 2661 nobis
1059 2621 1482 2661 coniunctissimus.
1502 2620 1605 2670 Hic,
1627 2631 1778 2660 sacer·

143 2686 260 2728 dotii
291 2688 581 2739 professione
611 2697 880 2742 contentus,
918 2692 965 2732 in
994 2693 1140 2744 priori
1170 2692 1380 2732 instituto
1410 2698 1704 2743 perseverat,
1735 2698 1779 2732 et

144 2758 252 2809 iam,
278 2759 444 2799 relicta
465 2761 671 2812 Lutetia,
695 2762 960 2802 Lovanium
980 2763 1324 2814 commigravit.

226 2828 504 2879 Quinarium
524 2843 770 2873 numerum
798 2834 1030 2885 compleat
1051 2834 1125 2874 vir
1152 2839 1305 2873 aetate
1331 2838 1603 2885 provectus,
1637 2833 1779 2884 pieta-

144 2897 205 2938 tis
227 2900 446 2951 opinione
468 2902 591 2954 apud
624 2903 795 2943 multos
824 2904 1040 2956 celebris,
1071 2904 1126 2944 de
1152 2905 1285 2945 nobis
1311 2905 1427 2945 bene
1458 2905 1671 2954 meritus,
1702 2904 1780 2956 qui

144 2971 355 3019 generali
375 2972 668 3014 confessione
688 2975 969 3026 praemissa,
992 2976 1056 3028 pii
1078 2975 1276 3016 affectus
1296 2976 1635 3016 incrementum
1651 2987 1778 3015 acce-
