2168 3437
898 268 981 305 AN.
1014 267 1104 305 1554
1744 264 1816 301 527

261 365 504 417 Quaedam
521 365 663 405 etiam
681 365 869 416 publica
898 364 1143 413 meretrix,
1175 375 1294 415 quae
1323 362 1815 413 concupiscentlarum

182 437 413 477 illecebris
447 436 628 476 animas
659 437 908 475 multorum
937 435 1149 475 cassibus
1175 434 1348 474 diaboli
1382 433 1599 478 irretiuit,
1630 443 1815 471 omnem

183 507 486 559 turpitudinis
508 513 753 558 quaestum
773 517 866 546 una
894 518 999 546 cum
1027 506 1109 545 tali
1138 505 1327 545 viuendi
1355 505 1492 545 modo
1520 503 1811 554 contempsit,

182 579 332 619 vitam
352 578 572 628 mutauit,
595 582 791 629 peccata
813 577 1030 617 confessa
1051 583 1140 627 est,
1164 576 1322 616 multis
1342 575 1583 616 lachrimis
1605 574 1814 626 deplora-

181 649 264 701 vit,
287 655 470 689 tantum
492 648 750 689 abhorrens
771 647 864 687 iam
886 648 943 687 ab
966 647 1091 687 omni
1108 647 1348 687 hominum
1370 651 1647 698 conspectu,
1672 656 1815 697 quan-

182 726 280 760 tum
295 719 402 760 inde
419 731 625 772 unquam
639 718 894 770 voluptatis
910 717 1139 769 concepit.
1159 717 1266 758 Alia
1284 717 1514 768 quaedam
1530 716 1698 756 nobilis
1715 727 1814 767 per-

183 803 323 842 sona,
361 802 479 842 quae
515 792 685 831 multos
726 801 875 830 annos
915 789 1181 829 detestabili
1220 789 1563 828 haereticorum
1603 787 1818 827 adhaesit

183 868 340 902 sectae
375 867 420 901 et
455 861 769 901 coniurationi
798 860 844 900 in
872 859 1079 899 omnium
1107 858 1522 899 Sacramentorum
1549 857 1816 909 denegatio·

182 944 311 983 nem,
342 931 500 972 diuino
533 931 729 982 auxilio,
761 931 1030 982 crebrisque
1058 929 1277 969 adhibitis
1305 929 1720 979 admonitionibus,
1751 935 1816 968 to-

182 1004 274 1043 tius
307 1002 433 1042 vitae
469 1004 739 1054 generalem
770 1002 879 1042 fecit
917 1000 1281 1050 confessionem,
1324 999 1605 1040 diabolicam
1639 1005 1818 1040 sectam

182 1074 382 1126 reliquit.
406 1074 456 1114 In
478 1074 608 1113 cuius
638 1073 1015 1120 detestationem,
1048 1077 1274 1123 quotquot
1300 1071 1646 1111 haereticorum
1674 1071 1818 1110 libros

183 1151 262 1185 aut
282 1145 458 1197 scripta
479 1144 702 1196 habebat,
727 1145 775 1184 in
795 1143 1063 1196 praesentia
1086 1143 1286 1183 aliorum
1308 1142 1577 1182 combussit.
1602 1141 1692 1182 Sed
1718 1143 1816 1181 lon-

183 1227 294 1268 gum
315 1222 438 1256 esset
460 1216 670 1266 singulos
692 1214 1030 1255 aedificationis
1051 1225 1111 1254 ex
1132 1213 1506 1253 confessionibus
1523 1213 1700 1252 fructus
1716 1224 1817 1264 per-

188 1298 399 1337 censere,
429 1298 662 1338 quamque
689 1286 821 1326 nobis
850 1284 1124 1325 confitentes
1150 1296 1203 1341 se
1231 1284 1277 1324 in
1309 1284 1522 1324 omnibus
1557 1283 1819 1323 misericor-

186 1357 291 1398 diae
314 1357 533 1409 operibus
566 1356 743 1397 feruide
778 1362 1051 1405 exerceant,
1087 1356 1426 1407 perlustrantes
1458 1355 1620 1394 domos
1648 1365 1817 1406 paupe-

186 1441 316 1480 rum,
348 1429 596 1469 visitantes
630 1428 858 1477 infirmos,
893 1432 1098 1467 moestos
1129 1427 1448 1475 consolantes,
1479 1432 1523 1465 et
1550 1437 1632 1477 per
1655 1426 1819 1465 domos

190 1499 496 1540 eleemosinas
518 1499 816 1550 colligentes,
847 1498 1012 1550 quibus
1041 1508 1300 1549 pauperum
1327 1503 1370 1537 et
1400 1496 1690 1537 infirmorum
1717 1497 1818 1536 sub-

186 1571 379 1611 ueniant
399 1569 774 1610 necessitatibus.
796 1568 1039 1609 Vocamur
1060 1574 1105 1608 et
1124 1579 1210 1608 nos
1230 1568 1498 1620 frequenter
1516 1567 1575 1607 ad
1592 1567 1816 1618 infirmos,

186 1647 259 1692 ut,
285 1641 580 1682 confessione
604 1640 786 1691 audita,
811 1641 1043 1680 salutares
1064 1650 1091 1678 a
1112 1639 1246 1679 nobis
1263 1639 1522 1690 suscipiant
1542 1639 1819 1679 consolatio-

186 1724 292 1764 nes3
314 1713 567 1764 plurimum
588 1711 712 1751 enim
732 1723 834 1751 nra.
856 1710 1033 1750 faciunt
1055 1710 1253 1761 monita,
1279 1710 1403 1762 apud
1424 1721 1563 1761 quos,
1595 1710 1731 1750 simul
1763 1721 1820 1750 ac

186 1784 391 1835 propriis
411 1783 592 1823 visitati
612 1782 783 1822 fuerint
805 1781 1093 1833 pastoribus,
1124 1781 1162 1820 si
1188 1780 1315 1821 vitae
1343 1781 1601 1833 periculum
1634 1786 1816 1831 urgeat,

187 1854 438 1894 missarum
460 1853 655 1893 subinde
676 1853 967 1893 celebramus
988 1851 1243 1903 sacrificia,
1272 1858 1322 1892 ut
1351 1852 1599 1892 refocillati
1627 1851 1818 1892 coelesti

186 1925 263 1965 illo
285 1925 408 1976 cibo,
432 1925 508 1964 Vel
529 1924 577 1964 in
598 1934 794 1975 corpore
822 1928 867 1963 et
893 1923 941 1963 in
968 1923 1126 1963 anima
1156 1923 1513 1973 conualescant,
1550 1924 1625 1963 vel
1660 1923 1706 1962 in
1740 1934 1817 1974 pa-

186 1996 325 2036 triam
345 1996 596 2036 coelestem
616 1994 978 2045 transmigrent,
1002 1999 1091 2034 etc.
