2168 3437
889 268 972 305 AN.
1004 268 1094 305 1553
1733 267 1800 304 311

391 540 640 567 Praecedentes
655 540 797 567 Arnoldi
814 539 917 567 Hezei
932 541 1071 567 litterae
1087 547 1106 567 a
1123 540 1157 566 P.
1173 540 1320 567 Polanco
1337 541 1536 568 emendatae
1554 541 1576 567 ¹.

930 769 1028 810 IHS

243 1001 455 1041 Lovanio
477 1012 535 1041 ex
555 1001 720 1041 litteris
740 1000 892 1041 Patris
914 1001 1112 1041 Arnoldi
1136 1000 1182 1040 17
1204 1000 1317 1041 Maii
1341 1001 1455 1041 1553.

245 1073 411 1113 Gratia
431 1079 475 1113 et
496 1072 714 1113 Charitas
736 1072 909 1113 Christi
936 1072 995 1113 sit
1021 1084 1205 1123 semper
1237 1085 1343 1113 cum
1371 1073 1597 1113 omnibus.
1627 1073 1796 1113 Amen.

244 1143 305 1184 Ut
326 1143 431 1183 inde
454 1144 697 1184 exordium
717 1155 923 1194 sumam,
947 1144 995 1184 in
1014 1144 1176 1196 primis
1198 1144 1491 1184 observande
1510 1143 1577 1194 P.‚
1601 1144 1678 1184 ubi
1698 1144 1795 1184 ulti-

163 1215 251 1254 mis
283 1214 700 1266 quadrimestribus
734 1215 880 1255 literis
913 1215 1118 1266 substiti,
1145 1215 1365 1255 nimirum
1391 1220 1615 1267 quantum
1642 1214 1795 1255 Domi—

163 1297 250 1326 nus
280 1286 467 1337 pietatis
497 1286 543 1325 in
571 1287 742 1337 populo
770 1286 818 1326 in
848 1286 947 1326 dies
973 1297 1146 1337 augere
1174 1287 1221 1326 in
1246 1285 1553 1327 Sacramenta
1580 1286 1796 1337 dignetur

160 1357 394 1397 affectum.
419 1356 637 1397 Primarii
658 1357 940 1398 cathedralis
960 1358 1120 1409 templi
1140 1357 1244 1408 viri,
1268 1369 1363 1397 non
1384 1358 1535 1397 solum
1554 1358 1638 1397 sub
1659 1357 1795 1397 finem

162 1428 273 1468 anni
292 1428 358 1478 52,
382 1428 586 1468 maximo
609 1440 715 1468 cum
736 1434 903 1469 ornatu
924 1429 1121 1480 singulis
1143 1429 1387 1468 dominicis
1415 1440 1470 1468 ac
1495 1429 1676 1469 festivis
1706 1429 1794 1468 die-

158 1499 246 1539 bus
284 1499 553 1539 venerabile
591 1511 827 1551 exponere
870 1506 1124 1551 coeperunt
1163 1498 1522 1540 Sacramentum
1564 1500 1611 1539 in
1659 1511 1795 1539 usum

162 1576 300 1622 atque
341 1571 525 1610 animae
563 1570 866 1611 refectionem
899 1571 1104 1611 omnium
1140 1571 1488 1611 communicare
1522 1571 1792 1620 volentium,

159 1652 339 1690 verum,
364 1642 423 1682 ad
444 1642 670 1682 maiorem
691 1641 878 1682 divinae
898 1641 1050 1682 laudis
1070 1642 1331 1682 ubertatem
1352 1653 1637 1693 suorumque
1659 1653 1794 1681 cona-

156 1718 290 1752 tuum
309 1712 700 1763 prosecutionem,
723 1724 818 1752 non
838 1713 1058 1764 quievere
1080 1724 1321 1765 quousque
1343 1723 1516 1763 magno
1538 1713 1698 1764 populi
1719 1724 1794 1764 ap-

158 1783 327 1834 plausu
361 1783 411 1823 P.
449 1789 663 1824 nostrum
697 1783 962 1824 Adrianum
996 1783 1042 1823 in
1077 1783 1240 1824 eodem
1274 1784 1500 1824 haberent
1537 1784 1710 1834 templo
1745 1790 1794 1823 ut

159 1853 331 1894 ibidem
351 1855 577 1905 quotidie,
604 1854 1027 1906 quaemadmodum
1048 1855 1095 1895 in
1117 1855 1231 1895 aede
1260 1854 1383 1896 Stae.
1414 1854 1659 1895 Michaelis
1688 1855 1790 1894 soli-

156 1929 232 1964 tus
263 1925 437 1975 fuerat,
474 1925 795 1966 confessiones
824 1925 1020 1966 audiret.
1050 1926 1231 1966 Verum
1252 1926 1415 1966 eodem
1442 1925 1538 1966 fere
1569 1933 1790 1976 tempore,

155 1995 273 2035 mira
295 1997 499 2047 quadam
520 1997 740 2048 antiquus
761 1997 836 2037 ille
853 2008 1046 2048 serpens
1067 1996 1279 2037 diabolus
1301 1997 1409 2037 hinc
1432 2008 1658 2037 accensus
1679 1997 1791 2037 invi-

152 2066 252 2117 dia,
275 2079 450 2107 novam
472 2079 666 2118 prorsus
695 2079 750 2107 ac
778 2068 979 2107 antehac
1000 2068 1120 2107 forte
1141 2068 1421 2118 inauditam,
1447 2068 1676 2108 adversus
1698 2068 1792 2107 ani-

154 2148 338 2178 marum
349 2138 626 2189 profectum,
644 2138 799 2190 coepit
816 2150 1115 2179 commovere
1132 2139 1440 2190 tragoediam,
1465 2140 1794 2179 nonnullorum

153 2209 406 2249 excitando
438 2209 763 2250 Praelatorum
794 2211 974 2250 animos
1002 2221 1149 2261 eoque
1179 2210 1493 2262 perducendo,
1524 2222 1614 2262 quo
1642 2209 1792 2250 subdi-

153 2279 214 2319 tis
235 2280 331 2319 suis
353 2281 550 2320 oviculis
572 2292 835 2332 proponere
856 2293 950 2321 non
978 2288 1268 2332 vererentur,
1298 2281 1391 2322 imo
1422 2281 1470 2321 vi
1500 2280 1792 2321 auctoritatis

150 2351 433 2402 compellere
461 2351 520 2391 ad
551 2351 804 2402 specialem
838 2352 936 2392 Voti
972 2352 1327 2403 obligationem,
1357 2364 1406 2392 se
1433 2363 1672 2403 nunquam
1705 2363 1791 2391 nec

154 2421 215 2461 ad
235 2420 395 2461 Sancti
417 2421 542 2461 Petri
562 2433 648 2462 nec
670 2422 729 2462 ad
753 2422 913 2463 Sancti
934 2423 1198 2474 Michaelis,
1223 2435 1390 2474 nempe
1418 2423 1476 2463 ad
1506 2435 1611 2473 nos,
1644 2423 1791 2462 ituros

155 2491 214 2531 ad
247 2492 609 2543 confessionem3
641 2493 846 2544 alioquin
866 2505 946 2533 eas
967 2494 1188 2534 reiecturi
1209 2494 1395 2545 suisque
1417 2493 1604 2534 sedibus
1634 2494 1788 2545 expul-

151 2562 264 2602 suri.
289 2562 468 2602 Verum
489 2562 739 2612 Dominus,
764 2564 842 2615 qui
861 2565 999 2604 nullis
1021 2577 1114 2604 non
1144 2571 1188 2605 et
1220 2564 1608 2605 abominabilibus
1638 2564 1685 2604 in
1711 2565 1786 2604 bo-

154 2643 266 2672 num
286 2633 353 2672 uti
373 2633 520 2683 novit,
544 2633 665 2673 hanc
688 2645 871 2685 quoque
892 2635 1064 2675 diaboli
1080 2635 1398 2675 inventionem
1416 2636 1463 2675 in
1483 2636 1626 2675 multo
1648 2636 1788 2675 maio·

152 2713 253 2742 rem
271 2703 508 2744 fructuum
529 2705 789 2745 ubertatem
818 2707 1064 2746 convertit.
1095 2706 1346 2757 Quoniam,
1380 2712 1631 2758 postquam
1655 2718 1786 2758 prae-

150 2772 263 2813 dicti
291 2775 487 2825 praelati
519 2775 908 2826 gravissimorum
934 2777 1215 2817 auctoritate
1243 2778 1474 2828 virorum,
1511 2783 1670 2829 utpote
1704 2778 1783 2818 hu-

150 2843 225 2883 ius
251 2844 380 2884 urbis
412 2845 692 2885 Cancellarii
726 2846 1036 2898 aliorumque,
1066 2859 1262 2899 quorum
1297 2848 1373 2888 hic
1406 2848 1666 2888 authoritas
1699 2860 1784 2900 pro

150 2917 344 2956 oraculo
366 2916 529 2956 haberi
559 2917 822 2968 consuevit,
852 2918 912 2958 ad
932 2930 1048 2970 quos
1069 2920 1225 2959 omnia
1256 2919 1410 2960 delata
1440 2919 1649 2971 fuerunt,
1681 2932 1786 2960 con-

208 3073 217 3091 ¹
258 3073 507 3108 Apographum
522 3076 713 3109 exemplum
725 3076 758 3103 in
773 3076 851 3104 folio
867 3077 1004 3112 triplici,
1020 3086 1075 3105 nn.
1089 3077 1221 3106 326-328.
