2168 3437
301 291 377 329 234
823 288 1051 324 LITTERAE
1077 295 1437 329 QUADRIMESTRES

532 620 823 649 Praecedentium
840 612 978 647 Fratris
992 618 1098 646 Marci
1114 618 1217 652 Jorge
1233 617 1430 645 litterarum
1444 617 1554 645 latina
1569 617 1682 644 versio
1700 617 1720 644 ¹.

387 1026 488 1067 Pax
509 1026 700 1067 Domini
720 1026 869 1066 nostri
885 1026 996 1079 Jesu
1018 1024 1192 1066 Christi
1212 1023 1272 1063 sit
1292 1033 1478 1074 semper
1497 1021 1756 1062 nobiscum.
1782 1020 1950 1061 Amen.

388 1098 506 1139 Cum
527 1109 597 1149 ea,
623 1109 742 1150 quae
763 1098 1032 1149 superiores
1053 1096 1140 1136 hos
1161 1100 1358 1147 quatuor
1381 1104 1566 1134 menses
1587 1092 1642 1132 R.
1666 1092 1715 1132 Ρ.
1740 1091 1791 1132 T.
1816 1090 1950 1142 filios,

302 1181 424 1221 quos
445 1169 493 1210 in
514 1168 717 1210 Domino
738 1168 958 1220 genuisti,
985 1172 1242 1218 occupatos
1264 1171 1472 1215 tenuere,
1496 1163 1758 1215 scripturus
1779 1163 1882 1214 sim,
1909 1168 1954 1203 et

306 1246 416 1281 tuae
441 1240 674 1281 voluntati
702 1240 1130 1291 obtemperaturus,
1162 1236 1273 1278 illud
1303 1237 1351 1276 in
1378 1236 1542 1288 primis
1570 1234 1799 1286 occurrit,
1829 1234 1950 1286 quod

302 1312 368 1352 ad
387 1323 643 1364 puerorum
663 1311 1024 1362 institutionem,
1049 1321 1189 1362 quam
1211 1309 1307 1349 scio
1328 1307 1378 1348 Ρ.
1402 1313 1509 1347 tuae
1539 1317 1741 1357 magnae
1769 1317 1954 1357 semper

308 1395 411 1424 esse
433 1395 599 1435 curae,
623 1383 840 1435 pertinet.
866 1381 994 1433 Quos
1015 1382 1060 1421 in
1081 1380 1312 1433 proximis
1332 1379 1439 1420 huic
1460 1379 1563 1419 urbi
1589 1379 1725 1430 pagis
1755 1383 1800 1418 et
1828 1377 1953 1430 oppi-

304 1455 394 1506 -dis,
415 1455 475 1495 ad
494 1455 698 1507 primum
719 1460 763 1495 et
784 1454 1042 1494 secundum
1065 1453 1277 1502 milliare,
1299 1451 1470 1492 fratres
1491 1450 1754 1501 diligenter,
1775 1450 1832 1490 ab
1853 1449 1953 1501 ipso

307 1538 454 1578 usque
474 1527 706 1577 ianuario,
726 1526 901 1566 Divina
918 1530 1172 1577 praecepta
1192 1530 1235 1563 et
1252 1523 1344 1563 alia
1360 1522 1467 1563 fidei
1484 1522 1749 1562 rudimenta
1767 1521 1950 1570 docent,

307 1610 415 1638 cum
449 1609 622 1649 magna
659 1597 1003 1649 oppidanorum
1036 1595 1243 1636 omnium
1278 1594 1492 1635 utilitate.
1524 1593 1660 1633 Initio
1689 1591 1956 1645 quindecim

307 1674 386 1709 aut
425 1668 663 1709 sexdecim
697 1668 869 1709 fratres
904 1668 1026 1708 hanc
1064 1666 1452 1707 iucundissimam
1488 1664 1787 1716 provinciam
1819 1663 1953 1703 festis

307 1740 492 1791 diebus,
516 1740 680 1792 quibus
702 1751 798 1780 non
819 1745 920 1779 erat
941 1737 1325 1791 praeceptoribus
1347 1748 1491 1788 opera
1513 1736 1689 1787 danda,
1721 1735 1951 1783 obierunt,

308 1812 391 1852 sed
412 1811 627 1864 quamvis
650 1813 907 1852 multorum
931 1822 1075 1862 opera
1098 1809 1236 1850 rebus
1259 1809 1363 1849 aliis
1384 1807 1656 1848 necessaria
1675 1812 1840 1859 postea
1862 1805 1956 1846 fue-

307 1884 390 1935 rit,
415 1895 499 1924 sex
521 1889 600 1923 aut
622 1889 803 1935 septem
823 1889 982 1922 tamen
1003 1881 1157 1922 adhuc
1179 1884 1486 1932 perseverant
1516 1879 1564 1919 in
1585 1877 1750 1919 eodem
1778 1877 1952 1917 labore.

307 1955 517 1996 Veniunt
548 1961 592 1995 et
623 1954 757 2006 pueri
786 1961 831 1994 et
858 1954 1072 1994 homines
1099 1964 1193 1993 non
1219 1951 1357 2003 pauci
1389 1951 1447 1991 ab
1476 1949 1647 2002 oppido
1674 1949 1877 2001 quodam
1907 1954 1956 1988 ut

309 2027 509 2079 singulis
530 2025 838 2066 hebdomadis
862 2015 920 2066 ad
941 2025 1101 2065 divina
1124 2023 1431 2064 Sacramenta
1453 2022 1697 2062 accedant.
1718 2021 1769 2061 In
1789 2021 1953 2070 altero,

308 2098 491 2149 fratriS,
517 2098 595 2150 qui
616 2110 671 2137 eo
692 2098 810 2148 ibat,
835 2096 1101 2148 diligentia,
1124 2094 1303 2135 reditus
1332 2094 1379 2134 in
1411 2099 1619 2134 veterem
1649 2091 1855 2143 gratiam
1887 2096 1956 2131 est

308 2169 463 2210 factus
484 2170 541 2209 ab
564 2169 815 2220 aliquibus,
840 2168 918 2220 qui
940 2167 1046 2207 odia
1069 2167 1189 2207 inter
1217 2177 1266 2206 se
1292 2165 1537 2212 fovebant,
1570 2176 1594 2203 e
1622 2163 1790 2215 quibus
1817 2173 1951 2212 unus,

306 2253 418 2282 cum
437 2240 657 2281 iniuriam
677 2240 776 2292 ipse
798 2239 1080 2290 accepisset,
1104 2237 1287 2290 publice
1316 2237 1374 2276 ab
1405 2248 1480 2287 eo,
1513 2235 1592 2287 qui
1621 2235 1844 2284 laeserat,
1879 2245 1952 2273 ve-

310 2313 438 2353 niam
459 2312 506 2352 in
526 2312 699 2363 templo
720 2310 995 2363 postulavit,
1020 2321 1115 2349 non
1145 2309 1246 2349 sine
1277 2307 1556 2359 lachrymis,
1588 2304 1713 2358 quod
1743 2304 1982 2358 omnibus,

311 2384 411 2424 eius
432 2383 591 2436 oppidi
611 2383 697 2423 fuit
718 2382 985 2433 exemplum
1006 2391 1234 2433 perquam
1256 2379 1458 2419 salubre.

394 2455 443 2496 P.
468 2454 527 2495 D.
551 2454 842 2505 Goncalvius
863 2464 970 2493 cum
991 2452 1288 2492 Braccharae
1309 2450 1472 2491 fuisset
1494 2450 1671 2501 aliquot
1692 2447 1876 2498 diebus,
1910 2447 1956 2486 in

311 2527 499 2577 urbem,
530 2538 671 2578 quam
698 2525 893 2566 Portum
919 2530 1109 2575 vocant,
1142 2522 1434 2573 Lusitaniae,
1466 2527 1571 2573 post
1601 2519 1953 2571 Olissyponam,

312 2598 591 2647 maximam,
616 2597 787 2638 missus
809 2602 900 2647 est,
924 2594 1291 2646 efflagitantibus
1312 2593 1358 2634 id
1380 2599 1519 2645 atque
1542 2591 1835 2644 cupientibus
1863 2601 1956 2630 ma-

311 2670 460 2710 iorem
494 2670 542 2709 in
575 2668 765 2709 modum
795 2667 908 2719 ipsis
937 2666 1138 2716 civibus,
1169 2664 1291 2717 apud
1323 2675 1440 2716 quos
1470 2662 1789 2715 superioribus
1820 2660 1957 2701 annis

313 2741 481 2781 fuerat.
510 2740 562 2780 In
588 2752 644 2780 ea
671 2740 785 2779 urbe
813 2749 907 2778 non
936 2737 1137 2777 interdiu
1169 2748 1263 2776 non
1291 2741 1434 2775 noctu
1462 2735 1592 2786 quies
1621 2734 1714 2773 ulla
1741 2732 1955 2781 dabatur,

314 2823 421 2852 cum
452 2811 562 2851 hinc
596 2815 824 2851 vocarent
858 2809 1132 2858 conciones,
1170 2808 1278 2847 hinc
1309 2812 1532 2858 urgerent
1568 2804 1721 2854 multi,
1758 2813 1958 2855 quorum

311 2882 634 2922 confessiones
656 2887 790 2922 erant
817 2879 1091 2920 audiendae.
1124 2878 1331 2930 Cumque
1360 2889 1456 2918 non
1486 2882 1644 2928 posset
1670 2875 1728 2915 D.
1759 2873 1956 2923 Goncal-

315 2954 422 2994 vius
451 2953 657 2994 omnium
690 2951 965 2993 satisfacere
995 2950 1322 3002 petitionibus,
1354 2949 1520 3001 quibus
1551 2952 1677 2987 certe
1707 2945 1960 2997 plurimum

372 3114 383 3134 ¹
421 3114 510 3142 Vide
526 3121 639 3148 supra,
656 3121 735 3148 pag.
750 3112 814 3146 228,
831 3116 902 3140 not.
918 3112 941 3139 1.
