2168 3437
861 292 944 329 Ax.
975 291 1066 328 1053
1710 291 1780 328 337

152 387 440 428 incumbunt.
462 386 553 427 Sed
573 387 619 427 id
639 387 796 428 animo
817 387 1003 439 quidem
1032 388 1079 427 in
1106 388 1203 428 dies
1229 388 1538 438 vigilantiori:
1569 386 1692 439 quod
1719 395 1781 427 te-

144 465 301 499 statur
322 458 642 510 quotidianus,
667 459 944 510 uberiorque
965 459 1012 498 in
1032 459 1283 498 virtutibus
1304 470 1604 510 progressus,
1628 470 1685 499 ac
1705 458 1780 498 Di-

151 530 247 569 vini
268 529 468 569 nominis
489 529 766 581 propalandi
795 529 911 569 sitis.
942 529 1038 569 Nec
1069 541 1148 569 eos
1176 536 1439 569 remoratur
1465 530 1555 569 loci
1582 541 1783 569 commo-

144 600 272 640 ditas
292 600 457 649 minor,
476 611 617 651 quam
636 600 810 650 requiri
831 605 875 639 et
895 599 1056 650 possit,
1076 605 1120 639 et
1141 599 1321 640 debeat.
1345 599 1508 640 Studia
1528 611 1656 650 sane,
1678 611 1780 651 gra-

151 672 286 710 viora
306 670 517 721 negotia,
547 670 890 721 quodammodo
918 670 1279 721 interceperunt.
1311 669 1531 710 Studetur
1557 671 1786 711 nihilomi-

151 754 260 792 nus,
285 741 466 793 quoties
488 740 624 780 datur
643 740 907 791 respirandi
927 746 1132 791 tempus,
1157 747 1201 780 et
1232 741 1422 792 mirum,
1454 753 1544 793 quo
1571 747 1711 792 pacto
1741 741 1785 781 id

150 817 411 864 praestetur
433 823 459 851 a
480 812 614 851 nobis
636 811 759 863 quod
779 811 824 851 in
840 811 1006 851 litteris
1024 818 1332 862 praestamus,
1353 812 1539 863 quando
1558 819 1602 852 et
1619 823 1787 852 munus

145 882 349 922 docendi
369 888 517 922 totum
538 882 772 922 hominem
794 882 860 921 sic
881 882 1110 932 requirat,
1134 887 1185 921 ut
1205 882 1327 933 quod
1356 889 1587 933 superest,
1619 883 1699 923 vix
1729 883 1788 923 sit

151 953 450 1005 quiescendo.
473 953 618 993 Nemo
641 959 710 993 est
729 953 777 992 in
797 953 1066 1003 lectoribus,
1092 953 1170 1004 qui
1190 964 1284 992 non
1308 960 1561 1004 occupetur
1582 954 1780 1005 penitus.

152 1023 269 1064 Sunt
289 1024 412 1064 enim
434 1024 480 1064 in
501 1024 673 1064 scholis
694 1023 884 1064 assidui.
907 1023 1116 1074 Quorum
1135 1023 1267 1063 labor
1283 1030 1332 1063 ut
1348 1035 1562 1074 magnus,
1582 1025 1646 1064 ita
1664 1032 1789 1065 certe

154 1107 247 1136 non
281 1095 455 1135 irritus.
492 1095 707 1146 Augetur
741 1096 865 1135 enim
898 1102 943 1135 et
977 1095 1310 1146 discipulorum
1344 1095 1390 1135 in
1418 1095 1668 1142 virtutibus
1699 1104 1788 1136 stu-

147 1167 293 1217 ·dium,
319 1172 363 1206 et
383 1166 430 1205 in
450 1166 617 1206 litteris
637 1166 704 1205 sic
724 1172 1019 1217 promovent,
1042 1171 1091 1205 ut
1112 1165 1344 1206 neminem
1366 1166 1592 1206 hactenus
1615 1167 1791 1218 aliquot

153 1248 339 1277 menses
378 1237 501 1288 apud
539 1248 627 1276 nos
664 1237 852 1276 trivisse
890 1237 1193 1288 poenituerit,
1242 1236 1549 1288 effectumque
1598 1244 1691 1287 est,
1743 1245 1791 1277 ut

155 1308 334 1348 maiora
365 1308 422 1347 ab
450 1307 539 1347 hoc
569 1307 812 1348 societatis
845 1313 1037 1348 nostrae
1068 1308 1265 1358 collegio
1295 1308 1463 1348 civitas
1494 1307 1718 1348 beneficia
1749 1316 1792 1348 et

154 1379 366 1430 recipiat,
387 1384 432 1418 et
452 1385 623 1430 speret.
645 1377 744 1418 Nec
765 1389 850 1418 sua
872 1390 953 1430 spe
974 1379 1159 1419 ludetur
1176 1378 1372 1430 (opinor)
1395 1379 1434 1418 si
1450 1377 1579 1419 Deus
1601 1390 1793 1419 suorum

150 1455 352 1502 *conatus
373 1449 655 1489 secundarit.
678 1448 827 1489 Actus
849 1454 918 1488 est
937 1449 1067 1489 hisce
1093 1449 1394 1489 Pentecostes
1421 1449 1553 1490 festis
1582 1462 1608 1489 a
1637 1451 1794 1501 pueris

155 1521 337 1572 publice
365 1519 594 1570 Dialogus
628 1520 674 1559 in
697 1519 957 1560 studiorum
986 1519 1192 1569 laudem,
1223 1521 1448 1571 carmine,
1477 1521 1664 1561 habitae
1688 1529 1793 1561 sunt

156 1598 201 1632 et
223 1592 398 1643 aliquot
420 1591 679 1631 orationes:
703 1591 827 1642 quod
847 1591 932 1631 fuit
952 1591 1108 1631 multis
1136 1591 1478 1642 gratissimum,
1511 1598 1555 1632 et
1582 1593 1794 1632 omnibus

157 1662 472 1703 admirationi.
492 1662 689 1715 Jamque
707 1662 844 1702 desiit
866 1662 986 1702 inter
1007 1663 1178 1713 vulgus
1200 1663 1356 1714 opinio
1379 1664 1611 1715 quaedam
1630 1665 1791 1713 teneri,

158 1734 270 1774 nulli
289 1734 441 1785 magis
464 1745 604 1785 quam
625 1733 728 1773 urbi
749 1733 858 1784 ipsi,
891 1734 930 1773 si
951 1733 1187 1785 durasset,
1223 1733 1465 1774 offectura.
1496 1735 1610 1775 Erat
1639 1741 1795 1775 autem

159 1816 340 1845 morum
359 1804 740 1845 reformationem
756 1810 1181 1856 quantamcumque
1198 1806 1370 1845 vellent
1390 1818 1416 1846 a
1434 1804 1683 1855 Societate,
1702 1818 1796 1846 non

156 1877 337 1916 litteras
358 1875 617 1927 sperandas
638 1887 761 1926 esse,
784 1875 998 1916 laudetur
1019 1876 1058 1915 is
1078 1876 1268 1927 ubique,
1302 1877 1380 1927 qui
1407 1876 1533 1916 vires
1564 1883 1609 1917 et
1636 1883 1793 1917 contu-

157 1948 228 1998 lit,
252 1954 297 1987 et
317 1947 572 1987 collaturus
593 1952 662 1987 est
682 1947 899 1997 maiores,
924 1947 963 1987 si
987 1948 1104 1987 tales
1125 1959 1211 1987 nos
1232 1948 1584 1999 praebuerimus
1602 1981 1609 1998 ,
1635 1949 1796 2000 quales

158 2019 247 2059 hoc
266 2030 434 2058 munus
455 2018 704 2058 desiderat.
725 2017 821 2058 Nec
843 2018 992 2058 solum
1009 2018 1240 2058 Dominus
1257 2019 1457 2058 fratrum
1479 2030 1624 2070 opera
1645 2030 1796 2059 novos

157 2091 326 2130 vineae
347 2101 458 2130 suae
480 2089 694 2141 palmites
715 2089 858 2140 fovet,
881 2089 1063 2141 illisque
1085 2089 1214 2130 addit
1234 2090 1595 2141 incrementum,
1620 2091 1730 2140 quin
1751 2098 1794 2130 et

159 2161 450 2201 luxuriantes
475 2161 668 2201 Patrum
701 2167 969 2201 nostrorum
995 2161 1254 2201 ministerio
1281 2168 1437 2212 putat,
1471 2168 1515 2201 et
1543 2161 1598 2202 de
1630 2162 1795 2213 quibus

158 2232 287 2271 nulla
308 2243 416 2283 spes
436 2231 616 2272 fructus
637 2242 739 2272 esse
760 2231 1023 2280 Videbatur,
1048 2243 1154 2272 cum
1175 2232 1268 2272 iam
1290 2244 1317 2272 a
1339 2233 1495 2272 multis
1517 2233 1652 2272 annis
1682 2233 1797 2272 nihil

160 2302 485 2352 reddidissent,
509 2302 683 2355 vixque
703 2303 861 2343 vitalis
882 2303 1091 2343 humoris
1113 2303 1160 2343 in
1181 2304 1368 2343 surculo
1392 2304 1623 2343 tantillum
1640 2315 1795 2355 super-

163 2380 300 2424 esset,
326 2374 485 2424 largos
505 2374 599 2413 iam
620 2374 736 2414 satis
755 2380 1012 2426 proventus
1033 2374 1326 2426 pollicentur.
1358 2375 1415 2414 Et
1443 2375 1620 2415 utinam
1642 2376 1797 2426 plures

161 2444 380 2484 adessent
411 2444 703 2494 sacerdotes,
736 2445 815 2496 qui
849 2445 1126 2496 importunis
1161 2446 1336 2485 civium
1364 2446 1579 2497 precibus
1606 2452 1797 2497 possent

160 2515 451 2556 satisfacere.
476 2514 756 2555 Detinentur
775 2516 924 2556 nostri
944 2515 1118 2556 solidos
1148 2517 1246 2557 dies
1272 2517 1320 2557 in
1351 2516 1594 2557 audiendis
1621 2517 1797 2556 confes—

163 2586 387 2637 sionibus,
408 2597 516 2625 cum
537 2585 675 2637 domi,
695 2597 785 2638 quo
805 2586 993 2638 plurimi
1013 2587 1266 2637 confluunt,
1287 2588 1444 2639 illique
1464 2599 1556 2627 non
1577 2588 1800 2638 vulgares

167 2657 317 2708 cives,
342 2662 440 2697 tum
461 2656 596 2707 foris,
620 2656 668 2696 in
688 2657 978 2709 carceribus,
1001 2657 1329 2710 hospitalibus,
1360 2659 1617 2709 coenobiis,
1646 2659 1798 2710 priva-

165 2728 318 2779 tisque
355 2727 570 2768 aedibus:
607 2734 652 2768 et
684 2734 784 2768 toto
815 2728 1214 2780 quadragesimali
1251 2735 1461 2781 tempore
1494 2729 1679 2770 fuerunt
1713 2730 1800 2770 fre-

166 2799 502 2850 quentissimae
525 2798 873 2850 occupationes.
895 2797 1036 2839 Novit
1056 2799 1184 2840 Deus
1206 2806 1379 2851 quanta
1407 2801 1658 2841 multorum
1684 2801 1799 2841 utili·

166 2875 286 2920 tate,
309 2870 389 2921 qui
409 2870 476 2910 sic
504 2869 813 2910 confessionis
838 2868 1196 2911 Sacramentum
1221 2871 1519 2923 frequentare
1547 2883 1801 2913 consueve-

168 2945 292 2991 rant,
316 2946 365 2980 ut
386 2939 495 2991 quid
517 2946 653 2991 esset,
677 2940 951 2991 ignorarent
970 2941 1123 2992 plane:
1146 2947 1224 2981 aut
1244 2941 1284 2981 si
1306 2942 1530 2983 adiissent
1551 2943 1801 2995 aliquando

168 3010 533 3059 confessarium,
559 3022 709 3051 annos
728 3011 873 3051 ferme
893 3017 1016 3052 totos
1037 3012 1084 3052 in
1112 3012 1374 3064 adulteriis,
1403 3013 1559 3063 furtis,
1590 3015 1729 3066 odiis,
1759 3020 1803 3055 et

168 3081 218 3121 id
246 3092 396 3132 genus
432 3082 704 3122 criminibus
732 3082 1067 3123 contriverant.
1097 3083 1230 3124 Multi
1257 3083 1439 3135 decem,
1471 3085 1548 3125 alii
1580 3085 1647 3135 15,
1680 3091 1725 3126 et
1753 3085 1806 3126 20

366 3158 415 3194 T.
437 3169 477 3193 ιι.
1572 3172 1615 3195 22
