2168 3437
899 262 983 299 AN.
1012 261 1105 299 1553
1751 260 1822 297 293

182 371 414 400 censurae
436 365 479 398 et
501 358 694 399 arbitrio
725 358 1042 399 adhaesurum
1063 365 1108 399 et
1135 359 1362 409 suffragio
1394 357 1691 398 irrevocabili
1717 357 1817 397 sub-

186 431 474 481 scripturum
495 441 597 469 esse
614 430 919 480 astringebat.

264 501 423 552 Itaque
450 500 737 552 Charybdim
764 512 906 552 aegre
939 501 1153 551 eluctati,
1183 500 1429 551 praecipiti
1455 501 1589 551 lapsu
1617 500 1664 539 in
1691 498 1816 551 Scyl-

183 573 279 612 lam
312 583 456 623 prope
492 573 691 612 demersi
724 583 899 612 sumus.
936 572 1075 620 Nam,
1113 583 1215 611 curn
1253 572 1351 611 solo
1382 571 1555 611 Senatu
1590 570 1818 610 hactenus

182 643 493 688 certantibus.
523 643 661 683 modo
691 648 736 682 et
763 654 869 682 cum
896 642 1128 693 Episcopo
1157 648 1202 681 et
1231 654 1336 681 cum
1368 642 1609 682 Facultate
1645 641 1817 681 theolo-

184 714 292 765 gica
321 716 455 765 (quae
484 713 965 765 sesquicentenarium
993 712 1255 753 Doctorum
1286 713 1633 764 Theologorum
1661 723 1816 751 nume-

183 796 288 824 rum
314 790 523 835 superat,
553 795 696 835 penes
726 795 843 835 quos
870 784 1111 835 sigillatim
1145 795 1317 824 causae
1351 790 1538 823 nostrae
1575 783 1817 823 arbitrium

184 855 307 905 erit),
331 855 465 895 nobis
487 855 685 894 arduum
705 855 968 894 intercessit
989 854 1252 906 negotium,
1286 854 1407 905 quod
1434 866 1521 894 nec
1548 854 1645 905 ipse
1675 853 1814 894 Sena-

182 932 272 976 tus,
294 927 370 966 vel
391 926 567 977 aliquot
589 926 918 978 theologorum
938 925 1064 966 facili
1085 925 1372 975 collectione,
1397 925 1634 965 studiosae
1655 925 1826 964 factio-·

182 997 254 1036 nis
276 996 347 1046 (de
368 997 602 1048 plerisque
622 997 801 1048 loquor,
825 1008 918 1036 non
940 997 996 1036 de
1017 996 1265 1046 universis)
1289 1002 1547 1047 suspectus,
1579 1007 1669 1047 qua
1691 995 1814 1035 nodo

180 1073 279 1107 tam
309 1068 530 1119 perplexo
559 1067 766 1107 intricati
793 1079 968 1118 sumus,
993 1067 1257 1118 ignorabat.
1283 1066 1404 1117 Quid
1430 1066 1602 1106 multa?
1628 1067 1814 1117 Episco-

181 1149 291 1189 pus,
321 1138 394 1178 vir
422 1138 525 1189 pius
561 1145 604 1178 et
639 1138 870 1188 erudimS,
909 1149 1046 1190 quem
1081 1137 1214 1178 nobis
1248 1138 1401 1189 magis
1430 1137 1682 1189 propitium
1714 1137 1815 1177 fore

184 1220 565 1260 speraveramus,
589 1215 748 1249 censet
768 1209 856 1249 hoc
877 1209 1099 1261 temporis
1121 1209 1318 1249 articulo
1335 1208 1616 1249 Societatem
1639 1209 1697 1248 ad
1715 1207 1815 1248 Col·

183 1281 293 1331 legii
315 1280 598 1320 erectionem
619 1280 956 1320 admittendam
975 1292 1069 1320 non
1091 1291 1216 1331 esse,
1239 1280 1322 1320 sed
1342 1280 1517 1331 negotii
1544 1279 1680 1319 huius
1710 1279 1813 1319 defi-

184 1351 407 1391 nitionem
429 1351 476 1391 in
497 1351 638 1391 aliam
659 1352 882 1403 temporis
904 1352 1222 1403 occasionem,
1255 1363 1395 1403 quam
1425 1351 1657 1392 Calendas
1683 1362 1814 1402 grae-

183 1433 265 1462 cas
286 1422 515 1473 probabili
537 1422 801 1473 suspicione
824 1423 1203 1474 interpretamur,
1233 1434 1335 1462 esse
1364 1422 1685 1462 differendam.
1714 1422 1816 1462 Ete-

184 1493 301 1544 nim,
335 1493 382 1532 in
417 1493 518 1544 ipso
547 1493 757 1544 auspicio
788 1494 1007 1545 colloquii
1035 1505 1140 1534 cum
1174 1493 1312 1534 Patre
1348 1493 1514 1544 habiti,
1551 1505 1669 1533 voce
1705 1504 1816 1533 usus

182 1575 348 1615 parum
383 1564 559 1615 amica,
593 1576 642 1604 se
675 1571 866 1605 nostrae
902 1565 1173 1605 admissioni
1202 1577 1442 1617 nunquam
1477 1575 1816 1605 consensurum

181 1635 447 1686 respondit:
478 1635 626 1686 atqui,
656 1636 778 1675 ultro
810 1636 1019 1687 citroque
1047 1647 1262 1676 sermone
1288 1636 1531 1687 productO,
1566 1636 1723 1675 mitior
1751 1635 1815 1675 fa-

180 1712 304 1757 ctus,
342 1706 590 1746 humanius
626 1718 733 1746 cum
760 1707 898 1747 Patre
930 1718 1193 1747 sermonem
1220 1707 1409 1758 clausit,
1441 1707 1648 1758 acceptis
1675 1707 1816 1758 diplo-

181 1777 320 1817 matis
340 1776 611 1828 pontificiiS,
636 1776 858 1818 Societati
885 1778 1095 1829 indultis,
1127 1789 1245 1830 quae
1275 1790 1360 1818 suo
1388 1778 1578 1818 tradidit
1606 1777 1814 1817 Vicario.

261 1847 348 1888 Hic
371 1847 557 1888 officiali
578 1849 864 1889 consulenda
895 1861 951 1890 ac
981 1849 1274 1890 discutienda
1301 1850 1556 1901 commisit,
1587 1849 1664 1901 qui
1694 1849 1816 1888 beni-

180 1930 273 1970 gne
300 1918 487 1960 Patrem
515 1920 713 1971 excepit,
743 1932 895 1972 neque
925 1921 1104 1961 alienus
1134 1933 1161 1961 a
1187 1920 1436 1962 Societatis
1464 1921 1697 1961 iuvandae
1726 1927 1816 1961 stu-

183 1991 259 2031 dio
281 1991 482 2042 Videtur,
502 1991 541 2031 si
558 1992 696 2032 modo
714 1992 935 2044 Episcopi
956 1992 1249 2033 dissuasione
1265 2005 1359 2033 non
1376 1999 1638 2033 revocetur.
1662 1992 1819 2043 Aegre

185 2069 355 2114 autem,
379 2063 468 2103 nisi
488 2064 768 2115 importunis
789 2065 1008 2116 precibus
1028 2065 1204 2114 victus,
1236 2065 1407 2105 adduci
1433 2065 1603 2116 poterit
1630 2065 1818 2116 Episco-

182 2145 269 2185 pus
295 2140 344 2174 ut
371 2135 544 2175 nostris
572 2134 733 2175 faveat
760 2135 998 2187 partibus:
1029 2147 1139 2176 nam
1168 2135 1399 2176 Dominus
1430 2136 1689 2187 Episcopus
1719 2135 1818 2176 Cla—

181 2205 515 2253 ramontensis‚
541 2206 687 2246 altero
709 2207 871 2247 labore
899 2219 984 2258 pro
1020 2207 1153 2247 nobis
1182 2207 1380 2247 libenter
1401 2213 1633 2258 susceptO,
1659 2207 1699 2246 ei
1721 2218 1818 2257 per-

182 2275 380 2316 suadere
401 2282 598 2317 conatus
620 2283 689 2317 est
709 2289 766 2317 ne
789 2277 1001 2318 beneficii
1021 2278 1155 2318 nobis
1178 2290 1205 2318 a
1232 2290 1282 2318 se
1309 2278 1581 2329 praestandi
1609 2279 1818 2317 volunta-

181 2352 276 2386 tem
303 2346 526 2398 impediat
553 2359 672 2387 neve
698 2354 981 2388 remoretur:
1015 2349 1214 2389 necdum
1242 2355 1399 2389 tamen
1429 2354 1650 2389 exorator
1679 2348 1738 2387 ab
1764 2359 1819 2388 eo

182 2417 339 2469 rediit,
378 2429 662 2469 quamquam
696 2419 963 2470 praefracto
1001 2420 1156 2460 animo
1183 2420 1319 2460 nobis
1349 2432 1442 2460 non
1472 2420 1530 2459 sit
1564 2420 1819 2459 reluctatus

181 2488 312 2528 alter.
344 2487 435 2529 Sed
463 2489 693 2529 Dominus
724 2490 857 2530 novit
891 2490 1221 2531 Providentiae
1251 2503 1365 2531 suae
1399 2490 1637 2531 definitum
1671 2490 1818 2530 consi-

182 2560 315 2611 lium,
354 2559 477 2611 quod
512 2561 781 2601 mortalium
815 2573 953 2602 nemo
987 2562 1217 2603 frustrare
1252 2563 1436 2614 poterit.
1469 2563 1615 2613 Igitur
1642 2562 1819 2612 negotii

181 2630 329 2670 nostri
350 2637 568 2680 eventus,
592 2631 799 2671 nondum
827 2633 923 2672 lata
945 2633 1197 2683 sententia,
1229 2632 1383 2672 adhuc
1410 2631 1580 2684 pendet
1607 2632 1691 2672 sub
1714 2631 1816 2683 Epi-

180 2701 313 2752 scopi
333 2701 479 2752 ipsius
501 2702 710 2753 arbitrio,
734 2714 868 2742 mora
890 2702 982 2743 iam
1004 2704 1127 2744 ultra
1157 2703 1378 2743 bimestre
1406 2703 1608 2754 spatium
1636 2709 1816 2754 protra-

182 2777 280 2822 cta;
304 2783 442 2823 quem
462 2771 616 2822 Pater,
639 2772 777 2813 huius
797 2774 974 2824 negotii
995 2780 1242 2825 satagens,
1273 2774 1561 2825 frequentat,
1594 2785 1649 2813 ac
1677 2774 1818 2814 etiam

182 2842 328 2893 ipsius
363 2843 633 2893 officialem;
670 2855 820 2895 neque
859 2844 1011 2885 adhuc
1044 2844 1216 2884 iudicio
1257 2840 1537 2884 constitutus
1578 2845 1697 2895 dies,
1740 2845 1817 2896 qui

183 2913 371 2954 tandem
407 2915 512 2955 albo
549 2915 728 2955 calculo
763 2915 1046 2966 signandum
1078 2928 1128 2956 se
1163 2916 1296 2956 nobis
1331 2915 1500 2955 offerat
1531 2915 1684 2956 Deum
1716 2928 1816 2968 pre-

185 2994 363 3024 camur.

261 3054 395 3095 Nunc
435 3056 494 3096 ad
534 3055 786 3097 Societatis
825 3057 950 3108 apud
987 3057 1279 3098 Facultatem
1313 3057 1627 3108 theologicam
1662 3064 1816 3098 actam
