2168 3437
864 243 948 281 AN.
979 243 1071 281 1554
1718 240 1790 278 599

152 339 592 391 reprehensionibus
632 345 945 380 convocatam
984 339 1258 380 concionem
1295 338 1622 390 reprehendit,
1664 337 1790 388 quod

152 416 247 450 tam
276 411 414 462 pauci
448 412 632 451 illorum
668 423 722 451 eo
756 417 966 462 tempore
996 411 1225 463 (alioquin
1260 411 1581 460 sanctissimo)
1614 410 1789 461 dipplo-

152 488 276 521 mate
297 482 574 530 fruerentur;
601 482 718 521 adeo
740 487 942 522 ventura
963 488 1111 522 morte
1141 488 1279 533 atque
1302 481 1476 532 judicio
1504 493 1585 521 eos
1612 487 1789 532 perter-

152 553 258 604 ruit,
282 560 331 593 ut
352 565 410 594 ex
430 554 502 593 his
523 565 616 593 non
636 553 788 605 pauci,
812 559 1008 605 accepta
1024 560 1219 604 paterna
1238 553 1585 603 ammonitione,
1607 558 1788 592 senten-

152 625 267 664 tiam
302 625 526 665 mutarint
562 636 658 664 non
691 624 876 664 fruendi
913 624 1217 676 dipplomate,
1253 636 1436 664 necnon
1472 623 1788 664 confessarios

153 696 353 736 adierint
380 703 428 736 ut
455 702 753 748 praesentem
778 695 1117 746 indulgentiam
1151 697 1466 746 lucrarentur,
1498 695 1575 735 alii
1604 694 1789 735 Patrem

152 767 342 807 domum
372 767 673 808 festinantem
702 767 1069 817 comitabantur,
1103 773 1152 806 ut
1183 767 1372 806 veniam
1404 778 1596 806 suorum
1626 777 1787 817 pecca-

153 843 322 889 torum,
360 838 569 879 adhibita
605 839 815 890 generali
850 838 1174 887 confessione,
1213 843 1624 889 consequerentur.
1662 837 1788 877 Idem

151 908 224 948 P.r
243 910 427 950 curavit
449 911 538 950 hoc
560 910 891 961 quadrimestri
908 915 957 949 ut
974 909 1226 949 nonnullae
1245 909 1463 948 mulieres
1481 920 1535 948 ac
1552 908 1658 959 viri,
1679 920 1786 959 quo-

151 992 255 1020 rum
276 982 404 1020 salus
424 981 627 1021 maxime
649 980 1030 1033 pereclitabatur‚
1050 980 1096 1019 in
1117 979 1367 1030 pristinum
1388 985 1561 1019 statum
1577 980 1786 1019 restitue-

152 1057 329 1102 rentur,
353 1063 550 1103 quorum
581 1052 699 1092 alius
733 1052 896 1092 decem
926 1062 1076 1091 annos
1109 1062 1215 1090 cum
1247 1050 1449 1101 quadam
1472 1051 1663 1090 muliere
1696 1055 1786 1090 tur-

151 1123 273 1173 piter
292 1123 492 1174 vixerat,
519 1124 637 1164 alius
667 1130 844 1175 septem
865 1135 958 1163 non
979 1123 1132 1162 minus
1161 1122 1404 1161 inhoneste
1432 1122 1578 1161 vitam
1609 1128 1786 1161 transe-

149 1200 300 1244 gerat,
325 1194 444 1234 alius
465 1206 548 1234 sex
570 1194 758 1234 veneris
785 1193 1017 1234 illecebris
1044 1205 1094 1233 se
1122 1199 1271 1232 totum
1302 1192 1586 1243 tradiderat,
1620 1204 1678 1232 ex
1715 1193 1788 1232 his

151 1265 242 1304 duo
280 1265 567 1305 matrimonii
599 1266 786 1305 vinculo
823 1277 873 1305 se
904 1265 1172 1316 alligarunt3
1210 1270 1474 1315 postremus
1510 1275 1624 1303 vero
1656 1263 1788 1314 J'ussu

112 1329 117 1334 ’
151 1335 244 1376 R.di
283 1335 645 1388 Archiepiscopi
684 1336 924 1376 Valentini
965 1335 973 1354 ¹
1016 1336 1062 1375 in
1102 1335 1244 1374 aliam
1288 1334 1530 1385 regionem
1574 1335 1784 1374 secessit.

152 1407 326 1448 Omitto
349 1408 473 1448 enim
494 1410 639 1447 multa
658 1408 883 1458 divortia,
907 1408 1011 1447 lites
1029 1413 1166 1458 atque
1184 1406 1385 1457 injurgia
1404 1405 1531 1455 (sss),
1548 1417 1666 1456 quae
1686 1417 1787 1457 pas-

151 1479 239 1518 sim
260 1480 307 1518 in
324 1479 411 1518 hac
431 1479 543 1518 urbe
557 1479 837 1529 excitantur,
853 1490 972 1530 quae
993 1489 1135 1529 opera
1152 1482 1420 1517 nostrorum
1437 1476 1628 1516 Patrum
1645 1477 1788 1516 multa

150 1550 197 1589 in
210 1550 458 1601 pristinum
472 1551 598 1590 vitae
615 1561 764 1601 genus
782 1550 1104 1599 restituuntur,
1122 1555 1464 1600 componuntur
1482 1560 1536 1587 ac
1549 1548 1785 1598 sedantur3

150 1621 287 1671 quod,
312 1621 351 1660 si
372 1621 487 1661 haec
509 1621 694 1672 singula
716 1620 956 1672 sigillatim
986 1626 1142 1660 essent
1173 1619 1444 1669 scribenda,
1475 1619 1593 1659 haec
1623 1625 1787 1659 nostra

149 1691 344 1743 epistola
366 1693 487 1732 ultra
511 1692 698 1732 modum
720 1697 1030 1732 excresceret.
1059 1691 1176 1731 Illud
1205 1697 1362 1730 autem
1389 1691 1572 1730 silentio
1600 1701 1693 1729 non
1722 1689 1785 1729 in-

149 1763 357 1802 volvam:
389 1775 495 1802 cum
517 1763 707 1814 quidam
728 1763 847 1802 alius
875 1762 925 1803 P.
959 1773 1200 1802 carcerem
1227 1762 1422 1812 viseret,
1447 1773 1561 1800 casu
1581 1773 1630 1800 se
1661 1760 1786 1800 obtu-

150 1833 200 1873 lit
223 1833 412 1885 quidam
435 1834 481 1873 in
503 1834 703 1874 vinculis
725 1834 962 1884 alligatus,
987 1833 1063 1885 qui
1085 1844 1325 1884 nunquam
1348 1833 1394 1872 in
1414 1838 1512 1872 toto
1534 1843 1646 1871 suae
1662 1832 1788 1871 vitae

147 1904 380 1944 curriculo
403 1904 690 1945 confessario
714 1905 911 1945 crimina
931 1909 1197 1956 aperuerat:
1216 1903 1395 1943 factum
1412 1909 1481 1943 est
1499 1903 1691 1943 tandem
1708 1902 1784 1942 ad-

146 1974 487 2015 hortationibus
505 1975 813 2015 nostriPatris
832 1981 880 2015 ut
897 1981 995 2015 tota
1012 1975 1135 2015 illius
1152 1975 1248 2014 vita
1265 1975 1475 2025 generali
1493 1973 1786 2014 confessione

146 2045 286 2086 fuerit
308 2053 544 2086 enarrata.
570 2046 903 2086 Confitentium
929 2057 1189 2086 concursus
1218 2051 1358 2097 atque
1390 2056 1576 2095 eorum,
1609 2044 1687 2096 qui
1716 2056 1786 2084 sa-

145 2128 275 2157 cram
295 2117 645 2157 Eucharistiam
666 2118 864 2169 singulis
887 2118 1049 2157 diebus
1067 2116 1328 2166 dominicis,
1347 2117 1479 2156 festis
1497 2128 1551 2156 ac
1566 2115 1785 2167 profestis

142 2187 454 2239 frequentant,
479 2195 637 2229 tantus
659 2196 743 2240 est,
767 2197 816 2230 ut
840 2190 922 2230 vix
943 2195 1143 2242 quatuor
1166 2200 1221 2228 ac
1244 2200 1384 2239 saepe
1408 2187 1610 2239 quinque
1632 2198 1783 2226 sacer-

145 2257 278 2297 dotes
297 2259 478 2310 possint
500 2260 539 2299 ei
561 2271 734 2311 magna
755 2273 813 2300 ex
834 2266 967 2312 parte
989 2260 1277 2310 satisfacere,
1301 2259 1367 2298 ita
1385 2264 1434 2298 ut
1452 2258 1582 2298 multi
1600 2258 1786 2297 illorum

149 2340 289 2380 saepe
311 2336 542 2380 cogantur
565 2331 656 2370 alio
679 2342 728 2370 se
747 2331 974 2371 conferre.

228 2399 361 2440 Nunc
378 2401 489 2440 illud
507 2409 719 2453 superest
735 2408 784 2442 ut
801 2408 1070 2442 nostrorum
1090 2401 1351 2442 studiorum
1372 2400 1602 2440 rationem
1620 2399 1783 2450 paucis

149 2471 415 2511 reddamus.
452 2472 523 2511 Ex
558 2472 644 2523 his,
678 2473 755 2524 qui
789 2473 1029 2513 litterariis
1061 2472 1224 2512 studiis
1257 2484 1306 2511 se
1335 2471 1541 2520 tradunt,
1579 2476 1782 2520 quatuor

150 2542 414 2592 theologiae
442 2543 737 2594 incumbunt,
766 2555 886 2584 unus
906 2543 1246 2595 philosophiae,
1271 2541 1361 2582 duo
1386 2541 1684 2581 dialecticae:
1715 2552 1781 2580 se-

146 2613 237 2652 mel
277 2613 324 2652 in
368 2612 663 2653 hebdomada
702 2615 749 2653 in
782 2620 944 2654 nostro
987 2614 1196 2664 Collegio
1232 2613 1461 2653 habentur
1497 2611 1780 2651 assertiones

149 2688 246 2722 tam
266 2682 540 2723 dialecticae
563 2690 606 2724 et
626 2684 965 2736 philosophiae,
987 2696 1128 2736 quam
1144 2684 1425 2734 theologiae:
1445 2694 1585 2734 saepe
1603 2694 1662 2722 ex
1679 2690 1795 2722 cae-⁸

145 2753 258 2793 teris
280 2753 591 2803 scholasticis,
616 2754 695 2805 qui
716 2755 907 2806 cupiunt
927 2756 975 2795 in
995 2767 1242 2795 numerum
1263 2754 1461 2794 aliorum
1480 2753 1681 2793 fratrum
1702 2764 1779 2793 an-

145 2825 397 2875 numerari,
422 2825 651 2865 accedunt
681 2826 741 2865 ad
763 2826 1200 2877 argumentandum.
1229 2825 1332 2864 Hac
1359 2824 1723 2876 quadragesima
1751 2836 1778 2864 a

143 2894 346 2945 quodam
362 2895 507 2935 fratre
525 2895 572 2935 in
590 2896 832 2936 academia
849 2896 1104 2936 Valentina
1119 2896 1264 2936 ferme
1281 2901 1378 2935 tota
1395 2894 1665 2935 Aristotelis
1682 2895 1774 2935 dia-

197 3052 207 3071 ¹
247 3052 279 3079 Is
294 3057 373 3080 tunc
389 3058 463 3081 erat
480 3053 512 3081 S.
528 3054 675 3081 Thomas
688 3061 709 3082 a.
722 3054 922 3082 Villanova.
