2168 3437
865 244 950 281 ΑΝ.
982 244 1074 281 1554
1721 242 1791 279 693

155 341 386 392 latiusque
409 349 730 394 construatur,
755 343 829 383 cui
849 341 916 382 rei
938 353 1074 382 suurn
1093 341 1289 381 libenter
1306 340 1509 380 studium
1526 345 1664 391 atque
1687 351 1790 391 ope-

155 423 258 452 ram
273 413 577 463 pollicentur.
614 414 710 454 Nec
746 413 1012 454 dubitamus
1044 412 1144 452 fore
1188 412 1319 463 quin,
1357 412 1395 451 si
1430 411 1475 452 id
1515 411 1787 462 erigeretur,

154 483 277 523 bona
298 490 420 524 esset
447 485 605 535 populi
634 497 745 536 pars
777 485 871 537 (qui
899 483 997 535 ejus
1026 484 1070 524 in
1102 495 1188 523 nos
1215 490 1284 523 est
1313 483 1459 533 amor)
1492 483 1550 522 ad
1580 488 1791 522 nostrum

155 555 377 606 templum
398 555 559 595 diebus
581 556 713 596 festis
735 567 1001 596 accessura.
1025 554 1183 595 Potest
1199 554 1288 594 hoc
1305 555 1380 594 vel
1401 565 1459 594 ex
1476 566 1529 594 eo
1547 554 1683 593 facile
1702 555 1790 593 col-

154 625 258 676 ligi,
297 625 420 676 quod
455 632 668 667 nostrum
703 638 826 666 nunc
862 627 1109 675 sacellum,
1146 637 1240 665 non
1275 626 1424 665 solum
1464 625 1787 675 perexiguum,

153 708 319 736 Verum
339 697 479 736 etiam
500 697 557 736 ab
579 698 692 737 urbe
716 703 946 737 remotum
969 709 1075 737 cum
1097 698 1175 746 sit,
1199 696 1264 736 ita
1291 696 1358 736 illi
1386 696 1671 736 dominicum
1694 707 1791 734 cor-

153 779 240 819 pus
259 768 470 819 recipere
502 775 752 818 conantur,
784 775 833 809 ut
863 769 1076 820 paschali
1107 768 1246 807 etiam
1277 767 1655 807 Resurrectionis
1681 773 1790 805 tern-

153 851 266 891 pore
295 839 342 878 in
371 846 531 879 nostro
563 841 735 880 sacello
770 839 1148 880 communicandi
1184 839 1368 890 copiam
1406 851 1432 878 a
1467 838 1563 878 suis
1598 838 1791 877 vicariis

153 916 329 962 petant.

234 981 369 1033 Quod
391 982 450 1022 ad
472 983 828 1022 concionatores
846 982 1070 1033 pertinet,
1090 979 1139 1020 P.
1162 980 1359 1031 Correa,
1385 979 1681 1020 Novitiorum
1698 979 1791 1019 Ma-

152 1053 318 1105 gister,
344 1053 422 1104 qui
441 1053 707 1093 doctrinam
728 1053 956 1104 praelegit
980 1052 1308 1102 christianam,
1338 1051 1546 1091 externis
1577 1050 1792 1089 omnibus

157 1125 458 1165 vehementer
494 1125 720 1176 probatur
763 1124 1113 1174 maximumque
1156 1128 1313 1162 movet
1353 1123 1494 1162 etiam
1533 1121 1793 1162 durissimis

155 1195 373 1236 affectum
396 1195 675 1235 devotionis.
700 1194 796 1236 Nec
825 1195 979 1234 minus
1007 1194 1085 1246 qui
1116 1193 1344 1233 hactenus
1372 1193 1468 1233 fere
1496 1204 1680 1244 semper
1702 1192 1790 1232 die-

153 1268 240 1307 bus
267 1266 513 1306 dominicis
549 1267 855 1306 concionatus
891 1272 980 1315 est,
1018 1264 1066 1305 P.
1106 1264 1339 1315 Georgius
1374 1263 1626 1314 Serranus,
1661 1262 1792 1314 cujus

153 1338 326 1389 ingenii
351 1338 658 1378 subtilitatem
686 1350 741 1378 ac
768 1339 815 1377 in
844 1337 1039 1377 dicendo
1071 1336 1217 1376 salem
1247 1335 1434 1386 saepius
1464 1346 1552 1386 ego
1581 1347 1673 1374 non
1703 1336 1792 1374 col-

154 1409 400 1449 laudantes
422 1410 574 1449 solum
596 1408 906 1449 scholasticos
928 1408 1096 1447 multos
1117 1418 1282 1447 verum
1303 1417 1347 1446 et
1370 1407 1657 1447 admirantes
1680 1406 1788 1445 vidi.

156 1480 334 1531 Quibus
355 1487 511 1520 tamen
535 1480 782 1530 (omnium,
812 1485 862 1520 ut
890 1479 1051 1529 credO,
1081 1477 1271 1529 judicio)
1294 1477 1434 1518 Pater
1457 1477 1613 1524 Cotta,
1639 1477 1726 1517 etsi
1747 1478 1793 1516 in

155 1563 210 1592 ea
231 1564 281 1592 re
304 1551 457 1591 adhuc
479 1551 589 1601 tiro,
614 1563 709 1591 non
730 1550 852 1591 cedit
873 1561 1188 1601 magnamque
1211 1549 1424 1590 omnibus
1445 1555 1489 1588 et
1511 1548 1792 1588 aedificatio-

156 1634 261 1663 nem
283 1628 328 1663 et
349 1623 708 1662 admirationem
729 1628 902 1662 movet.

236 1694 353 1734 Cum
373 1693 620 1734 duodecim
640 1705 763 1733 nunc
781 1692 1025 1733 audiendis
1044 1691 1415 1733 confessionibus
1434 1691 1612 1740 Patres,
1634 1690 1794 1730 diebus

156 1772 314 1805 tamen
335 1771 518 1805 tantum
540 1764 806 1816 dominicis,
836 1770 1027 1814 vacent,
1060 1776 1155 1804 non
1184 1769 1380 1815 possunt
1408 1769 1565 1803 tamen
1596 1768 1683 1811 tot,
1718 1762 1793 1812 qui

99 1837 103 1838 ⁷
156 1836 361 1888 quotidie
379 1837 442 1886 (ut
459 1836 688 1876 ducentos
706 1836 907 1886 circiter,
926 1836 1004 1888 qui
1021 1835 1266 1875 dominicis
1284 1835 1445 1874 diebus
1462 1834 1583 1874 idem
1601 1833 1791 1880 faciunt,

155 1908 545 1959 praetermittam)
582 1907 641 1947 ad
674 1919 759 1947 nos
789 1914 986 1959 peccata
1016 1907 1189 1947 fassuri
1219 1906 1472 1956 accedunt,
1505 1894 1791 1945 satisfacere.

156 1979 246 2020 Sed
267 1986 364 2019 tam
386 1979 461 2030 pio
484 1979 748 2019 devotionis
776 1978 944 2018 affectu
976 1978 1039 2018 illi
1071 1984 1198 2027 sunt,
1222 1983 1292 2027 ut,
1317 1989 1424 2017 cum
1445 1976 1520 2016 hic
1542 1974 1793 2015 multitudi-

153 2051 225 2090 nis
247 2049 499 2102 aliquando
531 2061 676 2090 causa
703 2049 747 2089 id
769 2061 863 2090 non
893 2050 1053 2098 liceat,
1087 2049 1151 2088 ita
1182 2048 1394 2100 patribus
1427 2046 1792 2094 consulentibus,

154 2122 295 2162 alium
317 2122 541 2173 aliquem,
566 2122 640 2162 cui
661 2121 920 2170 fateantur,
946 2127 1189 2172 quaerant.
1214 2120 1403 2170 Iamque
1429 2118 1546 2158 haec
1570 2118 1616 2157 in
1638 2129 1792 2157 sacra-

154 2193 321 2234 mentis
341 2193 656 2245 percipiendis
678 2192 931 2233 assiduitas
952 2192 997 2231 in
1020 2190 1155 2242 hujus
1177 2191 1305 2231 urbis
1328 2190 1502 2230 civium
1524 2189 1705 2229 animos
1728 2189 1792 2228 ita

154 2265 380 2316 paulatim
412 2264 668 2316 subrepsit,
693 2270 741 2304 ut
768 2264 815 2303 in
844 2263 1059 2303 omnibus
1088 2262 1273 2313 templis
1301 2261 1433 2301 multi
1460 2261 1573 2310 iam,
1606 2265 1795 2311 praeter

154 2347 295 2387 quam
316 2335 438 2387 quod
459 2341 655 2387 peccata
677 2335 898 2384 fatentur,
922 2333 1248 2374 Eucharistiae
1267 2332 1501 2383 accipiant
1518 2330 1792 2371 Sacramen-

155 2414 265 2447 tum.
288 2406 358 2447 Ob
376 2419 517 2458 quam
538 2412 720 2446 tantam
739 2417 924 2446 morum
940 2406 986 2445 in
1005 2405 1167 2445 melius
1189 2405 1279 2444 hac
1295 2404 1342 2443 in
1358 2403 1471 2443 urbe
1488 2402 1794 2442 mutationem

154 2478 385 2518 maximas
407 2489 588 2527 omnes,
613 2484 657 2517 et
679 2477 744 2517 illi
764 2477 1042 2528 praesertim
1070 2476 1148 2527 qui
1175 2474 1380 2521 caeteris,
1403 2474 1628 2523 eminent,
1652 2473 1792 2513 bono-

154 2561 257 2589 rum
279 2549 484 2589 omnium
506 2548 678 2598 datori,
710 2548 812 2588 Deo
839 2548 1020 2599 gratias
1051 2552 1210 2598 agunt.
1243 2545 1340 2586 Nec
1369 2545 1492 2585 enim
1518 2545 1565 2584 in
1592 2545 1792 2596 privatis

153 2621 303 2660 solum
324 2619 612 2670 hominibus,
636 2631 802 2659 verum
824 2626 868 2658 et
890 2619 936 2658 in
958 2618 1084 2658 omni
1104 2618 1345 2658 hominum
1365 2627 1538 2667 genere
1560 2627 1615 2655 ac
1637 2615 1791 2655 condi-

152 2691 291 2741 tione,
331 2702 516 2730 morum
549 2690 668 2730 haec
704 2690 1010 2730 commutatio
1042 2690 1264 2729 cernitur.
1301 2688 1526 2738 Multique
1561 2687 1681 2727 inter
1713 2699 1792 2727 eos

153 2762 405 2813 praecipue
435 2766 564 2811 sunt,
596 2761 674 2812 qui
703 2760 966 2800 animarum
997 2772 1188 2800 suarum
1217 2760 1415 2799 salutem
1445 2758 1686 2809 cupientes
1705 2769 1790 2809 pro

155 2832 276 2872 virili
295 2832 533 2883 consequi,
557 2832 845 2883 spiritalibus
875 2832 1014 2871 rebus
1041 2830 1480 2881 mortificationique
1502 2841 1550 2870 se
1572 2835 1695 2869 totos
1717 2829 1790 2869 de-

152 2902 279 2943 dant.
306 2902 394 2953 Qui
412 2902 623 2954 profecto
645 2914 730 2943 nos
752 2903 799 2942 in
820 2902 1022 2942 Domino
1044 2902 1296 2954 plurimum
1324 2890 1649 2951 consolantur,
1685 2911 1791 2940 cum

152 2974 420 3014 saeculares
448 2974 680 3025 homines,
712 2974 759 3013 in
789 2973 953 3013 mediis
983 2973 1294 3013 tentationum
1323 2972 1537 3012 fluctibus
1570 2972 1788 3011 constitu-

153 3050 251 3095 tos,
275 3050 371 3085 tam
392 3044 494 3084 Deo
514 3044 770 3085 familiares
794 3045 1148 3095 animarumque
1170 3043 1334 3083 salutis
1353 3049 1586 3083 amatores
1604 3048 1648 3082 et
1665 3043 1788 3094 quie-
