2168 3437
879 253 916 290 A
924 264 961 290 Ν.
994 253 1085 291 1553
1733 250 1804 288 263

166 363 339 391 munus
362 363 512 400 suum,
543 362 634 403 quo
663 351 912 403 publicitus
943 349 951 369 ¹
974 361 1146 402 magno
1176 361 1283 389 cum
1303 349 1479 389 honore
1507 348 1803 399 fungebatur,

164 422 414 473 vdereliquit
435 421 463 462 ².
486 421 654 462 Fertur
677 422 818 461 alium
840 421 1048 461 eiusdem
1065 420 1332 468 functionis,
1353 420 1565 471 exemplo
1583 418 1775 459 alterius
1791 417 1804 436 ⁵

174 499 498 544 provocatum,
522 504 606 532 suo
633 492 793 532 itidem
822 492 972 533 officio
1000 491 1191 542 defungi
1217 491 1351 530 velle.
1375 490 1497 530 Hinc
1533 490 1675 530 etiam
1701 500 1803 541 pro-

171 565 302 604 venit
321 570 371 604 ut
392 575 557 604 eorum
577 574 799 603 numerus
818 561 853 613 ⁴,
879 563 956 614 qui
978 568 1148 602 octavo
1170 573 1352 613 quoque
1373 561 1447 601 die
1469 561 1595 601 domi
1615 566 1805 601 nostrae

173 634 453 675 confitentur
475 645 752 684 sacramque
774 638 961 673 sumunt
989 632 1339 681 eucharistiam,
1368 644 1461 672 non
1488 632 1642 672 minus
1661 632 1803 672 virtu·

170 711 268 744 tum
290 705 578 744 incremento
601 715 741 755 quam
761 703 1003 743 hominum
1030 703 1325 743 multitudine
1347 700 1361 720 ⁵
1387 702 1433 742 in
1455 703 1552 742 dies
1574 703 1726 754 magis
1749 715 1804 743 ac

167 776 320 826 magis
343 780 582 825 augescat.

248 847 298 886 In
319 845 684 898 quadragesima
707 846 972 885 audivimus
995 845 1315 885 confessiones
1339 845 1546 885 omnium
1565 845 1661 885 fere
1692 856 1800 896 pau-

168 929 330 969 perum
351 917 495 957 totius
517 917 738 967 civitatis,
758 928 921 957 eorum
952 917 1093 956 etiam
1120 916 1197 968 qui
1225 928 1416 957 carcere
1444 916 1708 956 detinentur
1738 916 1801 955 in-

163 989 299 1039 clusi,
323 988 369 1028 in
391 988 558 1040 quibus
586 988 801 1028 omnibus
823 999 906 1039 per
929 988 1133 1038 gratiam
1164 987 1253 1027 Dei
1273 999 1366 1027 non
1394 987 1592 1038 exiguus
1622 987 1802 1027 fructus

169 1059 418 1110 decerptus
440 1066 535 1099 est:
559 1059 769 1099 nonnulli
795 1059 918 1099 enim
939 1070 997 1098 ex
1017 1059 1089 1098 his
1119 1058 1292 1110 reperti
1317 1064 1437 1108 sunt,
1462 1058 1540 1109 qui
1562 1070 1588 1098 a
1616 1058 1801 1109 quinde-

162 1130 258 1170 -cim
280 1136 358 1170 aut
379 1130 617 1170 sexdecim
638 1137 682 1170 et
703 1130 873 1181 viginti
894 1130 1030 1169 annis
1051 1129 1254 1169 confessi
1275 1141 1368 1169 non
1389 1129 1586 1169 fuerant.
1606 1129 1663 1169 Et
1684 1129 1802 1168 haec

168 1202 225 1242 de
247 1201 455 1242 externis
477 1202 602 1242 dicta
623 1202 729 1241 sint.

249 1272 486 1323 Quantum
504 1278 658 1312 autem
678 1273 737 1313 ad
758 1284 844 1312 nos
866 1272 1045 1323 attinet,
1069 1272 1162 1312 iam
1179 1271 1307 1311 domi
1323 1283 1483 1312 sumus
1504 1271 1674 1322 viginti
1690 1277 1799 1318 tres,

165 1352 476 1384 annumerato
497 1344 589 1394 illo,
615 1356 751 1395 quem
773 1355 915 1395 supra
936 1343 1195 1383 memoravi
1215 1342 1243 1392 ⁶,
1268 1354 1468 1394 quorum
1493 1348 1670 1394 septem
1698 1350 1803 1382 sunt

161 1415 452 1455 sacerdotes.
485 1414 619 1455 Alius
642 1427 700 1455 ex
727 1415 832 1455 filiis
860 1414 1003 1455 vicini
1033 1414 1182 1454 nostri
1215 1413 1409 1454 Antonii
1442 1413 1636 1464 Acosta,
1673 1413 1803 1454 cuius

163 1485 363 1537 amplior
383 1485 524 1527 ffacta
560 1493 630 1526 est
657 1486 830 1526 mentio
859 1498 981 1526 anno
1011 1486 1260 1538 superiori,
1291 1486 1523 1526 admissus
1550 1492 1620 1526 est
1647 1485 1693 1525 in
1722 1484 1799 1525 So-

164 1556 383 1597 cietatem
414 1564 640 1607 nostram,
665 1557 742 1608 qui
773 1569 966 1597 numero
1001 1556 1200 1597 fratrum
1221 1569 1333 1597 suae
1368 1557 1525 1597 carnis
1559 1557 1802 1608 appositus

162 1629 517 1679 quaternarium
538 1628 696 1679 efficit3
721 1635 829 1669 sunt
860 1629 984 1668 enim
1005 1628 1053 1668 hi
1079 1636 1280 1680 quatuor
1305 1628 1476 1668 fratres
1505 1640 1563 1668 ex
1593 1629 1802 1680 utrisque

162 1698 337 1739 eisdem
356 1700 628 1751 parentibus
645 1704 657 1722 ⁷
678 1700 789 1751 nati,
815 1700 1000 1751 iamque
1021 1698 1246 1740 Societati
1266 1705 1456 1739 nostrae
1478 1699 1698 1748 dedicati3
1725 1700 1802 1751 qui

163 1770 347 1821 quidem
369 1782 476 1811 cum
498 1771 698 1811 caeteris
720 1771 936 1811 omnibus
956 1771 1126 1811 mirum
1147 1771 1195 1810 in
1216 1771 1405 1810 modum
1422 1770 1685 1822 proficiunt,
1705 1778 1803 1811 tum

159 1840 209 1881 in
222 1841 347 1881 omni
358 1852 532 1893 genere
544 1842 785 1893 virtutum,
804 1849 900 1882 turn
914 1842 1117 1882 maxime
1129 1842 1175 1882 in
1188 1842 1349 1882 humili
1365 1842 1628 1882 obedientia
1641 1843 1803 1894 suique

159 1912 308 1963 ipsius
344 1912 678 1964 abnegatione3
715 1925 862 1965 usque
889 1913 1007 1953 adeo
1036 1913 1160 1953 enim
1194 1913 1366 1953 acriter
1396 1913 1586 1964 quilibet
1614 1925 1803 1954 carnem

162 1994 296 2023 suam
316 1990 675 2036 persequuntur,
700 1995 895 2036 eamque
916 1990 1012 2024 tam
1034 1985 1194 2024 sedulo
1224 1990 1446 2036 satagunt
1472 1985 1658 2036 spiritui
1685 1985 1799 2024 subi-

158 2065 290 2105 gere,
315 2061 362 2094 ut
382 2067 440 2095 ne
467 2056 615 2095 latum
637 2056 826 2107 quidem
850 2056 1054 2096 culmum
1075 2054 1090 2073 ⁸
1120 2055 1260 2107 (quod
1283 2055 1427 2105 aiunt)
1461 2067 1566 2096 eam
1600 2056 1755 2096 sinant
1776 2069 1802 2096 a

162 2130 291 2165 recto
313 2126 510 2166 rationis
531 2127 717 2167 tramite
740 2127 990 2167 declinare.
1024 2126 1264 2167 Exercitia
1285 2127 1395 2166 item
1418 2127 1639 2176 literaria,
1672 2127 1803 2167 iuxta

161 2196 329 2236 classis
350 2197 715 2249 uniuscuiusque
737 2197 1023 2248 facultatem,
1050 2198 1255 2249 quotidie
1278 2198 1324 2237 in
1351 2198 1517 2238 melius
1538 2198 1800 2249 provehun-

161 2273 251 2307 tur.
274 2267 344 2307 Illi
363 2279 578 2320 namque,
603 2269 682 2321 qui
707 2269 937 2310 hactenus
959 2269 1111 2321 prima
1132 2270 1321 2321 linguae
1342 2269 1517 2309 latinae
1538 2270 1802 2309 rudimenta

163 2337 442 2389 didicerunt,
465 2340 559 2380 iam
580 2341 718 2391 paulo
740 2341 1062 2392 provectiores
1084 2340 1249 2391 effecti,
1273 2341 1502 2391 incipiunt
1523 2341 1802 2391 sapientium

165 2420 219 2448 ac
243 2409 489 2450 doctorum
505 2411 717 2451 virorum
737 2412 1051 2452 monumentis
1073 2423 1266 2463 operam
1291 2423 1494 2451 navare:
1519 2411 1548 2451 ii
1570 2423 1699 2461 vei-0,
1724 2412 1802 2463 qui

159 2480 335 2520 artium
355 2481 618 2522 liberalium
648 2482 813 2523 studiis
842 2490 1030 2534 vacant,
1065 2483 1124 2523 ad
1150 2483 1289 2523 finem
1317 2483 1576 2523 studiorum
1611 2494 1801 2523 suorum

218 2641 226 2659 ¹¹
266 2641 412 2676 publice.
428 2641 606 2669 Polancus.

218 2689 232 2707 ²
272 2689 421 2724 reliquit.
437 2689 614 2717 Polancus.

218 2736 232 2755 ³
273 2738 423 2765 eiusdem
439 2738 555 2773 officii,
567 2739 720 2772 exemplo
736 2738 853 2766 huius.
870 2738 1048 2767 Polancus.

213 2788 230 2806 ⁴
266 2791 303 2813 ut
320 2787 355 2813 ii.
370 2786 547 2813 Polancus.

214 2832 227 2852 ⁵
266 2840 367 2867 quam
381 2832 608 2861 multitudine.
625 2833 805 2860 Polancus.

212 2879 227 2900 6
265 2880 357 2913 Scil.,
373 2881 580 2908 subdiacono
596 2881 638 2908 ad
654 2881 830 2908 meliorem
844 2882 979 2916 frugem
994 2889 1161 2910 converso
1176 2886 1210 2911 et
1226 2881 1316 2909 domi
1330 2885 1469 2909 nostrae
1485 2880 1642 2916 degente.

214 2927 227 2946 '¹
266 2935 308 2954 ex
321 2932 465 2963 utroque
481 2928 599 2955 eodem
613 2932 768 2963 parente.
785 2928 1048 2957 Maximilianus.

214 2973 229 2994 8
265 2974 320 3002 Ita
334 2975 469 3010 quidem
480 2976 634 3010 hispane,
651 2976 689 3003 ui
703 2983 774 3002 una
787 2975 894 3011 paja,
910 2977 948 3003 ni
962 2977 994 3003 el
1008 2984 1135 3010 grueso
1157 2977 1199 3004 de
1222 2984 1294 3003 una
1314 2976 1418 3011 paja,·
1439 2975 1497 3003 sed
1517 2975 1616 3003 latini
1639 2976 1796 3004 dicebant

159 3029 205 3049 ne
218 3022 332 3049 latum
348 3023 491 3056 quidem
508 3030 680 3057 unguem,
702 3023 789 3057 quod
811 3023 916 3050 etiam
931 3024 964 3051 in
979 3023 1160 3058 hispanum
1175 3024 1314 3051 transiit
1330 3023 1367 3050 ni
1383 3024 1414 3051 el
1427 3030 1554 3056 grueso
1568 3024 1611 3050 de
1626 3031 1697 3051 una
1713 3024 1796 3056 ιιῆα,

158 3071 201 3097 ni
213 3071 244 3097 el
259 3072 361 3097 canto
375 3071 418 3098 de
432 3079 503 3098 nna
519 3072 607 3098 ιιῆα.
