<?xml version="1.0" encoding="UTF-8"?>
<!DOCTYPE html PUBLIC "-//W3C//DTD XHTML 1.0 Transitional//EN"
    "http://www.w3.org/TR/xhtml1/DTD/xhtml1-transitional.dtd">
<html xmlns="http://www.w3.org/1999/xhtml" xml:lang="en" lang="en">
 <head>
  <title>
</title>
<meta http-equiv="Content-Type" content="text/html;charset=utf-8" />
  <meta name='ocr-system' content='tesseract 3.04.00' />
  <meta name='ocr-capabilities' content='ocr_page ocr_carea ocr_par ocr_line ocrx_word'/>
</head>
<body>
  <div class='ocr_page' id='page_1' title='image "./litteraequadrime1402lain_0155.png"; bbox 0 0 2168 3437; ppageno 0'>
   <div class='ocr_carea' id='block_1_1' title="bbox 877 218 1796 258">
    <p class='ocr_par' dir='ltr' id='par_1_1' title="bbox 877 218 1796 258">
     <span class='ocr_line' id='line_1_1' title="bbox 877 218 1796 258; baseline -0.004 0"><span class='ocrx_word' id='word_1_1' title='bbox 877 221 960 258; x_wconf 87' lang='lat' dir='ltr'>AN.</span> <span class='ocrx_word' id='word_1_2' title='bbox 991 221 1082 258; x_wconf 88' lang='grc'>1553</span> <span class='ocrx_word' id='word_1_3' title='bbox 1734 218 1796 255; x_wconf 89' lang='grc'>151</span> 
     </span>
    </p>
   </div>
   <div class='ocr_carea' id='block_1_2' title="bbox 168 315 1800 511">
    <p class='ocr_par' dir='ltr' id='par_1_2' title="bbox 168 315 1800 511">
     <span class='ocr_line' id='line_1_2' title="bbox 168 315 1800 373; baseline -0.005 -12"><span class='ocrx_word' id='word_1_4' title='bbox 168 320 546 373; x_wconf 84' lang='lat' dir='ltr'>quandoquidem</span> <span class='ocrx_word' id='word_1_5' title='bbox 568 331 616 359; x_wconf 88' lang='lat' dir='ltr'>se</span> <span class='ocrx_word' id='word_1_6' title='bbox 639 320 766 370; x_wconf 90' lang='lat' dir='ltr'>ipsos</span> <span class='ocrx_word' id='word_1_7' title='bbox 787 318 984 370; x_wconf 85' lang='lat' dir='ltr'>prodere</span> <span class='ocrx_word' id='word_1_8' title='bbox 1003 318 1251 357; x_wconf 83' lang='lat' dir='ltr'>voluerunt</span> <span class='ocrx_word' id='word_1_9' title='bbox 1282 328 1336 356; x_wconf 87' lang='lat' dir='ltr'>eo</span> <span class='ocrx_word' id='word_1_10' title='bbox 1366 315 1487 366; x_wconf 87' lang='lat' dir='ltr'>quod</span> <span class='ocrx_word' id='word_1_11' title='bbox 1515 315 1641 355; x_wconf 82' lang='lat' dir='ltr'>Patri</span> <span class='ocrx_word' id='word_1_12' title='bbox 1663 315 1800 354; x_wconf 88' lang='lat' dir='ltr'>confi-</span> 
     </span>
     <span class='ocr_line' id='line_1_3' title="bbox 169 386 1796 440; baseline -0.005 -8"><span class='ocrx_word' id='word_1_13' title='bbox 169 397 346 432; x_wconf 79' lang='lat' dir='ltr'>teretur</span> <span class='ocrx_word' id='word_1_14' title='bbox 377 397 456 430; x_wconf 87' lang='lat' dir='ltr'>aut</span> <span class='ocrx_word' id='word_1_15' title='bbox 483 390 746 440; x_wconf 77' lang='lat' dir='ltr'>theologiae</span> <span class='ocrx_word' id='word_1_16' title='bbox 767 389 953 429; x_wconf 86' lang='lat' dir='ltr'>studere</span> <span class='ocrx_word' id='word_1_17' title='bbox 974 389 1127 428; x_wconf 86' lang='lat' dir='ltr'>vellet.</span> <span class='ocrx_word' id='word_1_18' title='bbox 1153 388 1223 427; x_wconf 93' lang='lat' dir='ltr'>De</span> <span class='ocrx_word' id='word_1_19' title='bbox 1243 387 1332 427; x_wconf 87' lang='lat' dir='ltr'>hoc</span> <span class='ocrx_word' id='word_1_20' title='bbox 1352 386 1401 426; x_wconf 89' lang='lat' dir='ltr'>P.</span> <span class='ocrx_word' id='word_1_21' title='bbox 1426 387 1476 426; x_wconf 90' lang='lat' dir='ltr'>T.</span> <span class='ocrx_word' id='word_1_22' title='bbox 1503 397 1608 426; x_wconf 90' lang='lat' dir='ltr'>cum</span> <span class='ocrx_word' id='word_1_23' title='bbox 1638 386 1796 437; x_wconf 86' lang='lat' dir='ltr'>ipsius,</span> 
     </span>
     <span class='ocr_line' id='line_1_4' title="bbox 170 457 1433 511; baseline -0.004 -9"><span class='ocrx_word' id='word_1_24' title='bbox 170 470 268 502; x_wconf 87' lang='lat' dir='ltr'>tum</span> <span class='ocrx_word' id='word_1_25' title='bbox 290 461 442 502; x_wconf 86' lang='lat' dir='ltr'>Patris</span> <span class='ocrx_word' id='word_1_26' title='bbox 462 460 680 510; x_wconf 84' lang='lat' dir='ltr'>Adriani,</span> <span class='ocrx_word' id='word_1_27' title='bbox 705 460 932 511; x_wconf 78' lang='lat' dir='ltr'>speciales</span> <span class='ocrx_word' id='word_1_28' title='bbox 952 459 1133 499; x_wconf 79' lang='lat' dir='ltr'>litteras</span> <span class='ocrx_word' id='word_1_29' title='bbox 1154 457 1433 509; x_wconf 80' lang='lat' dir='ltr'>expectabit.</span> 
     </span>
    </p>
   </div>
   <div class='ocr_carea' id='block_1_3' title="bbox 169 668 1798 1005">
    <p class='ocr_par' dir='ltr' id='par_1_3' title="bbox 169 668 1798 785">
     <span class='ocr_line' id='line_1_5' title="bbox 253 668 1798 724; baseline -0.003 -11"><span class='ocrx_word' id='word_1_30' title='bbox 253 673 619 724; x_wconf 71' lang='lat' dir='ltr'>Superscripte&#39;o.</span> <span class='ocrx_word' id='word_1_31' title='bbox 643 674 669 720; x_wconf 85' lang='lat'>†</span> <span class='ocrx_word' id='word_1_32' title='bbox 690 671 790 713; x_wconf 78' lang='lat' dir='ltr'><strong>R.d0</strong></span> <span class='ocrx_word' id='word_1_33' title='bbox 811 672 858 711; x_wconf 89' lang='lat' dir='ltr'>in</span> <span class='ocrx_word' id='word_1_34' title='bbox 878 670 958 711; x_wconf 89' lang='lat' dir='ltr'>X.0</span> <span class='ocrx_word' id='word_1_35' title='bbox 981 670 1106 710; x_wconf 86' lang='lat' dir='ltr'>Patri</span> <span class='ocrx_word' id='word_1_36' title='bbox 1129 669 1186 709; x_wconf 91' lang='lat' dir='ltr'>D.</span> <span class='ocrx_word' id='word_1_37' title='bbox 1211 670 1393 720; x_wconf 84' lang='lat' dir='ltr'>Ignatio</span> <span class='ocrx_word' id='word_1_38' title='bbox 1416 669 1569 709; x_wconf 84' lang='lat' dir='ltr'>Gnali.</span> <span class='ocrx_word' id='word_1_39' title='bbox 1600 668 1798 720; x_wconf 86' lang='lat' dir='ltr'>Praepo-</span> 
     </span>
     <span class='ocr_line' id='line_1_6' title="bbox 169 743 666 785; baseline -0.006 0"><span class='ocrx_word' id='word_1_40' title='bbox 169 745 259 785; x_wconf 89' lang='lat' dir='ltr'>sito</span> <span class='ocrx_word' id='word_1_41' title='bbox 281 743 530 784; x_wconf 84' lang='lat' dir='ltr'>Societatis</span> <span class='ocrx_word' id='word_1_42' title='bbox 550 743 666 783; x_wconf 90' lang='lat' dir='ltr'>Iesu.</span> 
     </span>
    </p>

    <p class='ocr_par' dir='ltr' id='par_1_4' title="bbox 248 815 440 855">
     <span class='ocr_line' id='line_1_7' title="bbox 248 815 440 855; baseline -0.005 0"><span class='ocrx_word' id='word_1_43' title='bbox 248 815 440 855; x_wconf 89' lang='lat' dir='ltr'>Romae.</span> 
     </span>
    </p>

    <p class='ocr_par' dir='ltr' id='par_1_5' title="bbox 250 882 1289 936">
     <span class='ocr_line' id='line_1_8' title="bbox 250 882 1289 936; baseline -0.005 -11"><span class='ocrx_word' id='word_1_44' title='bbox 250 886 314 925; x_wconf 80' lang='lat' dir='ltr'>Et</span> <span class='ocrx_word' id='word_1_45' title='bbox 334 885 395 925; x_wconf 81' lang='lat' dir='ltr'>ad</span> <span class='ocrx_word' id='word_1_46' title='bbox 416 885 666 925; x_wconf 73' lang='lat' dir='ltr'>sinistram</span> <span class='ocrx_word' id='word_1_47' title='bbox 677 884 892 936; x_wconf 73' lang='lat' dir='ltr'>paginae</span> <span class='ocrx_word' id='word_1_48' title='bbox 912 894 1070 923; x_wconf 79' lang='lat' dir='ltr'>oram:</span> <span class='ocrx_word' id='word_1_49' title='bbox 1090 882 1289 922; x_wconf 79' lang='lat' dir='ltr'>Franco.</span> 
     </span>
    </p>

    <p class='ocr_par' dir='ltr' id='par_1_6' title="bbox 251 952 1306 1005">
     <span class='ocr_line' id='line_1_9' title="bbox 251 952 1306 1005; baseline -0.007 -8"><span class='ocrx_word' id='word_1_50' title='bbox 251 956 362 997; x_wconf 76' lang='lat' dir='ltr'>Alia</span> <span class='ocrx_word' id='word_1_51' title='bbox 398 967 541 995; x_wconf 77' lang='lat' dir='ltr'>manu</span> <span class='ocrx_word' id='word_1_52' title='bbox 559 967 573 995; x_wconf 91' lang='lat'>.·</span> <span class='ocrx_word' id='word_1_53' title='bbox 598 954 712 995; x_wconf 87' lang='grc'>1553.</span> <span class='ocrx_word' id='word_1_54' title='bbox 735 954 954 1005; x_wconf 79' lang='lat' dir='ltr'>Lovanfi,</span> <span class='ocrx_word' id='word_1_55' title='bbox 983 954 1028 993; x_wconf 89' lang='grc'>17</span> <span class='ocrx_word' id='word_1_56' title='bbox 1050 953 1146 993; x_wconf 84' lang='lat' dir='ltr'>Cal.</span> <span class='ocrx_word' id='word_1_57' title='bbox 1169 952 1306 992; x_wconf 84' lang='lat' dir='ltr'>Febr.</span> 
     </span>
    </p>
   </div>
   <div class='ocr_carea' id='block_1_4' title="bbox 864 1380 1100 1435">
    <p class='ocr_par' dir='ltr' id='par_1_7' title="bbox 864 1380 1100 1435">
     <span class='ocr_line' id='line_1_10' title="bbox 864 1380 1100 1435; baseline -0.013 0"><span class='ocrx_word' id='word_1_58' title='bbox 864 1380 1100 1435; x_wconf 84' lang='lat' dir='ltr'>CXCIX</span> 
     </span>
    </p>
   </div>
   <div class='ocr_carea' id='block_1_5' title="bbox 241 1610 1011 1787">
    <p class='ocr_par' dir='ltr' id='par_1_8' title="bbox 241 1610 1011 1787">
     <span class='ocr_line' id='line_1_11' title="bbox 241 1610 732 1647; baseline -0.002 0"><span class='ocrx_word' id='word_1_59' title='bbox 241 1611 288 1647; x_wconf 87' lang='grc' dir='ltr'>Ρ.</span> <span class='ocrx_word' id='word_1_60' title='bbox 308 1610 471 1647; x_wconf 84' lang='lat' dir='ltr'>Paulus</span> <span class='ocrx_word' id='word_1_61' title='bbox 492 1610 529 1647; x_wconf 86' lang='lat' dir='ltr'>d’</span> <span class='ocrx_word' id='word_1_62' title='bbox 549 1610 732 1647; x_wconf 84' lang='lat' dir='ltr'>Achillis</span> 
     </span>
     <span class='ocr_line' id='line_1_12' title="bbox 289 1675 873 1723; baseline -0.002 -11"><span class='ocrx_word' id='word_1_63' title='bbox 289 1676 409 1713; x_wconf 90' lang='lat' dir='ltr'>Patri</span> <span class='ocrx_word' id='word_1_64' title='bbox 430 1675 597 1723; x_wconf 80' lang='lat' dir='ltr'>Ignatio</span> <span class='ocrx_word' id='word_1_65' title='bbox 617 1675 669 1712; x_wconf 92' lang='lat' dir='ltr'>de</span> <span class='ocrx_word' id='word_1_66' title='bbox 691 1676 873 1722; x_wconf 85' lang='lat' dir='ltr'>Loyola.</span> 
     </span>
     <span class='ocr_line' id='line_1_13' title="bbox 336 1740 1011 1787; baseline -0.003 -9"><span class='ocrx_word' id='word_1_67' title='bbox 336 1740 569 1784; x_wconf 82' lang='lat' dir='ltr'>Panormo,</span> <span class='ocrx_word' id='word_1_68' title='bbox 590 1741 635 1777; x_wconf 73' lang='lat'>27</span> <span class='ocrx_word' id='word_1_69' title='bbox 654 1741 850 1787; x_wconf 74' lang='lat' dir='ltr'>januarii</span> <span class='ocrx_word' id='word_1_70' title='bbox 872 1740 963 1777; x_wconf 90' lang='grc'>1553</span> <span class='ocrx_word' id='word_1_71' title='bbox 984 1741 1011 1776; x_wconf 84' lang='lat'>¹.</span> 
     </span>
    </p>
   </div>
   <div class='ocr_carea' id='block_1_6' title="bbox 763 1984 1217 2032">
    <p class='ocr_par' dir='ltr' id='par_1_9' title="bbox 763 1984 1217 2032">
     <span class='ocr_line' id='line_1_14' title="bbox 763 1984 1217 2032; baseline -0.004 -6"><span class='ocrx_word' id='word_1_72' title='bbox 763 1984 935 2026; x_wconf 80' lang='lat' dir='ltr'>IESUS</span> <span class='ocrx_word' id='word_1_73' title='bbox 962 1987 989 2032; x_wconf 83' lang='lat'><em>†</em></span> <span class='ocrx_word' id='word_1_74' title='bbox 1015 1984 1217 2025; x_wconf 83' lang='lat' dir='ltr'><strong>MARIA</strong></span> 
     </span>
    </p>
   </div>
   <div class='ocr_carea' id='block_1_7' title="bbox 252 2235 972 2276">
    <p class='ocr_par' dir='ltr' id='par_1_10' title="bbox 252 2235 972 2276">
     <span class='ocr_line' id='line_1_15' title="bbox 252 2235 972 2276; baseline 0 0"><span class='ocrx_word' id='word_1_75' title='bbox 252 2235 398 2276; x_wconf 89' lang='lat' dir='ltr'>Molto</span> <span class='ocrx_word' id='word_1_76' title='bbox 419 2235 519 2275; x_wconf 76' lang='lat' dir='ltr'>R.d0</span> <span class='ocrx_word' id='word_1_77' title='bbox 534 2236 579 2276; x_wconf 93' lang='lat' dir='ltr'>in</span> <span class='ocrx_word' id='word_1_78' title='bbox 604 2235 790 2276; x_wconf 86' lang='lat' dir='ltr'>Christo</span> <span class='ocrx_word' id='word_1_79' title='bbox 806 2235 972 2276; x_wconf 88' lang='lat' dir='ltr'>Padre.</span> 
     </span>
    </p>
   </div>
   <div class='ocr_carea' id='block_1_8' title="bbox 171 2304 1804 2418">
    <p class='ocr_par' dir='ltr' id='par_1_11' title="bbox 171 2304 1804 2418">
     <span class='ocr_line' id='line_1_16' title="bbox 252 2304 1804 2358; baseline -0.003 -11"><span class='ocrx_word' id='word_1_80' title='bbox 252 2306 321 2347; x_wconf 89' lang='lat' dir='ltr'>La</span> <span class='ocrx_word' id='word_1_81' title='bbox 347 2307 514 2358; x_wconf 82' lang='lat' dir='ltr'>gracia</span> <span class='ocrx_word' id='word_1_82' title='bbox 541 2318 565 2346; x_wconf 92' lang='lat' dir='ltr'>e</span> <span class='ocrx_word' id='word_1_83' title='bbox 592 2318 709 2358; x_wconf 88' lang='lat' dir='ltr'>pace</span> <span class='ocrx_word' id='word_1_84' title='bbox 744 2306 791 2347; x_wconf 88' lang='lat' dir='ltr'>di</span> <span class='ocrx_word' id='word_1_85' title='bbox 826 2306 970 2347; x_wconf 89' lang='lat' dir='ltr'>Giesu</span> <span class='ocrx_word' id='word_1_86' title='bbox 1003 2305 1188 2347; x_wconf 90' lang='lat' dir='ltr'>Christo</span> <span class='ocrx_word' id='word_1_87' title='bbox 1223 2311 1383 2345; x_wconf 89' lang='lat' dir='ltr'>nostro</span> <span class='ocrx_word' id='word_1_88' title='bbox 1417 2304 1587 2356; x_wconf 83' lang='lat' dir='ltr'>Signor</span> <span class='ocrx_word' id='word_1_89' title='bbox 1622 2315 1804 2356; x_wconf 86' lang='lat' dir='ltr'>sempre</span> 
     </span>
     <span class='ocr_line' id='line_1_17' title="bbox 171 2377 974 2418; baseline -0.001 0"><span class='ocrx_word' id='word_1_90' title='bbox 171 2389 337 2418; x_wconf 88' lang='lat' dir='ltr'>cresca</span> <span class='ocrx_word' id='word_1_91' title='bbox 357 2389 415 2417; x_wconf 92' lang='lat' dir='ltr'>ne</span> <span class='ocrx_word' id='word_1_92' title='bbox 435 2377 449 2417; x_wconf 88' lang='lat' dir='ltr'>i</span> <span class='ocrx_word' id='word_1_93' title='bbox 470 2377 601 2418; x_wconf 92' lang='lat' dir='ltr'>cuori</span> <span class='ocrx_word' id='word_1_94' title='bbox 621 2377 784 2418; x_wconf 82' lang='lat' dir='ltr'>nostri.</span> <span class='ocrx_word' id='word_1_95' title='bbox 807 2377 974 2417; x_wconf 88' lang='lat' dir='ltr'>Amen.</span> 
     </span>
    </p>
   </div>
   <div class='ocr_carea' id='block_1_9' title="bbox 168 2445 1805 2928">
    <p class='ocr_par' dir='ltr' id='par_1_12' title="bbox 168 2445 1805 2703">
     <span class='ocr_line' id='line_1_18' title="bbox 254 2445 1805 2499; baseline -0.002 -11"><span class='ocrx_word' id='word_1_96' title='bbox 254 2448 342 2489; x_wconf 88' lang='lat' dir='ltr'>Per</span> <span class='ocrx_word' id='word_1_97' title='bbox 363 2460 455 2488; x_wconf 89' lang='lat' dir='ltr'>non</span> <span class='ocrx_word' id='word_1_98' title='bbox 476 2450 684 2489; x_wconf 87' lang='lat' dir='ltr'>mancar&#39;</span> <span class='ocrx_word' id='word_1_99' title='bbox 711 2448 767 2489; x_wconf 91' lang='lat' dir='ltr'>de</span> <span class='ocrx_word' id='word_1_100' title='bbox 788 2448 1003 2489; x_wconf 87' lang='lat' dir='ltr'>soclisfar’</span> <span class='ocrx_word' id='word_1_101' title='bbox 1025 2449 1098 2489; x_wconf 87' lang='lat' dir='ltr'>all’</span> <span class='ocrx_word' id='word_1_102' title='bbox 1116 2448 1304 2499; x_wconf 83' lang='lat' dir='ltr'>obligho</span> <span class='ocrx_word' id='word_1_103' title='bbox 1321 2448 1425 2488; x_wconf 87' lang='lat' dir='ltr'>dell&#39;</span> <span class='ocrx_word' id='word_1_104' title='bbox 1446 2447 1714 2495; x_wconf 84' lang='lat' dir='ltr'>obedienza,</span> <span class='ocrx_word' id='word_1_105' title='bbox 1735 2445 1805 2485; x_wconf 86' lang='lat' dir='ltr'>cio</span> 
     </span>
     <span class='ocr_line' id='line_1_19' title="bbox 168 2515 1804 2571; baseline -0.003 -11"><span class='ocrx_word' id='word_1_106' title='bbox 168 2520 259 2560; x_wconf 88' lang='lat' dir='ltr'>che</span> <span class='ocrx_word' id='word_1_107' title='bbox 280 2520 325 2559; x_wconf 84' lang='lat' dir='ltr'>la</span> <span class='ocrx_word' id='word_1_108' title='bbox 346 2519 506 2560; x_wconf 87' lang='lat' dir='ltr'>divina</span> <span class='ocrx_word' id='word_1_109' title='bbox 522 2519 704 2560; x_wconf 79' lang='lat' dir='ltr'>Maesta</span> <span class='ocrx_word' id='word_1_110' title='bbox 720 2531 802 2571; x_wconf 87' lang='lat' dir='ltr'>per</span> <span class='ocrx_word' id='word_1_111' title='bbox 819 2520 919 2560; x_wconf 90' lang='lat' dir='ltr'>suoi</span> <span class='ocrx_word' id='word_1_112' title='bbox 938 2519 1127 2570; x_wconf 83' lang='lat' dir='ltr'>indegni</span> <span class='ocrx_word' id='word_1_113' title='bbox 1148 2519 1443 2559; x_wconf 81' lang='lat' dir='ltr'>instrumenti</span> <span class='ocrx_word' id='word_1_114' title='bbox 1460 2518 1504 2558; x_wconf 88' lang='lat' dir='ltr'>di</span> <span class='ocrx_word' id='word_1_115' title='bbox 1521 2523 1683 2569; x_wconf 88' lang='lat' dir='ltr'>questo</span> <span class='ocrx_word' id='word_1_116' title='bbox 1703 2515 1804 2556; x_wconf 89' lang='lat' dir='ltr'>Col-</span> 
     </span>
     <span class='ocr_line' id='line_1_20' title="bbox 171 2589 1804 2643; baseline -0.002 -12"><span class='ocrx_word' id='word_1_117' title='bbox 171 2591 327 2642; x_wconf 84' lang='lat' dir='ltr'>leggio</span> <span class='ocrx_word' id='word_1_118' title='bbox 347 2592 384 2631; x_wconf 91' lang='lat' dir='ltr'>s’</span> <span class='ocrx_word' id='word_1_119' title='bbox 408 2595 433 2631; x_wconf 78' lang='lat' dir='ltr'>e</span> <span class='ocrx_word' id='word_1_120' title='bbox 454 2590 657 2641; x_wconf 71' lang='lat' dir='ltr'>(legnato</span> <span class='ocrx_word' id='word_1_121' title='bbox 685 2591 867 2642; x_wconf 84' lang='lat' dir='ltr'>operar’</span> <span class='ocrx_word' id='word_1_122' title='bbox 895 2592 942 2631; x_wconf 90' lang='lat' dir='ltr'>in</span> <span class='ocrx_word' id='word_1_123' title='bbox 969 2591 1120 2643; x_wconf 88' lang='lat' dir='ltr'>questi</span> <span class='ocrx_word' id='word_1_124' title='bbox 1148 2596 1314 2642; x_wconf 78' lang='lat' dir='ltr'>quatro</span> <span class='ocrx_word' id='word_1_125' title='bbox 1345 2590 1460 2630; x_wconf 90' lang='lat' dir='ltr'>mesi</span> <span class='ocrx_word' id='word_1_126' title='bbox 1487 2589 1534 2628; x_wconf 87' lang='lat' dir='ltr'>in</span> <span class='ocrx_word' id='word_1_127' title='bbox 1563 2589 1706 2628; x_wconf 84' lang='lat' dir='ltr'>breve</span> <span class='ocrx_word' id='word_1_128' title='bbox 1736 2599 1804 2627; x_wconf 88' lang='lat' dir='ltr'>re-</span> 
     </span>
     <span class='ocr_line' id='line_1_21' title="bbox 169 2663 792 2703; baseline -0.002 0"><span class='ocrx_word' id='word_1_129' title='bbox 169 2663 329 2703; x_wconf 81' lang='lat' dir='ltr'>feriro.</span> <span class='ocrx_word' id='word_1_130' title='bbox 788 2671 792 2674; x_wconf 87' lang='grc'><em>·</em></span> 
     </span>
    </p>

    <p class='ocr_par' dir='ltr' id='par_1_13' title="bbox 170 2733 1804 2928">
     <span class='ocr_line' id='line_1_22' title="bbox 251 2733 1804 2786; baseline -0.003 -12"><span class='ocrx_word' id='word_1_131' title='bbox 251 2734 287 2774; x_wconf 85' lang='grc' dir='ltr'>ΙΙ</span> <span class='ocrx_word' id='word_1_132' title='bbox 310 2733 412 2774; x_wconf 76' lang='lat' dir='ltr'>R.d0</span> <span class='ocrx_word' id='word_1_133' title='bbox 428 2741 593 2774; x_wconf 90' lang='lat' dir='ltr'>nostro</span> <span class='ocrx_word' id='word_1_134' title='bbox 617 2734 666 2774; x_wconf 90' lang='grc' dir='ltr'>Ρ.</span> <span class='ocrx_word' id='word_1_135' title='bbox 690 2733 795 2774; x_wconf 74' lang='grc' dir='ltr'>Μ.ΥΟ</span> <span class='ocrx_word' id='word_1_136' title='bbox 815 2734 1104 2786; x_wconf 84' lang='lat' dir='ltr'>Hieronymo</span> <span class='ocrx_word' id='word_1_137' title='bbox 1124 2733 1275 2775; x_wconf 86' lang='lat' dir='ltr'>Nadal</span> <span class='ocrx_word' id='word_1_138' title='bbox 1296 2745 1384 2773; x_wconf 89' lang='lat' dir='ltr'>con</span> <span class='ocrx_word' id='word_1_139' title='bbox 1405 2733 1450 2772; x_wconf 84' lang='lat' dir='ltr'>la</span> <span class='ocrx_word' id='word_1_140' title='bbox 1469 2743 1554 2771; x_wconf 86' lang='lat' dir='ltr'>sua</span> <span class='ocrx_word' id='word_1_141' title='bbox 1575 2737 1750 2771; x_wconf 87' lang='lat' dir='ltr'>venuta</span> <span class='ocrx_word' id='word_1_142' title='bbox 1780 2741 1804 2768; x_wconf 88' lang='lat' dir='ltr'>e</span> 
     </span>
     <span class='ocr_line' id='line_1_23' title="bbox 174 2801 1803 2857; baseline -0.003 -12"><span class='ocrx_word' id='word_1_143' title='bbox 174 2805 410 2856; x_wconf 86' lang='lat' dir='ltr'>presentia</span> <span class='ocrx_word' id='word_1_144' title='bbox 443 2805 491 2845; x_wconf 90' lang='lat' dir='ltr'>in</span> <span class='ocrx_word' id='word_1_145' title='bbox 525 2811 689 2857; x_wconf 87' lang='lat' dir='ltr'>questo</span> <span class='ocrx_word' id='word_1_146' title='bbox 720 2804 963 2856; x_wconf 83' lang='lat' dir='ltr'>Colleggio</span> <span class='ocrx_word' id='word_1_147' title='bbox 991 2809 1015 2845; x_wconf 81' lang='lat' dir='ltr'>e</span> <span class='ocrx_word' id='word_1_148' title='bbox 1044 2811 1166 2845; x_wconf 86' lang='lat' dir='ltr'>stato</span> <span class='ocrx_word' id='word_1_149' title='bbox 1193 2805 1334 2844; x_wconf 87' lang='lat' dir='ltr'>molto</span> <span class='ocrx_word' id='word_1_150' title='bbox 1363 2803 1495 2852; x_wconf 86' lang='lat' dir='ltr'>utile,</span> <span class='ocrx_word' id='word_1_151' title='bbox 1532 2801 1803 2842; x_wconf 87' lang='lat' dir='ltr'>assettando</span> 
     </span>
     <span class='ocr_line' id='line_1_24' title="bbox 170 2871 1804 2928; baseline -0.004 -12"><span class='ocrx_word' id='word_1_152' title='bbox 170 2876 266 2927; x_wconf 86' lang='lat' dir='ltr'>egli</span> <span class='ocrx_word' id='word_1_153' title='bbox 285 2876 327 2916; x_wconf 90' lang='lat' dir='ltr'>le</span> <span class='ocrx_word' id='word_1_154' title='bbox 356 2887 463 2916; x_wconf 92' lang='lat' dir='ltr'>cose</span> <span class='ocrx_word' id='word_1_155' title='bbox 491 2876 537 2916; x_wconf 89' lang='lat' dir='ltr'>di</span> <span class='ocrx_word' id='word_1_156' title='bbox 565 2876 715 2928; x_wconf 87' lang='lat' dir='ltr'>quello</span> <span class='ocrx_word' id='word_1_157' title='bbox 743 2887 875 2916; x_wconf 90' lang='lat' dir='ltr'>come</span> <span class='ocrx_word' id='word_1_158' title='bbox 904 2877 944 2916; x_wconf 89' lang='lat' dir='ltr'>si</span> <span class='ocrx_word' id='word_1_159' title='bbox 970 2875 1269 2925; x_wconf 83' lang='lat' dir='ltr'>desiderava,</span> <span class='ocrx_word' id='word_1_160' title='bbox 1300 2873 1503 2913; x_wconf 85' lang='lat' dir='ltr'>etiandio</span> <span class='ocrx_word' id='word_1_161' title='bbox 1531 2871 1804 2912; x_wconf 87' lang='lat' dir='ltr'>servendosi</span> 
     </span>
    </p>
   </div>
   <div class='ocr_carea' id='block_1_10' title="bbox 177 2981 452 2989">
    <p class='ocr_par' dir='ltr' id='par_1_14' title="bbox 177 2981 452 2989">
     <span class='ocr_line' id='line_1_25' title="bbox 177 2981 452 2989; baseline 0 448"><span class='ocrx_word' id='word_1_162' title='bbox 177 2981 452 2989; x_wconf 95' lang='lat' dir='ltr'> </span> 
     </span>
    </p>
   </div>
   <div class='ocr_carea' id='block_1_11' title="bbox 229 3032 1694 3071">
    <p class='ocr_par' dir='ltr' id='par_1_15' title="bbox 229 3032 1694 3071">
     <span class='ocr_line' id='line_1_26' title="bbox 229 3032 1694 3071; baseline -0.003 -7"><span class='ocrx_word' id='word_1_163' title='bbox 229 3037 240 3057; x_wconf 81' lang='lat'>2</span> <span class='ocrx_word' id='word_1_164' title='bbox 278 3037 506 3071; x_wconf 83' lang='lat' dir='ltr'>Autographa</span> <span class='ocrx_word' id='word_1_165' title='bbox 521 3040 594 3064; x_wconf 89' lang='lat' dir='ltr'>tota</span> <span class='ocrx_word' id='word_1_166' title='bbox 611 3044 710 3064; x_wconf 85' lang='lat' dir='ltr'>manu</span> <span class='ocrx_word' id='word_1_167' title='bbox 725 3036 838 3064; x_wconf 84' lang='lat' dir='ltr'>Patris</span> <span class='ocrx_word' id='word_1_168' title='bbox 852 3036 948 3064; x_wconf 86' lang='lat' dir='ltr'>Pauli</span> <span class='ocrx_word' id='word_1_169' title='bbox 965 3036 995 3064; x_wconf 72' lang='lat' dir='ltr'>d&#39;</span> <span class='ocrx_word' id='word_1_170' title='bbox 1010 3036 1154 3064; x_wconf 80' lang='lat' dir='ltr'>Achillis</span> <span class='ocrx_word' id='word_1_171' title='bbox 1170 3037 1202 3063; x_wconf 89' lang='lat' dir='ltr'>in</span> <span class='ocrx_word' id='word_1_172' title='bbox 1217 3035 1340 3069; x_wconf 87' lang='lat' dir='ltr'>duplici</span> <span class='ocrx_word' id='word_1_173' title='bbox 1356 3034 1434 3061; x_wconf 84' lang='lat' dir='ltr'>folio</span> <span class='ocrx_word' id='word_1_174' title='bbox 1449 3041 1502 3061; x_wconf 36' lang='lat' dir='ltr'>nn&gt;</span> <span class='ocrx_word' id='word_1_175' title='bbox 1520 3032 1571 3060; x_wconf 86' lang='lat'>170</span> <span class='ocrx_word' id='word_1_176' title='bbox 1584 3036 1618 3060; x_wconf 91' lang='lat' dir='ltr'>et</span> <span class='ocrx_word' id='word_1_177' title='bbox 1634 3033 1694 3060; x_wconf 85' lang='lat'>171.</span> 
     </span>
    </p>
   </div>
  </div>
 </body>
</html>
