2168 3437
372 239 442 275 710
887 237 1115 274 LITTERAE
1142 245 1502 279 QUADRIMESTRES

372 341 456 385 est,
491 334 785 383 Catanensis‚
819 333 1178 383 extructionem,
1210 332 1464 383 impetrare
1490 331 1662 371 obnixe
1694 332 1928 372 contendit
1956 333 2013 372 ab

374 407 662 458 Imperatore
692 405 1011 456 pientissimus
1034 403 1235 455 Prorex,
1266 402 1418 454 Vega.
1443 402 1532 453 Qui
1562 403 1601 442 si
1629 402 1854 454 effecerit,
1892 404 2017 454 quod

373 477 560 529 quidem
579 476 718 516 facile
743 482 916 528 sperat,
941 475 1223 528 praesertim
1246 486 1353 514 cum
1384 486 1439 514 ea
1461 485 1785 525 possessorem
1807 486 1834 514 a
1856 474 2017 515 diebus

375 548 552 600 aliquot
573 559 668 587 non
688 547 875 597 habeat,
902 546 1065 587 statuit
1087 558 1146 586 ex
1169 545 1267 597 ejus
1289 545 1516 585 reditibus
1537 545 1663 585 mille
1693 556 1862 585 aureos
1885 558 2014 586 coro-

374 625 510 660 natos
532 630 715 658 annuos
743 618 1033 658 Messanensi
1067 617 1282 667 Collegio
1312 616 1558 668 impartiri,
1590 616 1872 667 quingentos
1902 629 2016 658 vero

375 692 459 740 (tot
480 691 604 731 enim
630 696 892 741 proventus
915 689 1084 730 afferre
1113 688 1364 740 quotannis
1395 688 1579 738 dicitur,
1604 688 1693 728 hoc
1720 694 1790 728 est
1822 688 1923 728 1500
1944 701 2015 728 co-

375 762 683 812 ronatorum),
713 762 887 813 partim
915 761 1171 802 Catanensi
1199 760 1409 811 Collegio
1442 759 1811 811 exaedificando,
1845 761 2017 812 partim

374 835 477 875 aliis
512 834 746 886 operibus,
781 845 900 885 quae
933 840 1091 873 tamen
1125 831 1183 872 ad
1220 832 1562 872 incrementum
1595 831 1845 872 Societatis
1879 830 2015 883 hujus

375 913 567 946 nostrae
589 906 868 958 pertineant.

456 978 507 1018 In
529 978 703 1018 scholis
727 977 842 1017 nihil
863 983 933 1017 est
957 976 1249 1016 innovatum.
1274 974 1459 1014 Perstat
1490 974 1613 1015 idem
1641 974 1738 1014 fere
1768 974 2018 1026 discipulo-

378 1062 482 1090 rum
502 1061 740 1099 numerus,
765 1049 845 1100 qui
866 1049 925 1088 ad
944 1047 1083 1099 hujus
1105 1047 1215 1087 anni
1233 1046 1518 1098 principium
1537 1045 1637 1086 fuit.
1657 1045 1754 1086 Nec
1773 1046 2019 1086 literarum

377 1127 560 1162 tantum
582 1121 664 1162 sed
692 1127 736 1161 et
757 1120 948 1172 pietatis
979 1119 1026 1159 in
1053 1119 1120 1159 eis
1149 1118 1388 1170 profectus
1419 1117 1708 1168 agnoscitur.
1739 1117 1810 1158 Ex
1837 1118 1893 1158 iis
1924 1118 2014 1158 duo

377 1193 644 1246 praecipue,
675 1204 769 1232 non
800 1189 1173 1232 contemnendae
1202 1189 1387 1240 indolis,
1426 1187 1649 1229 Societati
1677 1200 1780 1229 sese
1809 1188 2014 1241 adjicere

377 1265 569 1316 cupiunt
585 1276 592 1315 ;
611 1266 730 1304 alter
750 1263 1012 1304 rethorices
1035 1268 1104 1302 est
1126 1268 1169 1302 et
1192 1273 1397 1312 graecae
1419 1261 1610 1311 linguae
1632 1261 1834 1311 auditor,
1868 1272 2018 1300 annos

375 1343 514 1377 natus
542 1337 688 1377 ferme
719 1335 979 1385 sexdecim,
1012 1334 1219 1374 omnium
1248 1333 1692 1384 condiscipulorum,
1723 1333 1763 1373 si
1792 1345 1936 1373 unum
1959 1345 2017 1373 ex

378 1408 648 1448 domesticis
669 1407 952 1459 exceperim,
985 1406 1310 1455 doctissimus;
1338 1405 1455 1445 alter
1481 1405 1807 1456 grammaticis
1835 1405 2013 1445 institu-

378 1480 581 1520 tionibus
615 1480 767 1520 adhuc
801 1484 965 1528 vacat,
1008 1477 1216 1529 ejusdem
1249 1488 1395 1528 prope
1432 1477 1600 1516 aetatis
1643 1482 1687 1516 et
1731 1477 1883 1516 bonae
1918 1477 2019 1528 spei

379 1553 668 1592 adolescens.
695 1549 811 1591 Sunt
833 1556 877 1590 et
900 1550 992 1600 alii,
1019 1549 1097 1600 qui
1119 1548 1243 1589 idem
1260 1548 1347 1589 sibi
1368 1548 1633 1588 institutum
1649 1553 2016 1599 proposue1·unt;

379 1625 460 1664 sed
482 1630 613 1664 aetas
635 1623 788 1663 obstat
810 1622 1062 1673 quominus
1084 1620 1130 1660 id
1151 1632 1201 1660 se
1221 1619 1359 1660 facile
1388 1619 1611 1670 consequi
1640 1631 1780 1671 posse
1808 1625 2013 1670 sperent.

379 1697 535 1745 Domi,
564 1702 608 1735 et
638 1694 957 1744 concionibus,
989 1698 1033 1733 et
1069 1692 1501 1742 declamationibus,
1540 1697 1585 1732 et
1618 1691 2013 1743 disputationibus

379 1773 660 1809 exercentur
681 1766 846 1807 nostri.

460 1840 660 1881 Caetera
687 1838 735 1878 P.
774 1838 826 1878 T.
858 1849 952 1877 non
981 1838 1186 1889 ignorat.
1212 1835 1355 1887 Cujus
1384 1835 1602 1887 precibus
1631 1842 1848 1887 optamus
1879 1836 2014 1876 nobis

382 1925 408 1951 a
433 1912 535 1952 Deo
556 1911 760 1962 gratiam
783 1909 993 1960 concedi,
1019 1920 1111 1960 qua
1134 1907 1306 1947 divinis
1328 1907 1564 1958 obsequiis
1586 1906 1809 1947 attentius
1829 1906 2009 1947 ferven-

381 1984 564 2034 tiusque
587 1982 928 2031 incumbamus,
955 1981 1189 2031 digneque
1216 1979 1335 2019 inter
1358 1978 1457 2030 ejus
1479 1990 1643 2018 servos
1674 1983 1814 2030 atque
1835 1978 2013 2018 amicos

381 2054 563 2095 versari
591 2059 636 2093 et
663 2053 720 2093 ab
756 2052 855 2104 ejus
891 2052 1191 2092 sanctissima
1219 2051 1463 2091 voluntate
1499 2061 1739 2101 nunquam
1774 2049 2016 2090 discedere

382 2127 632 2176 possimus.
658 2125 826 2165 Amen.

459 2197 707 2238 Messanae
729 2196 778 2236 21
804 2195 916 2236 Maii
942 2195 1055 2235 1554.

459 2269 513 2309 R.
538 2268 587 2309 P.
612 2269 665 2309 T.

459 2341 639 2381 Inutilis
661 2341 708 2380 in
729 2340 812 2380 X.0
837 2340 948 2393 Jesu
972 2350 1153 2385 servus,

1253 2445 1474 2485 ANNIBAL
1506 2457 1537 2483 Α
1569 2443 1804 2484 CODRETO.

460 2625 816 2677 Superscmptzo
838 2624 887 2664 in
910 2629 1084 2675 quarta
1116 2623 1330 2675 pagl'mz:
1351 2623 1454 2663 R.<¹0
1494 2623 1540 2662 in
1571 2621 1760 2663 Christo
1796 2620 1924 2661 Patri
1956 2620 2023 2660 d.⁰

380 2697 561 2747 ignatio
590 2697 647 2737 de
679 2696 859 2748 Loyola
883 2696 1090 2747 Praep.to
1115 2695 1266 2736 Gnali.
1292 2694 1542 2735 Societatis
1563 2693 1689 2746 Jesu.

464 2769 655 2808 Romae.

473 2840 737 2890 Vestzgrz'nm
759 2851 891 2879 cerae
912 2843 955 2879 et
977 2838 1150 2889 sigilli.

905 3051 1051 3091 FINIS
1078 3052 1222 3090 TOMI
1250 3050 1505 3090 SECUNDI
