2168 3437
817 261 900 298 AN.
932 261 1023 298 1553
1665 260 1731 297 113

98 360 217 401 Cum
238 359 361 398 enim
377 358 607 410 audimus,
627 365 848 410 certoque
865 359 1181 409 intelligimus,
1202 358 1442 408 neglectas
1459 363 1503 396 et
1520 357 1730 397 desertas

95 431 457 481 circumquaque
497 429 650 469 iacere
690 430 913 469 ecclesias
934 461 941 479 ,
983 429 1030 468 in
1069 429 1236 480 quibus
1269 440 1327 468 ne
1366 439 1510 468 unum
1545 427 1731 478 quidem

96 499 388 541 sacerdotem
410 501 609 540 retinere
629 501 826 552 populus
848 505 1002 551 queat,
1027 511 1081 539 ac
1103 499 1297 550 proinde
1319 499 1417 539 sine
1438 499 1608 549 sacris,
1633 499 1732 538 sine

97 571 400 611 concionibus
427 577 470 611 et
501 570 830 621 sacramentis,
859 576 955 610 tam
983 571 1290 621 corporaliter
1318 582 1457 621 quam
1486 569 1732 621 spirituali-

97 649 168 682 ter
187 647 381 693 pereant
403 641 676 692 miserrime,
703 640 828 681 dedit
846 642 934 680 hoc
955 641 1089 680 nobis
1111 640 1392 681 desiderium
1413 640 1642 691 ChristuS,
1666 646 1728 688 ut,

97 719 318 764 percepto
339 713 481 752 semel
510 712 751 761 idiomate,
777 712 837 752 ad
861 712 1043 751 vicinos
1064 711 1169 751 illos
1190 709 1341 762 pagos
1368 718 1411 751 et
1442 712 1638 762 populos
1659 724 1734 751 ex-

99 794 357 824 curramus.
381 783 571 823 Utinam
593 795 706 823 vero
728 783 804 834 qui
829 784 1120 822 voluntatem
1140 783 1262 822 hanc
1283 789 1328 822 et
1345 782 1470 822 sitim
1486 782 1733 822 honestam

99 855 288 903 indidit,
312 855 436 894 vires
459 854 599 894 etiam
620 860 663 893 et
684 865 956 894 successum
977 854 1072 893 suis
1095 853 1287 902 tribuat,
1313 859 1361 892 ut
1381 853 1555 892 iactum
1585 853 1736 892 Evan-

100 925 211 975 gelii
230 931 328 965 rete
349 937 572 976 magnum
593 925 726 965 nobis
746 931 1041 976 proventum,
1065 923 1110 964 id
1131 930 1215 974 est,
1250 924 1513 963 animarum
1536 924 1734 974 lucrum,

101 996 296 1037 adferat.
321 996 455 1036 Nunc
477 997 643 1036 desunt
662 996 874 1048 parvulis
896 996 974 1047 qui
994 996 1218 1046 frangant
1243 1006 1429 1046 panem.
1461 994 1557 1034 Nec
1589 996 1738 1034 solum

100 1068 162 1107 ad
182 1068 584 1117 lutheranismum,
611 1067 692 1107 sed
719 1067 860 1107 etiam
881 1067 940 1107 ad
969 1067 1320 1118 paganismum,
1351 1066 1572 1117 propensi
1603 1066 1740 1115 plane

103 1138 159 1188 (si
192 1139 399 1178 nondum
433 1138 694 1189 depravati)
724 1138 853 1188 vulgi
882 1138 1026 1178 animi
1054 1137 1420 1189 comperiuntur,
1454 1137 1571 1176 adeo
1608 1142 1657 1176 ut
1687 1138 1742 1176 dc

102 1209 245 1249 animi
275 1209 624 1249 immortalitate
655 1215 870 1260 coeptum
899 1209 958 1249 sit
989 1208 1266 1249 addubitari.
1300 1207 1392 1249 Sed
1426 1213 1637 1259 praestat
1666 1208 1742 1247 hic

105 1280 256 1320 alieno
283 1286 328 1320 et
362 1281 694 1331 probatissimo
722 1279 910 1332 quidem
936 1280 1027 1320 viri
1055 1280 1223 1320 summi
1250 1279 1516 1320 testimonio
1549 1280 1636 1330 uti,
1667 1279 1744 1330 qui

106 1363 255 1402 nuper
277 1364 336 1391 ex
364 1351 472 1391 aula
497 1350 647 1402 Regia
677 1351 737 1391 ad
762 1362 851 1390 nos
873 1351 919 1390 in
940 1351 1058 1391 haec
1079 1351 1224 1391 verba
1246 1350 1455 1402 scripsit:
1484 1350 1743 1401 “Quantum

104 1422 285 1475 (inquit)
306 1422 365 1462 ad
386 1423 660 1463 universum
685 1421 941 1473 Religionis
968 1422 1228 1473 negotium,
1263 1427 1308 1462 et
1332 1422 1380 1461 in
1408 1433 1526 1473 quae
1555 1421 1742 1470 misera,

105 1494 196 1534 imo
219 1493 847 1535 afflictissimainciderimus
868 1499 1105 1545 tempora,
1129 1501 1173 1533 et
1204 1493 1251 1533 in
1282 1504 1423 1544 quam
1452 1493 1742 1544 irrecupera-

103 1564 243 1605 bilem
263 1565 526 1604 Ecclessiae
554 1571 742 1604 nostrae
770 1565 1001 1604 iacturam
1032 1565 1259 1616 pertracti
1289 1576 1463 1613 sumus,
1494 1564 1597 1615 quis
1629 1564 1744 1603 satis

107 1636 262 1675 dolere
282 1637 463 1686 potest?
492 1635 621 1686 Quae
649 1636 896 1687 cogitatio,
926 1636 1050 1687 quod
1078 1636 1346 1686 consilium,
1377 1643 1421 1675 et
1448 1635 1571 1675 unde
1604 1647 1746 1674 reme-

105 1707 232 1747 dium
270 1706 587 1758 quaerendum
620 1708 695 1747 vel
734 1706 967 1758 quomodo
1008 1707 1379 1747 succurrendum
1419 1706 1555 1758 (proh
1596 1706 1744 1755 dolor)

105 1778 266 1818 nullibi
287 1778 491 1818 invenio.
515 1778 635 1818 Nam
657 1790 818 1818 omnes
839 1778 934 1818 fere
957 1778 1041 1818 sub
1064 1778 1296 1818 catholico
1318 1784 1363 1818 et
1380 1777 1747 1817 clementissimo

104 1855 265 1889 nostro
286 1848 414 1900 Rege
435 1849 502 1889 sic
524 1849 711 1900 habent,
734 1857 783 1889 ut
805 1850 886 1889 vix
907 1849 1086 1889 decima
1108 1861 1219 1901 pars
1236 1856 1363 1889 recte
1386 1849 1678 1889 credentium
1706 1854 1750 1887 et

106 1920 404 1960 sentientium
425 1921 709 1960 inveniatur.
732 1920 936 1960 Tantum
963 1921 1093 1960 abest
1120 1926 1169 1960 ut
1197 1921 1364 1972 aliquis
1392 1920 1523 1960 cordi
1551 1920 1746 1959 haberet

107 1992 364 2043 collapsam
392 1998 603 2032 nostram
631 1992 937 2032 christianam
970 1991 1332 2043 professionem,
1363 1991 1519 2042 illique
1560 2003 1750 2031 manum

107 2063 368 2114 porrigeret
390 2063 772 2111 auxiliatricem.‚‚
796 2062 873 2103 Sic
894 2063 968 2102 ille
995 2063 1089 2113 vir,
1112 2062 1201 2102 fide
1229 2062 1532 2113 dignissimus
1561 2068 1605 2102 et
1635 2062 1753 2113 Regi

106 2140 266 2173 nostro
301 2134 512 2184 intimus,
552 2134 688 2174 simul
723 2139 767 2173 et
799 2134 1074 2185 Episcopus.
1116 2133 1320 2174 Tantum
1357 2144 1470 2184 ergo
1502 2134 1748 2183 malorum,

107 2215 227 2256 quae
261 2205 308 2244 in
336 2205 434 2245 dies
462 2205 614 2256 magis
634 2205 877 2256 magisque
907 2210 1230 2256 succrescunt,
1261 2204 1533 2257 quotidiana
1560 2211 1748 2245 nostros

109 2275 334 2314 memoria
356 2276 588 2326 sollicitat,
614 2288 760 2327 eoque
783 2281 1064 2327 commovet,
1089 2282 1138 2316 ut
1161 2275 1219 2316 ad
1241 2276 1553 2316 concionandi
1586 2288 1754 2316 munus

108 2357 231 2385 novo
252 2346 393 2386 etiam
415 2347 557 2387 animi
579 2347 767 2387 fervore
790 2347 995 2398 quotidie
1017 2347 1252 2387 instruant
1274 2359 1390 2387 sese.

190 2416 280 2467 Qui
299 2417 387 2457 hoc
418 2430 539 2457 anno
569 2418 628 2458 ad
653 2430 739 2458 nos
766 2424 997 2458 venerunt
1023 2419 1237 2469 germani
1267 2426 1311 2458 et
1340 2419 1543 2470 optimae
1566 2418 1751 2470 quidem

110 2487 279 2528 indolis
309 2487 629 2529 adolescentes
664 2489 775 2538 duo,
813 2501 862 2528 se
893 2500 1017 2529 nunc
1047 2495 1170 2529 totos
1207 2489 1484 2529 dediderunt
1511 2488 1750 2539 Societati,

110 2559 305 2611 ideoque
330 2560 425 2599 suis
445 2560 591 2600 literis
613 2566 759 2611 agunt
781 2560 904 2611 apud
926 2560 978 2600 R.
1014 2561 1066 2600 T.
1098 2566 1148 2600 ut
1170 2561 1246 2612 pia
1269 2560 1478 2612 ipsorum
1498 2566 1614 2600 Vota
1634 2561 1757 2600 reci-

113 2630 300 2681 piantur
322 2638 462 2682 atque
485 2630 833 2671 confirmentur.
858 2632 1175 2672 Accesserunt
1203 2638 1309 2683 post
1330 2632 1414 2671 hos
1436 2632 1514 2671 alii
1536 2631 1648 2682 duo,
1679 2633 1758 2683 qui

113 2700 286 2741 bonam
309 2701 364 2741 de
385 2714 434 2742 se
455 2714 586 2753 spem
607 2708 651 2742 et
673 2702 760 2753 ipsi
780 2703 1006 2753 praebent
1026 2703 1126 2742 fore
1147 2709 1195 2742 ut
1226 2703 1272 2742 in
1300 2703 1437 2742 vinea
1458 2702 1651 2743 Domini
1678 2703 1756 2743 ali-

113 2772 299 2822 quando
329 2772 552 2823 frugifere
587 2779 851 2824 operentur.
888 2773 1093 2813 Mutatus
1129 2773 1316 2825 quidem
1352 2773 1466 2812 ordo
1495 2773 1754 2814 studiorum

115 2848 199 2893 est,
224 2848 268 2882 et
288 2843 336 2882 in
357 2843 569 2884 diversas
591 2829 765 2884 classes
786 2844 1037 2900 studiosos,
1061 2852 1110 2885 ut
1135 2845 1390 2896 coepimuS,
1414 2844 1478 2884 ita
1500 2856 1757 2896 pergemus

116 2913 417 2965 distinguere,
441 2914 519 2954 ubi
540 2914 740 2966 primum
759 2926 934 2955 novam
952 2921 997 2955 et
1016 2915 1253 2966 publicam
1280 2915 1491 2955 scholam
1518 2918 1754 2967 aperueri-

117 2995 234 3023 mus.
260 2983 362 3034 Qua
383 2985 432 3025 in
452 2997 501 3025 re
522 2986 634 3025 nihil
655 2991 866 3026 moratur
887 2992 1075 3026 nostros
1097 2986 1311 3037 amplius,
1334 2985 1479 3037 Regis
1500 2987 1627 3027 enim
1648 2999 1756 3028 con-

117 3065 282 3095 sensus
315 3061 360 3095 et
396 3056 616 3107 Episcopi
649 3057 788 3096 simul
821 3063 865 3096 et
900 3056 1207 3107 Magistratus
1244 3056 1382 3097 favor
1417 3060 1632 3109 accessit,
1666 3060 1758 3101 nisi

309 3131 359 3168 T.
390 3143 429 3168 11.
1500 3136 1521 3169 8
