2168 3437
821 323 904 359 AN.
935 322 1028 358 1554
1667 321 1737 358 515

109 431 221 471 ergo
243 420 367 471 quod
388 419 588 471 quadam
610 420 697 470 die,
721 431 827 460 cum
854 431 946 458 una
974 419 1183 470 ipsarum
1212 419 1350 458 vellet
1380 417 1587 469 profiteri
1615 418 1737 457 relli-

109 491 296 541 gionem
317 490 437 530 illius
458 490 744 540 monasterii,
767 490 853 530 fuit
876 489 1131 529 accersitus
1149 489 1337 540 quidam
1354 495 1486 540 pater
1504 488 1640 528 huius
1657 487 1735 527 do-

109 573 225 609 mus,
251 562 328 612 qui
349 561 629 612 professioni
650 561 748 600 eius
771 561 1024 610 assisteret,
1048 566 1092 600 et
1113 565 1249 611 prout
1270 560 1412 599 moris
1443 566 1511 599 est
1542 560 1588 599 in
1616 559 1735 599 simi-

108 632 227 671 libus
249 632 443 682 actibus,
467 632 840 671 concionaretur.
864 631 992 671 Abiit
1015 641 1129 681 ergo
1152 636 1284 681 pater
1300 631 1375 670 ille
1392 631 1544 681 magis
1562 629 1736 670 auxilio

110 702 268 742 divino
290 702 435 742 fretus
456 713 596 753 quam
618 714 716 752 suo,
742 702 910 752 quippe
939 702 1016 752 qui
1045 701 1126 740 vix
1155 701 1353 741 duarum
1382 701 1605 740 horarum
1636 712 1736 752 spa-

109 774 224 812 tium
246 773 332 812 sibi
354 784 631 812 concessum
652 773 710 812 sit
734 778 840 811 ante
862 778 1045 822 tempus
1066 771 1389 811 concionandi.
1415 770 1504 812 Sed
1527 772 1604 822 qui
1624 783 1736 811 nun—

110 855 248 894 quam
269 844 315 883 in
337 844 438 894 ipso
458 842 762 883 cofidentibus
785 843 937 893 deest,
961 843 1025 882 ita
1056 842 1120 881 illi
1152 841 1320 892 adfuit,
1346 848 1389 882 et
1415 843 1479 882 ita
1508 843 1607 882 eius
1635 853 1737 882 ver-

109 914 180 954 bis
202 914 344 954 corda
371 914 655 964 reliquarum
682 914 902 964 perculit,
936 920 984 953 ut
1012 926 1175 965 parum
1208 914 1406 954 abfuerit
1434 914 1544 965 quin
1577 925 1739 953 omnes

112 985 275 1024 eadem
296 985 373 1024 via
393 991 643 1035 pergerent
664 992 707 1024 et
735 984 1093 1035 praecedentem
1122 985 1499 1036 insequerentur,
1530 985 1619 1024 nisi
1647 996 1738 1024 rna-

111 1055 306 1108 gnitudo
328 1055 395 1095 rei
415 1061 597 1106 tempus
618 1055 943 1094 cosultationis
964 1062 1255 1106 exposceret,
1278 1062 1322 1095 et
1343 1055 1405 1094 ita
1434 1055 1589 1094 retulit
1610 1067 1740 1106 prae-

112 1129 234 1168 latus
255 1127 462 1178 ipsarum
484 1126 620 1178 quod,
646 1126 683 1165 si
704 1126 994 1177 singularum
1016 1126 1159 1165 corda
1177 1133 1532 1177 perscrutasset‚
1554 1137 1648 1165 non
1664 1137 1743 1177 po-

112 1198 275 1238 tuisset
296 1197 467 1237 rectius
488 1197 697 1248 ipsarum
717 1197 1078 1236 necessitatibus
1101 1197 1379 1236 occurrisse.

190 1268 379 1308 Interim
401 1268 543 1307 etiam
570 1267 795 1307 exercitia
825 1267 1021 1318 spualia.
1053 1273 1160 1307 sunt
1190 1267 1300 1307 data
1332 1268 1560 1318 aliquibus
1587 1278 1741 1318 perso-

110 1341 197 1391 nis,
221 1340 268 1379 in
290 1340 458 1391 quibus
479 1345 620 1389 certe,
644 1344 750 1390 post
770 1338 930 1378 habita
952 1338 1192 1388 exercitia,
1216 1338 1353 1378 facile
1375 1344 1443 1377 est
1465 1338 1626 1378 videre
1647 1338 1738 1378 fru-

112 1417 237 1451 ctum
258 1410 600 1450 reformationis
630 1409 756 1449 Vitae
784 1409 830 1449 in
858 1409 1231 1460 frequentatione
1262 1416 1666 1449 sacramentorum
1700 1415 1743 1449 et

111 1480 338 1522 desiderio
359 1480 632 1532 proficiendi
653 1480 700 1520 in
721 1485 820 1532 spu.
845 1479 941 1520 Alii
967 1480 1196 1520 instanter
1224 1486 1386 1531 petunt
1416 1481 1518 1531 ipsa
1545 1480 1635 1520 sibi
1664 1480 1744 1520 im-

109 1553 289 1605 partiri,
313 1551 391 1592 sed
415 1552 535 1591 aliae
554 1552 772 1591 iustiores
793 1552 1125 1603 occupationes
1145 1551 1278 1591 nobis
1298 1563 1392 1591 non
1408 1552 1648 1602 permittsit
1670 1551 1743 1591 his

110 1635 299 1663 vacare.
322 1622 618 1662 Remittimus
638 1633 719 1662 eos
746 1622 805 1662 ad
826 1621 996 1662 fratres
1021 1622 1207 1673 collegii
1232 1622 1382 1662 nostri
1404 1622 1740 1671 metimnensis,

111 1694 237 1746 quod
255 1706 348 1733 non
369 1694 507 1744 longe
528 1693 637 1733 hinc
659 1693 802 1742 abest,
827 1693 905 1733 ubi
926 1693 1076 1733 maior
1096 1693 1228 1733 adest
1251 1693 1572 1733 commoditas.

192 1764 323 1805 Haec
343 1771 465 1813 sunt,
488 1763 588 1804 Rssle
603 1770 751 1816 pater,
771 1775 890 1816 quae
908 1776 1030 1804 nunc
1046 1764 1245 1815 repetita
1264 1764 1503 1814 memoria,
1524 1764 1745 1804 sumatim

113 1847 215 1876 sese
236 1836 349 1876 mihi
368 1835 615 1876 scribenda
636 1835 858 1885 obtulere,
883 1847 1002 1887 quae
1022 1835 1131 1875 licet
1160 1835 1352 1886 exigua,
1384 1847 1557 1887 magna
1586 1841 1744 1875 tamen

114 1914 236 1957 sunt,
261 1907 301 1947 si
321 1907 644 1957 instrumenta,
669 1907 836 1958 quibus
857 1906 973 1946 haec
996 1906 1108 1946 deus
1130 1906 1318 1958 operari
1340 1907 1581 1957 dignatur,
1606 1907 1745 1958 inspi-

114 1979 225 2019 cias.
250 1978 341 2030 Ipsi
362 1979 448 2018 soli
465 1979 581 2028 laus,
601 1978 752 2018 honor
768 1984 812 2017 et
827 1978 980 2029 gloria
997 1990 1121 2017 nunc
1139 1984 1182 2017 et
1200 1978 1246 2017 in
1262 1984 1553 2029 perpetuum.
1576 1977 1743 2018 Amen.

114 2050 184 2090 Tu
205 2056 361 2089 tamen
382 2049 582 2099 interim,
606 2048 706 2088 ΚΜ
722 2056 871 2100 pater,
895 2049 1063 2089 horum
1095 2049 1396 2099 indignorum
1424 2049 1622 2088 filiorum
1650 2058 1747 2089 tuo-

113 2132 215 2161 rum
236 2132 293 2160 ne
315 2120 624 2167 obliviscariS,
648 2120 730 2160 sed
763 2120 890 2171 ipsos
918 2120 965 2159 in
995 2120 1087 2160 tuis
1117 2121 1334 2171 precibus
1363 2126 1406 2160 et
1434 2120 1676 2160 sacrificiis
1705 2125 1750 2160 et

114 2192 311 2231 aliorum
331 2197 516 2243 patrum
538 2197 581 2231 et
602 2191 800 2231 fratrum
821 2191 1207 2231 charissimorum
1230 2190 1532 2231 comendatos
1557 2191 1747 2231 habeas.

194 2263 266 2302 Ex
286 2262 456 2313 oppido
477 2261 760 2312 Vallisoleti,
785 2262 1025 2302 chalendis
1053 2262 1288 2315 januarii,
1324 2274 1444 2302 anno
1474 2274 1499 2301 a
1527 2269 1645 2301 nat.e
1673 2262 1750 2302 do-

116 2333 231 2373 mini
252 2334 367 2373 1554.

197 2404 326 2443 Tuae
346 2403 471 2443 Reae
498 2403 581 2443 Bis

195 2475 419 2524 Indignus
440 2473 576 2525 filius,

1194 2548 1222 2594 †
1250 2546 1515 2586 DOMENECH
1547 2547 1588 2593 †.

198 2756 549 2808 Superscm'ptio
571 2757 619 2796 in
637 2761 810 2808 quarta
824 2762 1032 2809 pagum:
1049 2738 1122 2798 iiis
1138 2758 1405 2799 Admodum
1422 2758 1526 2799 R.d0
1554 2759 1601 2798 in
1619 2759 1748 2799 chro.

119 2827 204 2878 pri.
245 2838 424 2878 magro.
467 2828 644 2878 ignatio
681 2829 737 2868 de
770 2829 925 2879 loyola
960 2830 1228 2881 praeposito
1267 2830 1477 2880 generali
1513 2830 1752 2870 societatis

119 2897 244 2950 Jesu,

200 2967 394 3008 Rornae.

200 3038 311 3078 Alia
332 3050 494 3079 mama:
515 3039 796 3079 Valladolid.
825 3039 878 3090 Q.
903 3040 977 3080 P.0
1000 3042 1043 3081 di
1067 3041 1295 3082 Gennaio.

215 3109 474 3160 Vestigium
497 3109 616 3159 sz'gz'l
619 3108 635 3148 l
641 3109 670 3149 ι’.
