2168 3437
344 294 416 332 388
858 290 1085 328 LITTERAE
1112 300 1469 333 QUADRnur-:srffls

346 402 480 439 cura,
504 398 641 440 quam
665 387 851 427 assidue
873 392 917 427 et
937 387 1188 427 liberaliter
1220 398 1279 426 ex
1310 386 1540 426 charitate
1567 386 1783 436 proximo
1816 386 1982 437 cuique

347 461 445 501 sine
467 460 647 499 delectu
670 470 724 498 ac
745 459 844 498 sine
873 469 1182 510 personarum
1207 459 1300 498 ullo
1328 457 1595 497 discrimine
1622 456 1782 496 vident
1809 457 1983 508 impen—

347 532 407 582 di,
426 531 474 571 in
495 542 598 570 eam
620 530 676 569 de
697 529 830 569 nobis
852 529 1248 569 existimationem
1273 527 1282 546 ¹
1305 528 1571 568 sanctitatis
1592 528 1799 578 veniunt,
1818 534 1867 568 ut
1889 540 1982 568 non

347 603 487 643 modo
509 613 558 641 se
579 606 705 641 totos
725 612 951 652 suamque
974 612 1158 640 omnem
1180 599 1371 640 vivendi
1392 599 1623 639 rationem
1644 599 1776 639 multi
1792 598 1983 639 Pati-um

347 673 544 714 consilio
568 671 835 723 subjiciant,
865 671 1128 723 instentque
1156 676 1205 710 ut
1232 671 1441 722 ipsorum
1467 670 1543 721 pia
1572 670 1656 710 sub
1686 670 1980 710 administra-

347 746 472 785 tione
507 744 697 784 CHRISTI
726 743 1050 794 mancipentur
1085 742 1328 793 obsequio:
1365 753 1531 781 verum
1565 747 1609 781 et
1643 753 1723 793 per
1759 741 1912 792 vicos,
1945 742 1983 781 si

349 816 535 868 quando
556 826 641 854 nos
662 814 843 865 vident,
867 826 947 854 eos
967 825 1052 854 nos
1074 825 1176 853 esse
1198 812 1335 864 (quod
1353 811 1450 864 jam
1476 812 1663 863 saepius
1694 812 1854 852 audire
1880 824 1983 852 nos-

349 887 573 938 metipsos
596 885 810 936 contigit>
833 896 972 925 veros
999 884 1299 935 evangelicos
1327 883 1561 934 dictitent,
1594 884 1671 935 qui
1696 883 1811 923 nihil
1837 884 1984 923 chari-

350 958 433 998 tati
462 964 600 1009 atque
630 958 943 997 emolumento
970 956 1174 1007 proximi
1201 955 1424 1006 cuiusque
1452 955 1601 994 nostri
1629 961 1982 1006 anteponamus.

350 1030 400 1070 Id
420 1029 581 1069 forsan
602 1035 646 1068 et
667 1027 969 1068 concionator
992 1027 1201 1078 quidam,
1226 1037 1362 1077 quem
1390 1026 1604 1066 doctrina
1633 1027 1851 1078 vitaeque
1883 1037 1986 1066 san-

351 1102 510 1142 ctitate
533 1100 607 1140 hic
628 1099 844 1140 demirati
866 1104 972 1139 sunt
994 1098 1141 1148 cives,
1165 1109 1258 1137 non
1279 1098 1445 1137 leviter
1474 1098 1618 1138 auxit.
1648 1098 1726 1137 Ille
1755 1097 1875 1137 enirn
1908 1109 1986 1137 no-

349 1175 450 1213 lens
466 1183 601 1212 suum
616 1172 724 1222 lupo
741 1181 936 1221 gregem
953 1169 1259 1219 committere,
1279 1174 1517 1220 postrema
1535 1169 1827 1219 concionum,
1848 1180 1986 1220 quam

350 1256 467 1296 pene
495 1249 644 1284 totam
673 1241 896 1282 Societati
922 1240 1034 1293 Jsssu
1062 1241 1136 1279 vel
1166 1240 1254 1291 ipsi
1280 1239 1393 1292 JsssU
1420 1240 1573 1291 potius
1599 1240 1731 1280 visus
1757 1245 1825 1279 est
1853 1240 1987 1279 desti-

350 1326 510 1365 nasse,
533 1312 912 1364 frequentissimo
935 1318 977 1351 et
1000 1311 1302 1351 celeberrimo
1331 1311 1563 1351 auditorio
1594 1323 1687 1350 non
1715 1310 1854 1351 modo
1886 1311 1987 1351 reli-

351 1387 593 1437 giosorum
630 1390 785 1424 sectae
820 1383 954 1434 nulli,
993 1394 1109 1434 quas
1144 1383 1314 1421 multas
1350 1383 1665 1431 enumeravit,
1703 1381 1987 1422 Societatem

350 1458 464 1511 Jesu
484 1455 760 1508 postposuit,
785 1454 865 1494 sed
887 1465 973 1493 nec
994 1454 1137 1493 ullam
1158 1464 1260 1492 esse
1283 1453 1484 1504 quidem,
1505 1465 1644 1504 quarn
1667 1453 1764 1505 ejus
1786 1463 1986 1503 evange-

352 1529 469 1568 licae
499 1533 636 1578 atque
665 1525 950 1577 apostolicae
979 1524 1135 1575 (quam
1166 1524 1264 1575 ipse
1294 1524 1549 1574 vocitabat)
1581 1524 1840 1575 integritati
1867 1535 1988 1564 com-

352 1604 557 1651 pararet,
578 1598 732 1649 palam
755 1608 896 1636 ausus
912 1601 981 1635 est
1003 1606 1294 1646 asseverare,
1314 1595 1615 1647 pluribusque
1638 1595 1683 1635 id
1704 1594 1990 1635 firmioribus

353 1677 565 1710 astruere
588 1680 643 1708 ae
665 1667 971 1718 comprobare
994 1666 1304 1717 argumentis;
1334 1666 1639 1717 proindeque,
1671 1666 1710 1705 si
1738 1678 1828 1717 quo
1857 1666 1989 1705 tutis-

352 1741 468 1781 sime
499 1746 544 1779 et
571 1738 878 1779 saluberrime
908 1738 1053 1777 velint
1081 1737 1359 1787 confessuri,
1395 1738 1702 1777 consultaturi
1732 1737 1988 1789 quippiam,

353 1811 558 1852 audituri
580 1810 831 1850 conciones
859 1808 1104 1858 accedere,
1130 1807 1381 1849 Societatis
1400 1809 1513 1862 JEsU
1540 1809 1591 1848 T.
1615 1808 1668 1848 R.
1693 1808 1993 1848 Paternitatis

354 1883 536 1923 adirent
567 1882 796 1921 alumnos,
834 1880 960 1920 Idem
998 1880 1208 1931 coepisse
1244 1886 1287 1920 et
1317 1881 1516 1931 populus
1551 1880 1752 1932 probare
1789 1880 1989 1920 videtur.

353 1954 503 1994 Tanta
521 1964 721 2003 namque
743 1952 995 1991 multorum
1016 1951 1063 1990 in
1079 1951 1213 1991 nobis
1228 1951 1341 1991 fides
1360 1958 1403 1991 et
1423 1952 1686 2003 expectatio
1705 1951 1906 2001 videtur,
1927 1956 1991 2001 ut,

356 2026 432 2065 vel
458 2024 592 2064 nobis
615 2023 785 2074 ignoti,
810 2022 1017 2072 aegrotis
1039 2021 1052 2040 ‘²
1075 2022 1269 2074 aliisque
1291 2023 1336 2062 id
1356 2034 1505 2074 genus
1526 2023 1877 2074 urgentioribus
1899 2021 1994 2062 suis

354 2097 493 2137 rebus
514 2102 557 2135 et
579 2095 805 2146 negociis,
831 2093 888 2133 ad
910 2093 1059 2134 Deum
1084 2106 1246 2145 preces
1274 2103 1462 2134 nostras
1491 2094 1768 2145 efflagitent3
1798 2092 1843 2133 id
1871 2092 1995 2144 quod

356 2179 436 2219 per
458 2167 589 2207 vicos
610 2166 751 2217 ipsos,
775 2164 899 2204 haud
920 2171 1081 2205 nostro
1099 2165 1199 2205 sine
1222 2166 1405 2216 rubore,
1426 2164 1595 2205 accidit
1616 2177 1708 2205 non
1727 2165 1883 2204 semel.
1903 2163 1992 2204 Sed

355 2249 506 2289 neque
528 2236 760 2277 medicum
782 2236 1116 2288 peritissimum
1138 2237 1387 2287 quemdam
1416 2237 1604 2285 tacebo,
1638 2236 1736 2287 qui,
1770 2234 1996 2276 confitens

356 2308 588 2349 interdum
610 2308 734 2359 apud
755 2319 860 2357 nos,
885 2307 962 2346 ubi
983 2307 1168 2346 solitum
1191 2307 1422 2347 medicum
1444 2314 1655 2347 nostrum
1677 2307 1793 2359 (qui,
1824 2312 1867 2347 et
1896 2306 1994 2358 ipse

358 2380 572 2430 profecto
596 2379 879 2419 authoritate
901 2384 945 2418 et
966 2378 1133 2429 peritia
1164 2379 1536 2429 spectatissimus
1563 2377 1697 2429 juxta
1728 2390 1783 2418 ac
1813 2377 1994 2428 religio-

356 2462 458 2497 sus,
482 2450 598 2490 nihil
617 2462 710 2490 non
733 2450 780 2489 in
802 2455 1103 2500 augmentum
1126 2449 1319 2500 hujusce
1350 2449 1546 2501 Collegii
1576 2457 1618 2489 et
1649 2449 1896 2490 Societatis
1924 2459 1995 2487 su-

358 2528 628 2573 scepturum
649 2521 912 2572 pollicetur,
936 2520 1059 2571 quod
1081 2528 1125 2560 et
1148 2520 1351 2571 flagrare
1379 2521 1531 2572 magis
1559 2532 1699 2572 quam
1726 2531 1894 2571 cupere
1922 2519 1995 2559 de-

358 2592 654 2642 monstravit)
678 2598 927 2642 aegrotare
950 2592 1186 2642 cognovit,
1210 2592 1331 2631 ultro
1356 2604 1411 2632 ac
1432 2598 1596 2643 sponte
1619 2603 1703 2631 sua
1724 2592 1894 2631 multos
1919 2591 1993 2630 ab·

359 2664 467 2703 hinc
498 2662 724 2713 menseis,
762 2662 875 2702 nulli
907 2674 1059 2714 neque
1093 2663 1241 2702 labori
1269 2674 1418 2714 neque
1448 2663 1601 2703 itineri
1631 2663 1738 2702 licet
1767 2663 1994 2713 perlongo

360 2746 580 2786 parcens,
618 2733 957 2773 studiosissime
993 2733 1191 2774 curavit.
1222 2733 1490 2785 Reliquum,
1520 2734 1636 2773 haec
1667 2746 1720 2773 eo
1747 2733 1994 2784 pertinent,

361 2806 485 2856 quod
510 2816 659 2856 neque
688 2805 757 2844 sui
785 2804 1014 2844 Venetiae
1046 2805 1285 2856 amplioris
1313 2805 1563 2856 aliquando
1593 2817 1674 2856 spe
1703 2804 1881 2844 fructus
1912 2814 1998 2843 nos

360 2876 672 2916 frustraturae
693 2875 928 2915 videntur.
953 2873 1064 2926 Sed,
1090 2877 1204 2926 alta,
1230 2875 1324 2924 dic,
1348 2877 1447 2916 solo
1469 2887 1562 2915 non
1584 2882 1654 2915 est
1676 2882 1892 2915 extructa
1913 2874 1997 2914 Co-

363 2947 563 2987 rinthus.

416 3058 424 3077 ¹
467 3057 529 3084 Hic
546 3058 631 3084 hanc
649 3058 791 3085 inseruit
808 3058 975 3085 Polancus
991 3058 1235 3092 parenthesim:
1250 3059 1404 3092 (utinam
1423 3058 1746 3094 nonfallerenlur).

415 3106 428 3123 2
467 3106 502 3131 in
519 3106 818 3138 aegritudinibus.
837 3106 1018 3133 Polaneus.
