2168 3437
870 240 954 277 AN.
988 241 1078 279 1553
1726 245 1798 282 203

154 345 277 386 quae
307 333 384 374 hic
413 340 654 386 geruntur,
694 342 861 387 quarto
892 348 1076 389 quoque
1107 350 1266 379 mense
1298 340 1523 380 certiores
1553 339 1799 392 faciamus,

157 405 346 446 tentabo
366 405 579 457 proxime
602 407 750 458 elapsi
771 407 1128 459 quadrimestris
1149 416 1277 461 acta,
1301 423 1395 451 non
1417 411 1604 463 quidem
1626 413 1798 463 omnia,

154 475 240 516 sed
255 477 577 528 praeclariora
593 483 776 518 tantum
793 490 848 518 ac
861 480 1176 529 praestantior
1190 493 1360 533 aquam
1374 482 1651 523 brevissime
1664 484 1801 524 vobis

159 558 414 599 exponere3
439 558 640 599 qnorum
663 548 892 589 niim’rmn
920 552 1409 592 commemorationem
1437 553 1535 593 Deo
1563 553 1802 606 imprimis

157 617 314 668 laudi,
336 618 468 658 vobis
489 623 646 659 autem
668 620 978 672 caeterisque,
1006 622 1068 661 ad
1095 633 1297 673 qnorum
1325 635 1498 664 manns
1526 625 1622 665 ista
1643 620 1811 677 perse-⁷

158 692 345 739 rentur,
372 693 417 729 et
446 690 690 742 voluptati
712 696 755 731 et
783 692 845 732 czd
871 692 1108 732 virtutum
1132 705 1341 733 amorem
1362 695 1665 736 incitamento
1685 697 1802 747 fore

159 760 444 812 confidimus
469 760 493 801 ¹.

236 831 390 883 Atque
412 838 461 872 ut
482 844 507 872 a
529 832 835 874 Sacramento
866 835 1183 886 poenitentiae
1214 836 1399 876 initium
1429 848 1692 889 sumamus,
1717 851 1799 890 per

157 902 246 942 hoc
286 902 408 943 enim
442 904 645 954 gratiam
679 906 929 946 coelestem
963 907 1010 946 in
1044 907 1285 947 hominum
1320 914 1501 948 mentes
1531 910 1798 960 largissime

152 973 362 1014 derivari
384 975 670 1027 experimur,
694 976 879 1028 mulier,
910 989 1030 1029 quae
1051 978 1145 1018 iam
1172 985 1298 1018 totos
1327 985 1432 1019 octo
1461 991 1610 1020 annos
1639 981 1798 1022 mariti

156 1045 394 1085 consortio
412 1057 466 1085 ac
485 1047 791 1087 contubernio
810 1053 1042 1099 caruerat,
1059 1060 1232 1100 eosque
1250 1050 1521 1101 turpissime
1539 1063 1623 1102 per
1639 1052 1800 1092 luxum

155 1115 203 1155 in
223 1116 481 1167 prostibulo
513 1125 892 1170 consumpserat,
924 1125 1030 1170 post
1060 1126 1238 1161 retecta
1270 1121 1393 1172 apud
1423 1133 1509 1161 nos
1545 1122 1593 1162 in
1623 1123 1801 1163 confes-

156 1186 287 1227 sione
320 1193 538 1239 peccata,
576 1188 713 1229 huius
748 1189 1043 1231 Sacramenti
1078 1191 1249 1232 virtute
1285 1192 1453 1232 marito
1491 1199 1561 1233 est
1595 1195 1800 1234 reconci-

157 1258 288 1308 liata,
322 1270 412 1310 quo
443 1259 655 1300 similiter
685 1272 769 1312 per
799 1261 1143 1302 confessionem
1173 1264 1440 1314 emundato,
1474 1264 1743 1305 intermissa
1773 1278 1800 1305 a

156 1334 225 1369 tot
246 1330 382 1370 annis
403 1330 525 1370 inter
545 1342 625 1371 eos
646 1343 837 1372 mensae
859 1332 1118 1385 domusque
1136 1335 1498 1375 communicatio
1522 1348 1578 1376 ac
1600 1337 1801 1377 societas

158 1401 472 1441 concordibus
493 1403 710 1454 utrinque
735 1403 902 1444 animis
924 1410 995 1444 est
1024 1406 1236 1456 repetita.
1262 1405 1359 1446 Nec
1385 1407 1538 1447 minus
1562 1408 1610 1447 in
1638 1408 1801 1448 eodem

154 1470 462 1512 Sacramento
484 1473 676 1524 presidii
698 1481 919 1526 expertus
940 1482 1010 1516 est
1030 1476 1104 1516 Vir
1130 1477 1339 1528 quidam,
1366 1478 1441 1528 qui
1469 1490 1495 1518 a
1524 1480 1668 1519 multo
1691 1488 1799 1520 tem-

155 1553 268 1593 pore
300 1543 357 1583 ab
388 1543 478 1583 hoc
508 1544 610 1595 ipso
643 1556 692 1584 se
723 1546 1035 1597 alienaverat3
1067 1559 1177 1587 nam
1211 1560 1268 1587 ex
1303 1548 1599 1589 confessione
1635 1549 1800 1591 fortior

154 1613 307 1654 factus
330 1615 525 1655 iniurias
547 1627 730 1667 ornnes,
763 1629 882 1669 quae
904 1623 948 1657 et
974 1618 1201 1669 plurimae
1237 1626 1281 1659 et
1308 1621 1622 1671 gravissimae
1650 1628 1797 1672 erant,

154 1684 231 1734 iis,
258 1685 335 1736 qui
357 1685 460 1726 illas
489 1686 576 1726 sibi
608 1687 894 1738 intulissent,
919 1701 977 1729 ex
1005 1689 1160 1729 animo
1191 1690 1384 1730 remisit.
1418 1690 1522 1731 Duo
1554 1699 1806 1743 praeterea

154 1767 260 1796 cum
280 1755 417 1796 huius
440 1759 724 1798 sacramenti
746 1759 1194 1811 frequentationem,
1225 1761 1385 1802 nescio
1418 1773 1509 1813 qua
1538 1763 1719 1803 incuria
1742 1775 1797 1804 ac

154 1827 464 1878 negligentia,
503 1828 790 1881 omisissent,
828 1842 883 1870 ac
915 1831 1021 1871 inde
1058 1832 1105 1871 in
1138 1831 1411 1873 foedissima
1442 1845 1654 1885 quaeque
1687 1835 1799 1875 vitia

152 1898 361 1950 prolapsi
396 1905 573 1949 essent,
611 1901 900 1953 puderetque
936 1914 1018 1942 seu
1049 1902 1230 1954 pigeret
1264 1904 1512 1955 pristinam
1549 1905 1799 1946 confitendi

152 1969 541 2010 consuetudinem
563 1982 820 2023 resumere,
845 1972 1034 2013 tandem
1056 1985 1162 2014 cum
1184 1986 1211 2014 a
1233 1986 1282 2014 se
1304 1974 1317 1992 ‘²
1338 1981 1387 2014 ut
1409 1975 1533 2026 apud
1554 1988 1638 2016 nos
1660 1977 1797 2017 confi-

155 2046 366 2080 terentur
403 2041 755 2093 impetrassent,
798 2043 863 2083 ita
903 2052 1009 2084 sunt
1048 2045 1098 2084 vi
1136 2046 1421 2086 sacramenti
1457 2046 1719 2087 confirmati
1753 2057 1799 2087 ut

161 2111 352 2162 antiquo
373 2123 503 2152 more
531 2113 741 2154 confiteri
770 2114 816 2154 in
847 2114 969 2155 hunc
1000 2127 1146 2166 usque
1176 2116 1297 2156 diem
1328 2127 1432 2157 cnm
1460 2118 1673 2158 maximo
1702 2119 1800 2158 am'-

157 2192 348 2222 mariun
382 2195 584 2223 suarum
620 2185 870 2236 spirituali
898 2187 1123 2237 prosectu
1159 2195 1477 2239 perseverent.
1511 2188 1602 2230 Sed
1633 2196 1677 2230 et
1712 2190 1800 2230 duo

160 2252 260 2303 alii,
293 2254 371 2304 qui
404 2253 584 2305 aliquot
619 2267 775 2296 annos
803 2256 816 2273 ⁵
847 2263 979 2297 tanto
1015 2258 1251 2308 praesidio
1283 2266 1560 2310 caruerant,
1597 2260 1800 2300 confessi

158 2330 267 2363 sunt
296 2336 389 2364 non
424 2325 523 2365 sine
557 2328 800 2378 proposito
837 2328 1038 2380 idipsum
1074 2330 1283 2370 crebrius
1318 2330 1366 2370 in
1399 2337 1640 2382 posterum
1670 2331 1800 2372 facti-

159 2395 309 2445 tandi,
334 2407 532 2446 quorum
553 2397 697 2436 ztm'us
718 2396 732 2415 ⁴
752 2410 872 2438 uxor
894 2411 1077 2451 quoque
1100 2412 1154 2440 ac
1176 2400 1269 2440 filia
1290 2401 1385 2441 iam
1405 2401 1480 2441 hic
1503 2402 1645 2442 etiam
1668 2402 1770 2442 eins
1788 2401 1801 2420 ⁵

160 2467 375 2516 exemplo
398 2466 642 2507 confessae
663 2475 785 2509 sunt,
809 2469 986 2510 Audita
1008 2477 1077 2511 est
1109 2472 1250 2511 etiam
1278 2473 1526 2523 opulentae
1548 2473 1801 2513 admodum

161 2542 404 2577 matronae
439 2537 692 2588 confessio,
724 2551 844 2590 quae
881 2552 986 2581 curn
1020 2542 1119 2581 ruri
1154 2549 1338 2593 ageret,
1373 2554 1632 2583 conscenso
1665 2555 1798 2595 equo,

161 2619 256 2646 non
288 2608 380 2647 alia
412 2609 468 2648 de
502 2620 646 2649 causa
682 2610 742 2650 ad
775 2622 861 2651 nos
896 2611 1163 2663 advolarat3
1202 2619 1363 2665 estque
1398 2625 1591 2654 reversa
1627 2615 1798 2666 animo,

220 2813 226 2831 ¹
270 2813 363 2847 Quae
380 2815 504 2843 italicis
520 2816 772 2851 descripsimus,
789 2825 809 2844 a
825 2818 970 2846 Polanco
986 2827 1171 2854 suppressa
1187 2824 1274 2847 sunt.

217 2862 229 2879 “-’
267 2861 332 2895 Ita;
357 2863 414 2889 sed
443 2864 568 2891 clarius
593 2864 678 2891 haec
703 2865 776 2899 ipsa
800 2867 952 2899 reperies
974 2868 1063 2901 apud
1086 2867 1281 2901 Polancum‚
1308 2867 1513 2900 Clzronz'con,
1534 2873 1556 2896 t.
1573 2876 1619 2903 111,
1644 2878 1697 2898 an.
1722 2871 1800 2902 1553.

170 2916 248 2943 pag.
264 2909 324 2943 110,
341 2918 370 2937 n.
386 2910 452 2938 207.

218 2957 231 2974 ⁵
271 2958 450 2991 integrum
467 2960 665 2988 triennium
681 2962 869 2996 scripserat
886 2962 1070 2990 Fontanus.

220 3004 232 3023 4
270 3004 432 3033 alterius.
450 3006 633 3035 Fontanus.

218 3050 232 3069 2⁵
271 3053 396 3079 simili.
417 3053 603 3082 Fontanus.
