2168 3437
905 222 985 259 Ax.
1018 222 1109 261 1553
1755 226 1826 263 223

909 686 1088 740 CCXI

251 910 411 946 Petrus
434 909 548 954 Diffi,

299 974 371 1011 Ex
389 973 708 1011 commissione
728 974 874 1011 Patris
894 974 1056 1011 Leonis
1078 974 1310 1021 Enriquez,

348 1040 469 1077 Patri
487 1040 654 1087 Ignatio
675 1039 728 1076 de
748 1039 932 1087 Loyola.

395 1105 693 1144 conimbrica,
715 1105 761 1142 ‘26
780 1104 947 1152 Aprilis
969 1105 1061 1142 1553
1080 1106 1104 1140 ¹.

954 1356 1052 1432 nis

258 1598 528 1639 Admodum
550 1599 647 1639 R.de
672 1600 717 1639 in
739 1599 926 1640 Christo
948 1599 1101 1640 Pater.

255 1669 420 1710 Gratia
452 1676 497 1710 et
527 1682 658 1710 amor
689 1669 879 1710 Domini
909 1671 1057 1711 nostri
1087 1671 1196 1724 Jesu
1230 1671 1403 1712 Christi
1435 1673 1526 1713 sint
1557 1686 1741 1726 semper
1772 1674 1816 1713 in

177 1741 400 1782 cordibus
419 1741 609 1782 nostris.
634 1741 802 1782 Amen.

253 1812 370 1853 Cum
392 1811 522 1864 jussa
554 1819 662 1853 tuae
683 1812 732 1852 P.
756 1814 1098 1854 contemnenda
1128 1827 1220 1855 non
1251 1816 1367 1865 sint,
1406 1816 1670 1868 certiorque
1705 1817 1817 1857 mihi

171 1884 368 1934 proinde
388 1884 452 1924 sis
472 1884 713 1924 faciendus
734 1896 896 1924 eorum
923 1885 1152 1937 omnium,
1183 1898 1301 1938 quae
1323 1893 1420 1927 toto
1443 1888 1531 1927 hoc
1554 1888 1813 1939 quadrime-

173 1955 257 1994 stri
278 1955 431 2006 spatio
453 1955 525 1995 his
548 1955 595 1995 in
614 1956 730 1996 locis
751 1962 885 2006 gesta
908 1963 1036 2007 sunt,
1062 1963 1169 1997 ante
1191 1958 1347 1998 omnia
1365 1970 1414 1998 se
1432 1958 1566 1998 offert
1583 1959 1812 2009 doctrina,

172 2036 334 2076 quam,
358 2025 465 2067 inde
487 2039 514 2067 a
546 2026 794 2079 Januario,
820 2028 1012 2068 castella
1045 2028 1232 2080 vicique
1261 2030 1369 2069 huic
1402 2030 1584 2070 civitati
1612 2031 1816 2081 proximi

172 2103 278 2137 sunt
308 2097 473 2138 edocti.
505 2097 605 2149 Qua
634 2110 683 2138 re
715 2111 808 2138 non
838 2110 1005 2150 parum
1028 2100 1196 2140 animis
1226 2112 1390 2141 eorum
1421 2101 1662 2141 hominum
1694 2113 1815 2141 com-

172 2168 413 2209 modatum
451 2175 544 2209 est:
588 2169 791 2209 maxime
830 2170 1036 2221 puerulis
1076 2171 1340 2212 rudimenta
1381 2172 1668 2212 christianae
1707 2171 1815 2212 fidei

168 2239 501 2291 perdocendis‚
526 2241 650 2292 quod
686 2253 799 2292 prae
827 2241 1026 2281 caeteris
1066 2241 1254 2282 Patrem
1291 2249 1504 2283 nostrum
1535 2243 1812 2284 Emmanue-

172 2312 263 2350 lem
284 2310 520 2351 Godinum
541 2311 600 2352 ad
621 2312 667 2352 id
683 2311 938 2362 jubendum
965 2314 1248 2364 perpulerat.
1283 2313 1438 2365 Atque
1464 2315 1695 2366 principio
1718 2315 1812 2366 qui-

171 2381 278 2421 dem
295 2381 560 2433 quindecim
577 2388 656 2422 aut
672 2383 911 2423 sexdecim
932 2383 1154 2424 fratribus
1175 2385 1222 2425 id
1244 2385 1382 2425 officii
1404 2386 1706 2425 commissum
1723 2392 1806 2425 est.

171 2452 262 2493 Sed
279 2465 375 2493 non
391 2454 535 2493 multo
548 2460 668 2504 post,
683 2466 785 2494 cum
804 2455 994 2506 negotia
1014 2457 1238 2496 nonnulla
1255 2457 1526 2507 existerent,
1546 2456 1814 2496 necessario

115 2559 117 2562 .
173 2524 262 2564 illis
293 2524 637 2564 occurrendum
656 2524 763 2574 fuit3
792 2526 937 2566 nihilo
958 2532 1116 2566 tamen
1138 2527 1292 2567 secius
1322 2539 1405 2568 sex
1435 2534 1675 2578 septemve
1706 2527 1814 2567 hac-

174 2601 308 2635 tenus
349 2595 396 2635 in
426 2607 481 2635 eo
516 2596 837 2646 perstiterunt.
870 2597 1031 2649 Itaque
1066 2610 1124 2638 ex
1164 2599 1368 2650 quodam
1401 2598 1578 2648 viculo,
1618 2598 1725 2638 licet
1762 2598 1815 2637 24

171 2666 336 2706 stadiis
364 2666 447 2707 abs
477 2666 668 2706 civitate
695 2667 855 2718 distet,
888 2668 1085 2719 singulis
1115 2668 1421 2710 hebdomadis
1450 2669 1668 2721 copiosus
1698 2669 1813 2710 satis

167 2748 423 2788 puerorum
443 2750 686 2789 numerus,
711 2750 804 2779 una
827 2751 932 2779 cum
954 2740 1056 2780 aliis
1073 2740 1171 2792 jam
1192 2741 1340 2781 virilis
1371 2740 1560 2790 aetatis,
1593 2740 1685 2781 huc
1711 2753 1813 2793 pro-

224 2896 234 2916 ¹
274 2897 540 2932 Autographum
553 2898 586 2925 in
602 2897 726 2933 duplici
742 2898 821 2925 folio
836 2906 890 2926 nn.
905 2899 958 2926 606
972 2904 1005 2928 et
1025 2900 1087 2927 609.
1104 2900 1236 2927 Auctor
1251 2900 1382 2927 nonnisi
1400 2907 1520 2927 nomen
1542 2900 1673 2927 Petrus
1686 2901 1739 2928 his
1755 2902 1809 2928 lit-

171 2943 255 2970 teris
269 2945 486 2979 subscripsit3
505 2953 564 2973 eas
586 2950 702 2973 tamen
715 2946 815 2973 Petro
837 2946 919 2974 Diez
933 2954 993 2975 seu
1007 2947 1092 2975 Diaz
1108 2948 1305 2975 adscribere
1330 2948 1504 2981 audemus,
1531 2948 1625 2982 quia,
1642 2952 1678 2975 ut
1696 2949 1812 2976 videre

171 2993 223 3017 est
237 2990 270 3017 in
284 2990 451 3026 POLANco,
469 2993 673 3025 Clzronz'con,
688 2997 712 3020 t.
728 2999 765 3027 11,
781 3000 857 3028 pag.
871 2994 924 3021 698
939 2998 972 3022 et
986 2994 1049 3029 702,
1062 2995 1139 3022 huic
1156 2995 1256 3021 Petro
1273 2994 1356 3022 Diaz
1371 2995 1405 3021 in
1421 2994 1686 3022 Conimbricensi
1704 2995 1812 3023 Colle-

168 3036 227 3070 gio
243 3037 379 3073 degenti
394 3039 582 3075 injunctum
597 3044 672 3068 erat
689 3043 725 3066 ut
742 3039 884 3068 Romam
899 3041 938 3068 de
954 3042 1054 3069 rebus
1077 3042 1312 3076 Portugalliae
1334 3042 1503 3069 scribendi
1525 3049 1643 3069 curam
1664 3046 1812 3077 gereret.
