2168 3437
397 225 467 262 692
911 222 1139 259 LITTERAE
1167 232 1526 265 QUADRIMEsTREs

398 323 550 363 minus
579 332 702 360 anno
732 320 822 360 illis
853 320 900 360 in
929 319 1175 360 dialectica
1208 320 1388 360 versati
1415 320 1528 371 sint,
1560 326 1742 360 tantum
1773 326 1930 360 tamen
1961 332 2041 361 eos

399 392 612 433 doctrina
647 396 872 442 superant
899 396 947 431 ut
976 396 1257 442 praeceptor
1286 391 1487 442 plurima
1510 403 1565 431 ac
1595 391 1799 431 difficilia
1829 403 2041 443 quaeque

398 463 571 503 tuenda
593 462 659 502 eis
682 462 958 502 committat.
994 461 1124 513 Quae
1145 462 1210 502 illi
1232 474 1338 502 cum
1359 474 1531 514 magno
1554 462 1601 502 in
1621 474 1671 502 re
1693 462 1905 502 literaria
1938 475 2040 514 pro-

398 534 522 574 fectu
544 540 589 573 et
611 545 718 573 cum
746 534 955 573 omnium
981 533 1307 574 aedificatione
1340 534 1421 582 (ob
1453 533 1577 586 quod
1604 533 1705 573 Deo
1737 534 1920 585 gratias
1947 534 2041 585 agi-

400 605 524 655 mus)
561 610 869 656 exequuntur.
911 604 1249 645 Conclusiones
1283 605 1353 645 bis
1388 604 1586 655 singulis
1621 604 1929 645 hebdomadis
1963 617 2042 657 pu-

399 677 517 717 blice
555 675 758 716 tuentur.
802 675 981 716 Diebus
1018 676 1222 728 primum
1256 676 1516 716 sabbatinis
1552 676 1599 716 in
1639 675 1847 727 Collegio
1883 676 2041 727 Regis,

399 747 646 788 dominicis
684 759 799 787 vero
838 748 1161 798 pomeridiano
1202 754 1412 799 tempore
1451 747 1498 787 in
1538 753 1728 787 nostro:
1775 747 1848 788 his
1888 754 2044 788 autem

399 819 779 859 conclusionibus
818 819 1195 871 quotidianisque
1235 824 1481 870 praeterea
1521 818 1916 870 disputationibus
1954 818 2043 859 fra-

399 896 470 931 ter
490 890 696 942 quidam,
719 890 973 931 Alfonseca
995 891 1197 941 nomine,
1218 891 1297 942 qui
1318 890 1442 930 idem
1463 890 1530 930 eis
1551 890 1776 941 Logicem
1798 890 2043 942 praelegit,

400 974 506 1002 cum
532 973 706 1013 magno
735 961 978 1002 doctrinae
1013 962 1326 1012 incremento,
1364 967 1565 1013 praeest.
1600 961 1676 1002 Ad
1712 972 1829 1013 quas
1860 961 2046 1013 quidem

400 1033 727 1074 conclusiones
748 1033 880 1073 multi
902 1045 961 1073 ex
987 1033 1195 1073 externis
1224 1033 1540 1084 scholasticis,
1572 1033 1653 1085 qui
1679 1038 1725 1073 et
1751 1032 1798 1072 in
1825 1033 1971 1073 literis
2001 1039 2046 1073 et

399 1106 445 1145 in
466 1116 649 1145 morum
671 1105 983 1145 sanctimonia
1006 1103 1209 1156 majores
1231 1110 1395 1157 optant
1416 1116 1698 1156 progressus
1719 1104 1891 1155 facere,
1916 1116 2046 1144 acce-

400 1177 533 1227 dunt;
558 1176 724 1228 quibus
751 1177 997 1228 absolutis,
1022 1183 1183 1217 nostro
1212 1177 1259 1216 in
1287 1177 1460 1217 sacello
1484 1176 1772 1216 christianae
1804 1176 2047 1216 doctrinae

400 1248 648 1288 lectionem
670 1248 881 1288 audiunt.

479 1319 551 1359 Ex
572 1320 749 1360 nostris
771 1319 1028 1359 dialecticis
1050 1318 1267 1359 undecim
1284 1319 1393 1369 (alio
1416 1319 1586 1370 athC,
1612 1318 1736 1370 quod
1757 1323 2043 1369 aegrotaret,

400 1391 525 1431 domi
559 1390 853 1441 remanente)
881 1391 1066 1442 publice
1101 1391 1148 1430 in
1179 1390 1498 1431 Universitate
1527 1389 1586 1429 ad
1613 1389 2046 1430 Bacchalaureatus

398 1462 600 1514 gradum
635 1462 987 1514 suscipiendum
1022 1462 1280 1502 examinati
1309 1467 1430 1502 sunt.
1463 1461 1551 1513 Qui
1581 1473 1687 1502 cum
1717 1461 2045 1501 examinatori-

399 1534 485 1574 bus
513 1546 609 1574 non
642 1545 811 1586 parum
837 1534 1147 1586 placuissent,
1182 1533 1368 1585 iamque
1402 1533 1493 1573 illis
1519 1532 1697 1584 gradus
1729 1539 1851 1573 esset
1883 1543 2045 1572 conce-

398 1605 598 1655 dendus,
629 1605 929 1657 venissetque
960 1605 1019 1645 ad
1046 1605 1149 1645 illos
1177 1605 1333 1644 scriba
1368 1610 1418 1644 ut
1447 1604 1635 1644 solitum
1662 1604 1792 1656 prius
1818 1604 2043 1644 iusiuran-

399 1677 509 1717 dum
531 1676 815 1727 emitterent,
840 1676 1011 1727 gradui
1033 1675 1345 1716 obedientiam
1366 1674 1711 1727 praeferentes,
1744 1675 1791 1715 id
1811 1675 1948 1715 facile
1978 1687 2045 1715 re-

400 1754 644 1799 cusarunt,
675 1758 943 1799 magnaque
972 1759 1077 1787 cum
1107 1747 1314 1787 omnium
1341 1746 1668 1787 aedificatione
1698 1757 1768 1795 se,
1798 1746 1888 1786 nisi
1914 1746 2045 1798 prius

398 1819 587 1859 Patrem
621 1831 677 1859 ea
712 1818 768 1859 de
801 1831 852 1859 re
888 1820 1208 1870 consulerent,
1247 1819 1487 1859 iuraturos
1520 1824 1769 1869 negarunt.
1813 1817 2044 1858 Postridie

397 1902 511 1931 vero
541 1890 639 1942 ejus
671 1890 782 1939 diei,
815 1896 914 1930 tum
948 1890 1284 1930 Universitatis
1320 1889 1508 1939 Rector,
1547 1896 1646 1930 tum
1677 1889 2041 1938 examinatores,

397 1968 495 2002 tum
522 1962 620 2013 alii,
645 1962 722 2014 qui
745 1960 842 2013 ejus
864 1962 931 2002 rei
952 1973 1115 2002 curam
1135 1961 1385 2013 gerebant,
1407 1960 1630 2012 gradum,
1656 1961 1695 2000 si
1712 1960 1927 2012 accipere
1949 1961 2042 2000 vel-

397 2035 513 2083 lent,
539 2034 763 2085 privatim
784 2045 833 2073 se
856 2045 1164 2073 concessuros
1185 2044 1269 2085 per
1294 2033 1508 2073 nuntium
1530 2032 1725 2084 polliciti
1746 2038 1868 2072 sunt.

477 2105 608 2146 Unus
631 2117 688 2145 ex
710 2105 804 2156 his,
829 2105 909 2157 qui
930 2105 1077 2145 literis
1098 2110 1271 2144 vacant
1298 2104 1676 2155 humanioribus,
1710 2103 1932 2144 Nicolaus
1965 2115 2043 2143 no-

398 2176 540 2224 mine,
566 2177 613 2216 in
640 2175 850 2227 Collegio
878 2176 1022 2227 Regis
1052 2176 1235 2227 publice
1264 2187 1346 2227 per
1374 2175 1520 2215 horae
1555 2175 1780 2226 spatium,
1814 2175 2041 2215 intermis-

396 2249 460 2288 sis
495 2248 555 2288 ad
595 2248 640 2288 id
678 2248 979 2298 lectionibus,
1022 2259 1196 2299 magno
1238 2247 1505 2288 auditorum
1544 2259 1740 2288 numero
1775 2258 2042 2299 magnaque

397 2320 605 2360 omnium
623 2319 962 2371 approbatione
986 2319 1249 2359 orationem
1271 2319 1447 2359 habuit.

477 2390 606 2441 Quae
637 2391 722 2441 ita,
755 2391 1034 2441 praesertim
1070 2390 1468 2442 gymnasiarchae
1505 2391 1700 2442 aliisque
1727 2389 2041 2442 praeceptori-

396 2462 481 2502 bus
502 2462 699 2513 placuit,
723 2468 773 2502 ut
797 2474 960 2502 eorum
990 2473 1110 2501 unus
1141 2462 1203 2501 ibi
1229 2462 1413 2513 publice
1444 2463 1539 2502 alta
1569 2474 1687 2502 voce
1718 2473 1837 2514 quae
1867 2461 1914 2501 in
1946 2472 2040 2500 ma-

392 2543 535 2583 gnam
566 2533 712 2584 ipsius
744 2533 930 2573 laudem
962 2539 1215 2584 vergerent
1247 2532 1433 2573 dixerit.
1467 2532 1636 2573 Postea
1670 2538 1715 2573 et
1745 2532 2040 2584 gymnasiar-

392 2603 480 2643 cha
517 2610 560 2644 et
596 2610 955 2656 praeceptores,
994 2604 1204 2643 nonnulli
1235 2604 1376 2644 etiam
1409 2604 1681 2644 scholastici
1717 2615 1771 2643 ac
1804 2603 2037 2654 monachi,

391 2676 619 2715 orationis
641 2675 728 2715 sibi
750 2676 994 2726 exemplar
1017 2674 1365 2715 accommodari
1387 2676 1501 2715 satis
1526 2675 1883 2715 contenderunt.

468 2746 542 2786 Ad
566 2747 838 2797 conciones,
870 2758 989 2798 quae
1019 2747 1065 2786 in
1096 2752 1258 2786 nostro
1290 2747 1463 2786 sacello
1495 2747 1658 2787 diebus
1690 2758 1875 2798 semper
1897 2745 2039 2786 domi-

388 2817 504 2857 nicis
527 2829 582 2857 ac
603 2817 786 2858 festivis
808 2819 1060 2868 habentur,
1086 2818 1145 2857 ad
1167 2818 1453 2857 christianae
1485 2818 1627 2858 etiam
1656 2817 1922 2868 doctrinae,
1947 2817 2037 2857 die—

387 2888 472 2927 bus
500 2889 609 2928 item
640 2888 908 2939 dominicis,
943 2889 1265 2940 pomeridiano
1298 2895 1530 2940 tempore,
1562 2888 1930 2939 praelectionem
1959 2899 2036 2928 au-

385 2958 610 2999 dientium
630 2971 875 3010 numerus,
900 2966 1126 3011 quantum
1153 2966 1365 2999 nostrum
1395 2961 1619 3000 sacellum
1646 2960 1794 3011 capit,
1828 2959 2034 2999 confluit.

387 3028 611 3081 Multique
634 3037 741 3070 sunt
763 3031 840 3083 qui
864 3031 910 3071 id
932 3031 979 3071 in
1000 3031 1122 3071 votis
1145 3031 1349 3070 habeant
1370 3037 1419 3070 ut
1441 3031 1566 3071 aliud
1597 3031 1749 3072 denuo
1771 3031 1859 3070 hoc
1882 3028 2032 3080 majus
