2168 3437
856 259 938 296 Ax.
970 258 1063 295 1553
1709 257 1779 295 385

140 359 330 410 aliquae
359 358 521 398 eodem
550 357 835 408 aspirantes:
868 356 1060 396 iuvenes
1090 355 1200 395 item
1227 354 1326 403 alii,
1355 354 1566 394 nonnulli
1594 354 1702 394 olim
1732 355 1777 393 in

143 430 316 481 templo
354 435 515 468 nostro
548 427 851 469 Sacramenta
891 426 1261 478 frequentantes,
1305 437 1501 477 quorum
1540 437 1659 465 unus
1699 433 1777 465 aut

146 502 264 541 alter
292 500 530 540 subierunt
557 499 651 539 iam
677 498 973 549 religionem,
1005 497 1082 538 alii
1109 505 1153 537 et
1180 496 1269 548 ipsi
1304 502 1610 547 opportunam
1648 507 1777 547 prae-

147 572 377 612 stolantur
399 570 744 618 admissionem,
768 574 1126 620 perseverantes
1146 568 1333 607 interim
1355 568 1401 607 in
1420 578 1554 607 sacra
1578 578 1778 607 commu-

148 642 300 682 nione.

227 712 298 752 De
320 711 621 752 concionibus
643 711 933 761 caeterisque
961 708 1355 758 confessionibus,
1385 716 1428 749 et
1459 709 1497 749 si
1516 709 1635 749 forte
1655 709 1780 759 frigi-

148 784 323 833 diores,
348 783 387 822 si
407 783 585 833 reliqua
607 781 815 831 Collegia
837 787 1015 832 spectet
1042 780 1090 820 P.
1120 779 1198 829 T.,
1230 780 1353 819 haud
1383 779 1686 830 infrugiferae
1718 786 1779 819 ta—

147 866 252 894 men
278 865 363 893 nec
400 853 588 893 otiosae.
627 851 887 892 Conciones
915 851 1101 902 quidem
1130 862 1309 902 paucae
1339 851 1466 900 illae,
1499 862 1617 902 quae
1650 858 1783 890 extra

147 931 358 965 nostrum
380 925 600 975 templum
623 923 746 974 apud
768 922 981 962 diversas
1002 921 1262 962 monachas
1287 921 1295 940 ¹
1317 921 1472 961 factae
1501 928 1627 971 sunt,
1651 933 1781 972 prae-

146 1002 216 1036 ter
246 1002 455 1042 caetera,
489 997 578 1034 hoc
606 1005 755 1045 neque
785 993 1053 1045 poenitendi
1081 992 1261 1032 fructus
1293 993 1567 1041 retulerunt,
1600 1004 1780 1043 nempe,

148 1078 252 1106 cum
273 1066 441 1106 nobilis
464 1064 693 1116 quaedam
715 1076 770 1104 ac
791 1064 983 1104 illustris
1009 1063 1211 1103 foemina
1243 1063 1507 1108 interesset,
1542 1074 1660 1113 quae
1689 1062 1781 1113 jam

148 1142 378 1177 statuerat
417 1148 576 1176 secum
610 1141 803 1187 eratque
841 1135 1048 1186 pollicita
1082 1135 1419 1186 pauperculum
1453 1134 1611 1173 nescio
1649 1146 1786 1184 quem

150 1207 338 1259 ejusque
360 1208 561 1259 quinque
583 1212 662 1246 aut
685 1218 768 1246 sex
788 1205 906 1246 filios
927 1206 1115 1255 vestire,
1141 1205 1602 1256 comperendinasset
1632 1212 1786 1245 autem

152 1280 198 1319 in
220 1290 324 1319 eum
345 1290 490 1329 usque
512 1278 648 1327 diem,
672 1277 872 1317 necdum
894 1282 1171 1328 conceptum
1201 1287 1318 1327 opus
1347 1276 1519 1316 bonum
1540 1276 1786 1315 videbatur

152 1349 340 1389 omnino
366 1357 415 1388 ut
443 1354 704 1400 praestaret
742 1359 798 1388 ac
830 1347 1074 1399 perficeret
1106 1359 1193 1387 nec
1227 1353 1358 1386 tanta
1394 1358 1653 1398 pauperum
1685 1358 1787 1397 ege-

152 1427 273 1460 state
292 1432 456 1471 neque,
491 1432 547 1459 ex
569 1419 727 1459 divino
749 1418 986 1469 instinctu,
1010 1418 1533 1458 conscientiae‘stimulo
1556 1418 1784 1469 compelli,

153 1499 265 1532 tunc
292 1492 478 1531 demum
507 1497 631 1531 certe
662 1491 808 1540 victa,
842 1501 1035 1530 reversa
1065 1489 1253 1529 domum
1288 1501 1397 1529 mox
1426 1501 1452 1528 a
1482 1489 1728 1538 concione,
1762 1501 1787 1528 a

155 1563 308 1615 capite
343 1563 401 1602 ad
432 1563 602 1602 calceis
633 1562 769 1602 novis
790 1562 1101 1614 pauperculos
1123 1561 1311 1601 CHRISTI
1332 1561 1480 1600 induit
1501 1560 1790 1600 vestimentis

156 1645 242 1674 nec
275 1645 369 1673 non
404 1640 448 1672 et
482 1633 680 1672 caeteris
716 1644 878 1672 eorum
912 1632 1095 1672 abunde
1123 1631 1404 1671 necessariis
1431 1631 1649 1682 providit.
1682 1630 1788 1670 Alia

152 1705 283 1755 item,
306 1703 540 1755 impudica
564 1710 670 1743 ante
692 1703 770 1743 diu
796 1702 974 1753 mulier,
1004 1691 1189 1742 illarum
1216 1714 1309 1742 una
1337 1709 1429 1751 est,
1464 1702 1785 1751 concionibus,

157 1775 317 1815 divina
338 1775 593 1826 opitulante
614 1774 785 1825 gratia,
810 1773 869 1813 ad
891 1774 1128 1814 Christum
1150 1784 1393 1814 conversa.

229 1845 489 1886 Monachae
511 1857 623 1885 vero
646 1845 796 1896 ipsae,
827 1856 964 1896 quern
995 1845 1287 1896 perceperint
1315 1844 1517 1889 fructum
1547 1844 1789 1885 declarare

153 1917 267 1956 satis
299 1916 450 1957 videri
476 1922 693 1967 possunt,
724 1927 829 1955 cum
860 1915 1271 1966 efflagitationibus
1298 1916 1474 1966 multis,
1507 1916 1694 1967 quibus,
1718 1917 1789 1956 sin

145 1987 449 2040 *quotidianas
471 1993 549 2027 aut
570 1986 983 2037 hebdomadarias,
1007 1987 1145 2026 liceat
1165 1988 1331 2026 saltem
1358 1988 1432 2026 vel
1454 1987 1658 2027 rariores
1679 1987 1790 2027 obti-

155 2071 265 2099 nere
288 2056 570 2110 [conciones]
594 2057 886 2109 flagitabant,
911 2064 1008 2097 tum
1030 2064 1073 2097 et
1095 2057 1370 2098 clarioribus
1392 2058 1532 2098 etiam
1555 2058 1656 2098 aliis
1677 2058 1789 2098 indi-

158 2130 256 2180 ciis,
282 2129 446 2181 quibus
469 2128 767 2181 supersedeo.

236 2201 508 2241 Lectionum
527 2212 655 2251 vero,
680 2211 797 2252 quas
818 2200 943 2240 domi
968 2200 1195 2240 hactenus
1226 2199 1339 2240 facit
1372 2199 1421 2239 P.
1453 2200 1627 2240 Caesar
1650 2199 1678 2250 ²,
1711 2201 1792 2241 vix

157 2272 249 2311 ulla
268 2271 372 2311 visa
403 2279 492 2321 est,
526 2283 618 2323 qua
650 2283 745 2311 non
772 2271 914 2323 aliqui
943 2271 1001 2311 ad
1030 2271 1370 2321 confessiones,
1402 2271 1461 2311 ad
1488 2270 1543 2310 de
1574 2283 1697 2311 novo
1728 2272 1791 2311 vi-

157 2342 298 2382 vendi
318 2343 528 2382 instituto
550 2343 941 2382 consultationem
962 2343 1053 2382 sint
1074 2342 1242 2383 allecti.

240 2413 481 2454 Confessio
509 2419 664 2453 autem
691 2413 807 2453 bene
834 2414 979 2454 multa
1006 2414 1166 2454 varios
1195 2414 1355 2454 habuit
1382 2414 1583 2464 fructus3
1613 2425 1723 2454 nam
1751 2419 1796 2453 et

158 2485 408 2524 multorum
449 2483 662 2535 (triginta
697 2483 914 2525 videlicet
943 2491 988 2525 et
1016 2485 1345 2536 complurium>
1380 2496 1608 2524 annorum
1638 2496 1692 2524 ac
1719 2495 1792 2535 ge-

157 2556 340 2595 nerales
358 2556 529 2595 multae
546 2562 819 2595 numeratae
835 2562 942 2596 sunt
960 2556 1297 2605 confessiones3
1320 2557 1402 2596 sed
1419 2567 1535 2607 quas
1557 2567 1797 2596 enumera·

158 2637 210 2666 re
245 2625 316 2676 (ne
350 2626 542 2676 longum
576 2625 734 2675 nimis)
767 2638 958 2666 necesse
992 2638 1085 2667 non
1119 2627 1319 2667 videtur.
1356 2626 1563 2667 Fuerunt
1599 2627 1721 2666 enim
1755 2633 1799 2666 et

161 2697 290 2748 ipsae
312 2697 635 2748 perdiversae,
660 2697 762 2737 aliis
783 2697 1011 2749 siquidem
1032 2697 1277 2738 diuturnae
1307 2709 1360 2738 ac
1388 2698 1678 2738 inveteratae
1703 2697 1800 2749 jam

159 2768 431 2808 inimicitiae
448 2774 555 2808 sunt
572 2768 904 2809 reconciliatae
922 2769 1119 2821 illaeque
1141 2769 1427 2821 peracerbae
1453 2775 1593 2820 atque
1621 2769 1680 2809 ad
1704 2781 1799 2809 mu-

158 2843 289 2878 tuam
309 2850 455 2890 usque
477 2839 842 2879 internecionem
862 2839 1154 2891 periculosae
1172 2851 1179 2890 ;
1204 2839 1305 2879 aliis
1327 2839 1437 2879 item
1459 2838 1588 2890 odia,
1614 2846 1801 2886 conten-

219 3022 228 3041 ¹
270 3021 407 3050 diversa
425 3024 655 3050 monasterm.
673 3024 845 3051 Polaticus.

217 3070 232 3088 ⁴.»
269 3069 304 3097 P.
320 3069 448 3097 Caesar
466 3070 587 3098 Helmi.

359 3129 407 3166 T.
440 3142 479 3168 11.
1520 3141 1563 3175 25
