2168 3437
901 238 983 274 AN.
1016 236 1107 273 1553
1754 232 1828 269 303

181 338 368 388 fiducia,
389 336 514 377 omni
535 336 728 387 expulso
747 334 802 375 de
819 334 1038 374 cordibus
1055 333 1290 384 scrupulo,
1310 331 1444 384 quasi
1463 330 1678 371 certatim
1696 340 1824 380 prae-

183 409 296 449 dicti
331 407 502 448 subditi
538 406 597 447 ad
630 405 819 446 Patrem
854 404 1103 445 confitendi
1137 403 1292 455 gratia
1327 402 1489 442 venire
1524 399 1824 441 contendunt.

265 479 416 530 Quam
427 490 541 518 vero
559 483 695 528 grata
714 475 1108 527 acceptabilisque
1125 474 1172 514 in
1188 473 1401 525 praefata
1418 472 1463 513 S.
1483 472 1609 512 Petri
1630 471 1828 511 ecclesia

186 551 337 591 Patris
359 550 447 590 nri.
470 549 529 589 sit
556 547 837 600 praesentia,
861 546 933 586 his
954 546 1090 586 facile
1122 545 1280 595 colligi
1306 550 1460 596 potest
1488 543 1693 583 indiciis:
1724 553 1831 582 cum

190 635 249 662 ex
270 621 605 672 Magistrorum
620 618 827 659 eiusdem
845 617 1073 657 ecclesiae
1093 616 1357 666 sedulitate,
1377 627 1518 666 quam
1535 626 1629 654 non
1647 612 1829 665 [solum]

185 693 382 733 internis
405 691 547 731 animi
568 690 811 730 affectibus
827 699 993 728 verum
1011 687 1151 727 etiam
1169 693 1364 726 externo
1387 693 1526 737 atque
1544 685 1698 737 operis
1717 684 1831 724 satis

187 765 569 804 demonstrarunt
591 760 757 800 effectu
774 771 781 810 ;
805 758 1018 799 videntes
1035 758 1160 797 enim
1177 758 1223 797 in
1241 757 1338 797 dies
1357 768 1570 796 crescere
1586 766 1832 796 numerum

188 833 522 883 confitentium,
546 833 593 872 in
610 831 825 883 opposito
845 830 1007 870 altaris
1029 828 1314 869 venerabilis
1333 827 1619 867 sacramenti
1635 838 1759 866 nova
1778 838 1833 866 ac

188 911 462 956 sumptuosa
496 904 731 943 iusserunt
754 901 855 941 fieri
890 900 1053 940 sedilia
1085 900 1267 939 caelata
1291 904 1335 938 et
1365 899 1514 938 instar
1535 909 1725 937 mensae
1761 909 1832 938 co—

189 982 348 1028 aptata
372 976 417 1016 in
435 980 569 1026 parte
591 973 840 1022 anteriore,
862 972 908 1011 in
926 971 1107 1022 quibus,
1129 970 1344 1009 omnibus
1367 969 1614 1009 dominicis
1634 968 1832 1008 festivis-

189 1059 278 1100 que
305 1046 481 1096 diebus,
511 1044 764 1085 substratis
788 1041 1115 1094 pulcherrimis
1137 1040 1408 1080 mantilibus
1427 1072 1433 1089 ,
1456 1039 1648 1091 scyphis
1671 1050 1832 1089 argen-

188 1119 291 1167 teis,
319 1117 513 1168 aliisque
535 1116 595 1156 ad
616 1115 842 1155 maiorem
862 1114 1074 1153 internae
1091 1112 1279 1164 pietatis
1302 1110 1637 1151 excitationem
1655 1110 1835 1161 apposi-

189 1189 263 1239 tis,
288 1188 502 1229 omnibus
525 1184 976 1227 communicantibus
1005 1184 1063 1223 ab
1084 1183 1250 1223 iisdem
1271 1181 1480 1222 fabricae
1509 1181 1749 1232 magistris
1770 1181 1833 1220 vi-

191 1271 302 1300 num
325 1259 680 1299 administratur
704 1255 734 1305 ¹;
760 1256 950 1307 insuper
971 1254 1102 1294 Patri
1129 1253 1423 1294 tradiderunt
1453 1253 1612 1292 claves
1639 1252 1838 1291 sacrarii

193 1343 277 1383 pro
299 1342 386 1370 usu
408 1335 804 1378 ornamentorum,
835 1338 953 1378 quae
976 1325 1148 1366 ibidem
1168 1330 1490 1373 reservantur,
1518 1333 1656 1374 atque
1684 1323 1833 1362 taber-

194 1402 350 1442 naculi
368 1412 450 1441 seu
476 1398 741 1451 repositorii
758 1397 1056 1438 Venerabilis
1082 1395 1399 1441 Sacramenti;
1428 1394 1595 1446 quibus
1624 1393 1837 1433 omnibus

191 1485 276 1525 pro
301 1473 444 1512 lubito
467 1478 510 1511 et
531 1469 980 1511 communicantium
1001 1467 1214 1519 profectu
1232 1465 1436 1518 quotidie
1459 1465 1525 1505 uti
1546 1466 1724 1514 valeat3
1744 1470 1840 1503 tum

191 1555 373 1596 quoque
394 1542 530 1583 facile
547 1541 722 1593 percipi
745 1546 900 1592 potest
922 1551 1061 1591 quam
1081 1539 1165 1578 suit
1191 1544 1467 1589 expectatus
1496 1536 1646 1588 patris
1668 1535 1838 1576 adven-

193 1621 268 1655 tus
295 1615 342 1654 in
370 1615 460 1654 isto
482 1614 655 1665 templo
683 1624 741 1652 ex
770 1622 1023 1651 numerosa
1050 1609 1371 1649 confitentium
1400 1607 1712 1657 multitudine,
1745 1612 1842 1646 tam

193 1685 509 1726 studiosorum
532 1696 672 1736 quam
689 1683 932 1732 laicorum3
952 1681 1285 1729 studiosorum,
1305 1680 1512 1731 inquam,
1529 1679 1673 1718 multo
1693 1677 1843 1717 maior

194 1757 257 1797 ibi
271 1763 340 1796 est
356 1755 634 1807 frequentia,
655 1754 997 1794 confessionem
1008 1751 1404 1804 amplectentium,
1422 1762 1562 1802 quam
1579 1750 1626 1789 in
1643 1748 1842 1788 ecclesia

195 1827 240 1868 S.
264 1827 523 1877 Michaelis,
555 1826 662 1878 quia
680 1826 741 1866 ibi
762 1824 981 1877 specialis
1009 1823 1298 1864 studentium
1328 1821 1638 1873 congregatio
1666 1826 1709 1860 et
1738 1831 1843 1859 con-

198 1905 365 1939 ventus
384 1899 673 1949 designatur,
692 1896 814 1937 unde
836 1896 977 1936 etiam
994 1895 1236 1947 proximus
1254 1895 1385 1934 locus
1405 1892 1741 1933 coemeterium
1759 1892 1844 1931 cle-

198 1971 343 2011 ricale
370 1975 667 2020 nuncupatus
696 1974 779 2008 est.
811 1968 882 2008 Ex
913 1967 1002 2006 hac
1037 1966 1159 2006 enim
1190 1976 1356 2014 messe,
1396 1963 1555 2003 divino
1591 1963 1846 2014 opitulante

198 2041 396 2090 auxilio,
440 2041 678 2081 uberiores
713 2039 1086 2088 maturioresque
1123 2037 1170 2076 in
1206 2037 1379 2076 horrea
1411 2035 1519 2075 Dni.
1558 2032 1847 2084 colligendos

202 2118 507 2164 expectamus
524 2111 717 2151 fructus.

284 2183 478 2234 Singula
499 2181 685 2234 quidem
707 2182 910 2222 scribere
933 2180 988 2220 de
1005 2180 1090 2230 his,
1116 2179 1193 2231 qui
1216 2177 1582 2230 quadragesima
1605 2176 1693 2215 hac
1716 2187 1847 2227 prae-

205 2255 345 2295 terita
377 2254 435 2294 ad
466 2254 807 2294 confessionem
837 2252 1185 2300 confluxerunt,
1215 2256 1314 2289 turn
1344 2249 1403 2288 ad
1433 2248 1657 2299 templum
1683 2246 1741 2286 D.
1769 2245 1848 2285 Pe-

205 2326 280 2376 tri,
306 2333 405 2365 tum
438 2325 498 2365 ad
518 2325 741 2376 templum
767 2323 825 2363 D.
858 2322 1116 2372 Michaelis,
1151 2321 1227 2361 ubi
1263 2319 1583 2360 confessiones
1619 2318 1846 2367 audimus,

207 2398 398 2447 longam
418 2395 622 2435 futuram
644 2407 746 2435 esse
768 2394 1011 2435 historiam
1039 2404 1125 2433 nec
1153 2392 1199 2432 in
1227 2391 1605 2443 praesentiarum
1634 2399 1844 2429 necessa-

206 2467 327 2507 rium
354 2466 644 2516 existimans,
669 2466 936 2505 summatim
966 2464 1100 2516 quasi
1126 2463 1337 2513 tetigisse
1366 2468 1438 2501 sat
1470 2472 1572 2501 esse
1591 2466 1716 2511 puto.
1748 2459 1849 2498 Hoc

207 2539 358 2579 solum
388 2537 571 2578 silentio
607 2537 829 2576 oblivioni
862 2535 1142 2576 tradendum
1171 2545 1266 2574 non
1293 2533 1512 2582 arbitror,
1550 2543 1642 2571 non
1674 2541 1851 2582 paucos

207 2615 390 2649 tantam
427 2620 676 2660 perperam
714 2613 934 2659 peractae
973 2607 1100 2646 Vitae
1139 2605 1376 2645 invenisse
1418 2602 1755 2653 cognitionem,
1799 2607 1848 2640 ut

209 2692 306 2720 non
332 2681 498 2730 solum,
525 2678 922 2719 confessariorum
949 2677 1158 2727 consilio,
1190 2675 1538 2716 haereticorum
1566 2673 1708 2712 libros
1730 2673 1850 2711 lace—

210 2757 389 2802 rarunt,
414 2751 616 2791 vulcano
638 2749 931 2790 tradiderunt
951 2748 1178 2799 nobisque
1199 2745 1456 2787 tradendos
1478 2744 1746 2793 attulerunt,
1767 2742 1850 2782 sed

212 2822 351 2862 etiam
369 2833 544 2873 magna
561 2821 716 2861 cordis
733 2820 1092 2872 compunctione
1110 2819 1157 2858 in
1172 2823 1478 2870 peccatorum
1495 2814 1855 2854 detestationem

213 2893 456 2944 generales
477 2892 609 2933 nobis
629 2892 838 2932 fecerunt
874 2890 1208 2939 confessiones,
1239 2892 1511 2939 reputantes
1534 2897 1620 2937 pro
1648 2885 1854 2925 maxima

270 3053 278 3072 ¹
319 3052 434 3080 Habes
450 3052 504 3079 hic
520 3052 606 3087 quod
622 3052 819 3078 dubitantes
834 3050 1030 3084 scripsimus
1046 3055 1161 3082 supra,
1179 3053 1202 3075 t.
1215 3055 1236 3079 Ι,
1250 3054 1329 3081 pag.
1345 3046 1406 3077 686,
1421 3049 1536 3072 annot.
1553 3045 1582 3072 2.
