2168 3437
318 244 390 282 366
830 246 1057 283 LITTERAE
1084 257 1442 290 QUADRIMESTRES

393 342 544 383 Tanta
575 348 644 382 est
674 343 1055 384 adversariorum
1082 345 1176 396 vis,
1200 350 1357 386 tantus
1388 346 1646 387 amicorum
1672 348 1872 399 languor
1902 349 1950 389 in

315 413 489 454 Christi
514 414 721 464 gerendo
749 415 959 467 negotio,
993 421 1043 456 ut
1068 427 1126 456 ne
1158 428 1278 456 unus
1307 417 1494 468 quidem
1524 418 1683 459 hostes
1718 419 1764 459 in
1794 421 1950 472 campi

312 484 551 535 planitiem
572 496 834 535 provocare
854 498 948 526 non
969 486 1291 538 subterfugiat.
1316 487 1435 529 Nam
1461 488 1549 540 illi,
1580 490 1660 541 qui
1691 490 1805 530 satis
1835 496 1951 531 stre-

312 566 402 595 nue
436 561 624 595 nostras
661 556 891 608 principio
926 557 1130 608 agebant
1164 564 1346 610 partes,
1382 559 1475 599 iam
1510 571 1559 600 se
1596 560 1856 601 subducere
1892 573 1949 602 ac

310 625 447 665 silere
476 626 590 666 satis
617 628 983 679 comprobantur
1010 634 1096 685 aut¹
1116 630 1281 669 saltem
1312 641 1505 670 causam
1534 637 1745 672 nostram
1775 643 1944 684 parum

311 696 451 747 tueri,
476 696 595 737 forte
616 697 951 739 insectatorum
969 705 1013 740 et
1033 700 1424 740 calumniatorum
1440 701 1621 741 insidiis
1643 707 1687 742 et
1704 702 1951 743 hostilibus

311 767 743 819 impugnationibus
770 769 978 810 animum
1005 771 1348 822 despondentes
1378 777 1423 812 et
1454 771 1684 813 adversae
1707 774 1855 825 partis
1876 775 1949 815 de-

309 838 538 879 clinantes
560 838 799 881 offensam.
828 839 1174 882 Gravissimum
1193 848 1351 882 tamen
1380 843 1513 883 nobis
1542 843 1839 895 dispendium
1872 845 1948 886 ad-

308 909 483 961 ferunt,
507 911 607 962 qui,
632 910 923 952 dissimulato
945 913 1101 953 animo
1129 918 1174 953 et
1201 913 1387 954 obtecto
1414 913 1569 954 Prem.
1594 921 1806 956 nostrum
1827 917 1952 956 exci-

308 981 511 1032 pientes,
538 981 758 1034 aliorum,
782 983 856 1034 pie
883 983 1083 1024 forsitan
1110 983 1297 1036 affecta,
1329 984 1500 1025 iudicia
1531 997 1615 1026 suo
1646 998 1830 1027 veneno
1853 987 1948 1028 infi-

308 1063 414 1092 cere
436 1058 480 1092 et
497 1064 795 1105 corrumpere
825 1055 1024 1095 student.
1059 1055 1287 1095 Dominus
1311 1057 1526 1096 omnibus
1555 1069 1639 1097 nos
1670 1057 1948 1098 offendenti-

307 1122 393 1162 bus
413 1123 602 1164 veniam
623 1124 864 1176 indulgere
896 1126 1114 1177 dignetur
1142 1138 1197 1166 ac
1219 1127 1396 1178 pariter
1418 1127 1624 1168 animum
1656 1128 1830 1169 addere
1859 1129 1947 1180 his,

309 1194 387 1246 qui
419 1201 609 1236 nostrae
643 1208 815 1236 causae
849 1197 1164 1248 patrocinium
1198 1198 1436 1249 suscipere
1465 1211 1560 1239 non
1593 1206 1700 1239 sunt
1736 1201 1945 1251 gravati.

308 1265 476 1317 Vides,
500 1265 600 1307 Rde
622 1267 694 1318 P.,
719 1279 807 1319 quo
838 1268 885 1308 in
912 1274 1037 1309 statu
1066 1280 1142 1309 res
1167 1274 1357 1309 nostrae
1385 1270 1647 1310 consistant
1678 1282 1760 1311 seu
1788 1272 1947 1323 potius

307 1337 475 1388 quibus
504 1339 723 1389 procellis
752 1351 808 1379 ac
837 1340 1192 1390 tempestatibus
1225 1341 1415 1391 negotia
1448 1347 1612 1381 nostra
1644 1341 1871 1382 fluctuent
1903 1349 1948 1383 et

307 1408 563 1459 agitentur,
584 1420 700 1460 quas
722 1399 912 1450 tandem
932 1410 1033 1451 Deo
1055 1411 1293 1463 aspirante
1314 1412 1486 1463 elapsi,
1507 1412 1567 1452 ad
1584 1418 1771 1463 portum
1794 1414 1930 1465 appel

305 1479 401 1519 lere
422 1480 594 1520 vestris
616 1481 905 1521 orationibus
924 1481 1032 1522 freti
1053 1488 1283 1534 optamus.
1315 1483 1460 1535 Atqui
1488 1483 1677 1535 quando
1701 1484 1747 1524 id
1768 1484 1940 1535 licebit,

306 1550 389 1590 vix
410 1551 533 1591 enim
559 1552 833 1603 praesagire
862 1564 1125 1604 possumus.
1155 1552 1275 1594 Nam
1305 1555 1449 1605 pestis
1478 1566 1612 1594 suam
1647 1555 1947 1606 tyrannidem

305 1633 401 1662 non
421 1622 561 1662 modo
582 1623 796 1663 Lutetiae
817 1635 982 1664 verum
1002 1624 1143 1665 etiam
1163 1625 1210 1665 in
1231 1625 1580 1666 circumvicinis
1603 1626 1722 1666 locis
1744 1632 1788 1666 et
1808 1627 1945 1678 pagis

306 1698 515 1744 exercet,
549 1699 593 1733 et
621 1695 748 1734 vires
778 1695 986 1746 quotidie
1014 1703 1155 1747 auget
1189 1696 1236 1736 in
1270 1697 1372 1748 ipsa
1401 1696 1746 1748 Universitate,
1779 1702 1823 1737 et
1852 1698 1946 1738 iam

304 1765 401 1805 fere
423 1778 449 1805 a
470 1765 681 1806 bimestri
701 1760 852 1818 spatio
875 1767 1059 1807 radices
1081 1779 1226 1818 agere
1249 1768 1419 1820 coepit.

385 1836 700 1887 Quamobrem
728 1837 851 1889 quod
880 1844 1072 1879 nostrae
1104 1840 1407 1879 oeconomiae
1439 1840 1651 1880 ordinem
1685 1840 1948 1880 describam

304 1919 397 1948 non
416 1913 487 1948 est
510 1914 825 1960 opportunum
846 1909 927 1949 sed
948 1910 1105 1961 potius
1122 1910 1245 1962 quod
1262 1910 1318 1951 de
1334 1917 1526 1950 nostrae
1542 1911 1755 1951 familiae
1773 1911 1946 1963 disper-

305 1979 458 2020 sione:
479 1991 590 2020 nam
610 1991 752 2031 quum
783 1981 928 2032 pestis
949 1981 1009 2021 ad
1028 1987 1216 2022 nostras
1243 1982 1383 2022 aedes
1412 1982 1519 2022 hinc
1552 1982 1660 2022 inde
1697 1994 1943 2023 accessum

303 2055 542 2091 maturare
568 2050 805 2103 videatur,
835 2052 1012 2103 placuit
1046 2051 1147 2092 R.d0
1175 2052 1303 2092 Patri
1329 2059 1495 2093 nostro
1528 2058 1577 2092 ut
1609 2053 1700 2093 duo
1725 2053 1899 2093 fratres
1921 2066 1945 2093 e

303 2127 464 2162 nostra
486 2121 623 2162 domo
644 2127 779 2162 extra
806 2122 1029 2174 oppidum
1050 2135 1099 2164 se
1120 2123 1450 2175 transferrent,
1484 2124 1594 2175 quin
1614 2129 1659 2164 et
1681 2124 1759 2163 alii
1780 2124 1871 2164 duo
1892 2124 1939 2164 in

305 2194 503 2233 alterum
530 2193 686 2234 locum
704 2193 1094 2245 ‘commigrarent
1126 2194 1215 2246 Qui
1244 2207 1358 2235 vero
1389 2195 1555 2235 domus
1584 2195 1872 2247 praesidium
1900 2202 1945 2236 et

304 2265 711 2315 propugnaculum
733 2265 951 2305 destinati
981 2271 1108 2316 sunt,
1134 2266 1259 2306 domi
1288 2277 1337 2306 se
1365 2266 1659 2317 contineant,
1696 2278 1783 2307 nec
1817 2277 1945 2317 egre-

305 2335 511 2384 diantur,
542 2335 633 2376 nisi
663 2341 889 2387 quantum
916 2337 1174 2377 necessitas
1203 2338 1424 2389 postulat.
1458 2337 1564 2377 Duo
1598 2338 1692 2377 iam
1727 2349 1815 2377 nos
1843 2338 1945 2378 reli-

304 2412 524 2458 querunt,
549 2407 745 2447 redituri
764 2408 962 2447 remissa
983 2408 1126 2459 pestis
1148 2409 1358 2450 saevitie.
1382 2409 1475 2449 Alii
1495 2409 1768 2461 propediem
1787 2410 1940 2449 locum

305 2477 565 2518 mutabunt.
597 2477 729 2518 Haec
759 2484 828 2518 est
855 2477 1060 2518 familiae
1090 2485 1280 2519 nostrae
1316 2492 1441 2520 nova
1471 2480 1868 2531 metamorphosis
1899 2486 1944 2520 et

308 2548 551 2599 inopinata
572 2548 868 2600 demigratio,

386 2618 621 2670 Quantum
649 2631 763 2660 vero
785 2620 845 2661 ad
864 2619 1064 2661 fratrum
1088 2633 1334 2662 numerum
1361 2622 1525 2662 attinet
1551 2621 1664 2672 duo,
1694 2621 1830 2662 nobis
1863 2622 1940 2662 ad-

304 2690 468 2737 iuncti,
492 2691 730 2731 senarium
750 2703 996 2732 numerum
1016 2693 1365 2744 suppleverunt.
1396 2692 1579 2732 Primus
1613 2698 1681 2732 est
1711 2692 1941 2744 Hierony-

304 2772 408 2801 mus
431 2760 456 2812 ¹,
480 2761 680 2813 flander,
711 2762 963 2802 sacerdotii
984 2762 1162 2803 honore
1182 2763 1452 2814 insignitus,
1483 2763 1538 2803 de
1565 2775 1656 2815 quo
1693 2763 1940 2814 superiori-

358 2968 369 2988 ¹
409 2968 637 3005 Hieronymus
652 2971 681 2997 le
698 2970 765 2997 Bas
779 2970 941 3005 (Bassus),
957 2971 996 2997 de
1013 2978 1076 3005 quo
1091 2970 1200 2998 videri
1215 2975 1355 3005 possunt
1371 2971 1537 3005 POLANco,
1556 2969 1690 3002 chron,
1703 2974 1783 3004 t.111‚
1797 2977 1874 3004 pag.
1889 2970 1944 2998 288

304 3019 337 3043 et
351 3023 433 3051 seq.,
449 3024 480 3044 n.
497 3017 550 3044 645
565 3021 596 3044 et
612 3025 693 3052 seq.,
710 3022 742 3045 et
759 3018 860 3051 PRAT,
877 3018 1066 3046 flle‘moires
1079 3023 1171 3053 pour
1184 3020 1302 3046 servir
1317 3021 1336 3046 (ὶ
1351 3019 1525 3046 ΙἸιίεῖοίνε
1539 3019 1585 3045 du
1602 3018 1693 3044 Pere
1709 3016 1816 3044 Broet
1831 3018 1864 3044 et
1879 3018 1941 3044 des

305 3063 463 3096 origines
478 3063 519 3089 dc
534 3063 568 3089 la
586 3063 797 3098 Compagnte
812 3065 854 3091 de
868 3064 976 3099 Jasus
988 3073 1030 3092 en
1043 3065 1192 3101 France,
1206 3070 1295 3101 part.
1312 3074 1360 3101 111,
1376 3067 1432 3094 lib.
1453 3073 1472 3093 1.
