2168 3437
917 244 1000 281 AN.
1032 244 1123 281 1553
1772 247 1840 285 123

202 350 345 390 quam
365 339 642 390 quibusdam
664 341 940 381 monialibus
956 353 1070 393 prae
1092 342 1301 393 ipsarum
1316 343 1607 393 flagitatione
1628 344 1837 385 auditum

203 409 439 460 denegare
460 421 555 449 non
576 422 838 461 possumus.

281 479 454 520 Vocati
473 492 613 533 saepe
635 483 927 522 accurrimus
949 483 1213 524 animandis
1241 483 1630 536 consolandisque
1662 485 1733 525 his
1759 487 1837 537 qui

201 551 249 590 in
285 551 507 591 extremis
533 559 639 592 sunt
670 553 930 603 constituti,
969 565 1059 605 qua
1087 565 1137 594 re
1166 554 1349 595 videtur
1378 555 1581 595 maxime
1609 556 1837 597 concitari

201 623 360 673 populi
381 622 581 663 devotio.
776 618 777 621 ’
1826 636 1829 638 ’

283 693 578 734 Conveniunt
601 695 792 747 insuper
820 696 880 735 ad
899 707 987 735 nos
1013 696 1147 736 multi
1178 703 1368 748 propter
1396 698 1685 749 spiritualem
1712 711 1835 740 com-

200 765 583 805 municationem.

280 835 420 876 Pater
444 837 643 877 Ioannes
670 837 875 878 Alvarez
911 843 955 878 et
986 837 1173 889 quidam
1209 846 1370 879 noster
1404 840 1562 890 frater,
1600 842 1678 892 qui
1713 854 1835 882 anno

196 907 414 958 proximo
434 907 620 949 fuerunt
642 908 902 958 Granatae,
935 909 1029 949 iam
1056 909 1115 949 ad
1145 921 1229 949 nos
1260 911 1440 951 reversi
1470 919 1599 962 sunt,
1623 925 1647 952 a
1670 913 1834 963 quibus

197 979 508 1029 cognovimus
547 991 689 1031 quam
728 979 948 1020 ardenter
986 981 1177 1031 cupiant
1221 987 1532 1031 granatenses
1570 990 1619 1023 ut
1662 983 1834 1035 degant

197 1049 322 1100 apud
350 1061 398 1089 se
428 1050 570 1101 aliqui
596 1062 654 1090 ex
675 1051 863 1091 nostris.
894 1051 997 1091 Hoc
1023 1052 1154 1102 petiit
1183 1052 1509 1093 ardentissime
1530 1055 1831 1106 gubernator,

197 1119 556 1172 Archiepiscopi
594 1123 894 1172 granatensis
935 1123 1088 1163 locum
1123 1129 1301 1173 tenens,
1339 1130 1383 1164 et
1419 1125 1498 1165 alii
1532 1137 1752 1177 proceres
1791 1133 1834 1167 et

195 1191 348 1241 cives,
384 1192 625 1243 proposita
657 1205 738 1244 spe
773 1193 965 1233 maximi
998 1194 1199 1245 fructus,
1236 1207 1387 1247 neque
1418 1195 1464 1235 id
1498 1198 1647 1237 solum
1675 1199 1834 1238 verbis

196 1261 277 1302 sed
298 1263 439 1303 rebus
459 1264 599 1303 etiam
620 1270 801 1315 petunt3
825 1264 1062 1305 donavere
1085 1266 1207 1305 enim
1229 1266 1323 1306 iam
1344 1266 1535 1318 quidam
1555 1275 1599 1308 et
1625 1269 1833 1309 obtulere

197 1333 275 1373 alii
304 1340 528 1385 quantum
556 1334 614 1374 ad
644 1335 941 1375 sustinendos
968 1336 1126 1387 plures
1148 1348 1289 1388 quam
1315 1349 1399 1377 sex
1420 1337 1592 1379 fratres
1619 1339 1830 1379 sufficiet.

195 1404 315 1445 Nam
349 1411 482 1456 pater
507 1404 680 1446 Sancta
709 1405 850 1456 Cruz,
880 1407 958 1457 qui
985 1414 1054 1447 est
1081 1406 1400 1458 Conimbriae‚
1439 1415 1482 1448 et
1517 1409 1707 1461 quidam
1735 1410 1834 1461 ejus

195 1474 383 1526 fratrer,
408 1476 486 1528 qui
508 1476 748 1517 Granatae
770 1476 917 1528 degit,
942 1477 1237 1518 donaverunt
1264 1479 1358 1519 iam
1386 1480 1445 1520 ad
1467 1480 1558 1520 hoc
1584 1492 1667 1532 per
1692 1482 1833 1533 publi-

195 1558 300 1586 cam
334 1554 379 1587 et
415 1548 737 1588 authenticam
771 1549 1076 1600 scripturam,
1111 1561 1250 1601 quam
1278 1551 1338 1592 ad
1366 1562 1451 1591 nos
1482 1552 1722 1602 miserunt,
1756 1553 1832 1592 do-

190 1629 317 1658 mum
338 1619 608 1670 quamdam,
634 1632 752 1672 quae
773 1620 953 1661 duobus
975 1622 1098 1661 mille
1120 1622 1302 1679 ducatis
1325 1623 1618 1674 aestimatur,
1653 1630 1697 1663 et
1730 1636 1831 1663 cen-

190 1700 270 1728 sus
302 1690 531 1741 quosdam
556 1697 824 1743 perpetuos;
859 1693 938 1732 alii
970 1705 1082 1733 vero
1115 1694 1205 1734 alia
1235 1695 1495 1746 promisere
1522 1695 1611 1735 hac
1647 1701 1831 1735 tantum

188 1761 293 1812 lege
313 1766 364 1802 ut
383 1762 476 1802 sint
497 1761 738 1803 Granatae
755 1764 897 1815 aliqui
917 1776 976 1804 ex
996 1765 1208 1816 patribus
1229 1765 1491 1806 Societatis.
1515 1765 1732 1806 Nondum
1754 1778 1830 1818 po-

188 1832 362 1872 tuimus
383 1832 441 1873 ad
463 1833 553 1873 hoc
573 1834 825 1886 quicquam
846 1835 961 1875 certi
981 1835 1266 1887 respondere
1283 1844 1474 1888 propter
1497 1837 1833 1877 mittendorum

187 1902 389 1944 fratrum
409 1905 676 1955 penuriam;
699 1906 837 1957 pauci
858 1906 982 1947 enim
1003 1907 1080 1947 hic
1101 1919 1284 1959 sumus,
1308 1914 1358 1948 ut
1385 1909 1478 1948 iam
1499 1908 1659 1959 retuli,
1690 1907 1833 1948 futuri

191 1974 291 2013 sine
325 1974 465 2015 dubio
499 1976 656 2025 plures
691 1976 730 2016 si
771 1988 928 2018 rerum
968 1984 1238 2030 suppeteret
1272 1990 1399 2019 usus.
1441 1978 1556 2020 Sunt
1595 1980 1719 2019 enim
1758 1979 1833 2018 hic

191 2046 336 2086 multa
358 2051 402 2086 et
429 2045 575 2086 literis
607 2053 651 2087 et
679 2047 813 2088 bonis
845 2049 1054 2089 moribus
1080 2049 1197 2090 satis
1224 2057 1336 2101 apta
1362 2051 1573 2102 ingenia,
1607 2062 1726 2101 quae
1754 2061 1831 2089 no-

195 2121 342 2157 stram
370 2116 654 2158 Societatem
676 2119 914 2160 anhelant.
945 2118 1170 2172 Suppleat
1200 2120 1431 2162 Dominus
1457 2122 1661 2173 benigna
1696 2122 1834 2172 largi-

194 2193 290 2227 tate
311 2199 395 2228 sua
417 2189 588 2240 omnia,
612 2201 731 2241 quae
754 2190 934 2242 desunt,
961 2203 1016 2231 eo
1033 2198 1173 2243 pacto
1192 2204 1283 2244 quo
1301 2193 1453 2245 magis
1471 2192 1529 2233 ad
1546 2193 1747 2244 gloriam
1765 2193 1835 2232 sui

194 2259 481 2299 sanctissimi
500 2261 704 2301 nominis
726 2262 858 2302 novit
876 2263 1128 2314 pertinere.

274 2329 611 2382 Salmanticae,
642 2333 867 2384 postridie
893 2346 1043 2374 nonas
1072 2335 1278 2375 Ianuarii
1307 2347 1429 2376 anno
1452 2335 1643 2377 Domini
1663 2336 1834 2376 mill.¹110

193 2400 570 2452 quingentesimo
592 2403 983 2455 quinquagesimo
1005 2406 1158 2445 tertio.

273 2470 577 2513 Paternitatis
598 2480 706 2514 tuae

276 2542 451 2583 Servus
472 2544 668 2595 inutilis,

1341 2657 1367 2702 †
1395 2655 1543 2695 HRRZ.
1575 2657 1603 2703 †

277 2829 630 2882 Superscriptso
652 2831 702 2870 iu
724 2836 898 2882 quarta
912 2833 1127 2884 pagina:
1154 2833 1422 2873 Admodum
1449 2833 1552 2874 R.d0
1576 2834 1622 2874 in
1652 2834 1735 2874 Χ.ο
1756 2846 1834 2886 pa·

195 2899 258 2939 tri
277 2899 338 2939 M.
362 2900 544 2951 Ignatio
566 2901 840 2953 Praeposito
861 2904 1072 2954 generali
1092 2904 1331 2944 societatis
1361 2903 1479 2955 Iesu,
1502 2904 1696 2946 Romae.

276 2970 388 3010 Alia
409 2983 578 3012 manu:
604 2972 717 3012 1553.
741 2972 946 3037 Salman.
972 2973 1163 3025 Quadri.
1187 2974 1315 3014 lanu,
1340 2981 1384 3014 et
1408 2974 1466 3015 A.
1489 2975 1543 3026 Q.
1569 2976 1626 3017 V.

278 3040 450 3092 St'gz'llz'
462 3046 505 3083 et
526 3054 658 3083 cerae
678 3044 952 3095 vestigium.
