2168 3437
857 263 936 300 AN.
970 263 1061 300 1554
1220 250 1222 253 ’
1703 262 1772 298 6⁴23

137 360 325 412 pietatis
344 364 692 411 renascentem3
715 365 759 399 et
781 358 911 410 cujus
933 360 1028 399 vita
1051 365 1187 400 antea
1210 360 1381 411 populo
1412 359 1635 399 scandalo
1665 358 1766 403 fuit,

138 442 261 470 nunc
284 431 330 470 in
351 431 614 482 exemplum
634 431 888 482 suscipitur
908 436 952 470 et
974 437 1172 480 amatur,
1203 430 1614 482 frequentioraque
1648 441 1771 469 nunc

138 501 276 541 habet
297 512 410 541 suae
431 501 715 552 integritatis
736 502 1002 541 testimonia
1024 502 1271 552 pluresque
1292 513 1405 541 suae
1426 500 1614 552 pietatis
1633 512 1688 540 ac
1705 512 1771 540 re-

137 572 324 623 ligionis
344 583 624 623 praecones,
649 584 788 624 quam
811 579 948 612 antea
970 572 1201 612 habuerat
1222 572 1442 623 antiquae
1470 572 1596 611 vitae
1624 571 1772 611 obtre-

139 649 360 682 ctatores.
383 642 533 682 Fuere
554 643 696 683 etiam
716 643 939 694 plerique,
964 643 1042 694 qui
1057 643 1186 682 illum
1209 642 1434 682 exercitia
1456 642 1623 682 fecisse
1644 642 1773 692 igno-

139 713 305 753 rabant
328 713 392 762 (fit
413 713 536 753 enim
556 713 602 753 id
623 713 874 764 aliquando
896 713 1226 764 occultissime,
1249 719 1298 753 ut
1318 713 1506 764 plurimi
1527 724 1612 752 nos
1635 713 1774 752 etiam

138 783 264 835 ipsos
285 784 475 833 lateant,
495 783 653 823 habita
674 784 855 824 ratione
877 795 1038 824 eorum
1059 784 1136 835 qui
1158 789 1449 831 exercentur3
1471 783 1595 835 quod
1613 783 1774 823 sedulo

139 860 346 905 praestat
368 853 416 893 P.
436 853 705 906 Villanova,
725 866 843 906 quae
865 855 985 894 illius
1007 860 1076 894 est
1097 855 1143 893 in
1162 854 1370 905 gerendo
1389 854 1564 894 Christi
1584 854 1774 905 negotio

139 924 279 964 foelix
300 924 557 964 dexteritas
579 936 633 964 ac
663 925 877 964 miranda
907 925 1187 976 prudentia).
1219 925 1280 964 Hi
1308 931 1464 964 tamen
1493 936 1599 964 cum
1626 925 1769 964 homi-

140 1007 246 1035 nem
273 996 650 1046 colloquerentur
677 1007 918 1047 novosque
948 995 994 1035 in
1021 996 1099 1035 illo
1129 995 1349 1046 affectus,
1381 1007 1556 1035 novum
1583 995 1775 1035 vivendi

140 1077 287 1117 genus
303 1066 670 1115 considerarent,
694 1066 755 1117 id,
780 1066 903 1118 quod
924 1072 1060 1117 esset,
1086 1066 1244 1106 statim
1261 1067 1638 1117 suspicabantur.
1659 1066 1777 1106 Tam

140 1137 290 1176 bonus
318 1137 431 1176 odor
460 1148 518 1176 ex
544 1137 632 1176 hac
660 1136 894 1177 Societate
923 1137 1108 1177 Christo
1137 1136 1407 1177 diffunditur
1435 1149 1490 1176 ac
1519 1138 1683 1188 spirat.
1710 1137 1779 1177 Illi

139 1207 289 1248 honor
306 1219 360 1247 ac
377 1207 654 1258 benedictio,
674 1220 700 1247 a
718 1220 808 1259 quo
826 1207 1048 1259 quidquid
1062 1208 1172 1247 boni
1189 1215 1258 1247 est
1275 1214 1476 1247 emanat.
1496 1208 1646 1259 Ipsius
1666 1220 1776 1247 vero

142 1280 198 1319 de
227 1290 275 1318 se
296 1278 508 1330 publicas
531 1290 671 1318 voces
693 1290 816 1318 nunc
847 1279 998 1330 ipsum
1029 1279 1235 1328 renasci,
1270 1290 1394 1318 nunc
1424 1279 1615 1318 tandem
1640 1290 1778 1319 nosse

142 1350 253 1402 quid
274 1350 332 1389 sit
356 1349 674 1389 Christianum
707 1361 823 1400 esse,
857 1356 901 1389 et
929 1349 1002 1389 his
1032 1349 1214 1399 similia,
1251 1349 1471 1401 quoniam
1502 1350 1777 1389 communis-

146 1421 263 1461 sima
286 1426 393 1460 sunt
414 1420 641 1470 omnibus,
667 1421 744 1472 qui
765 1420 888 1460 domi
909 1427 1204 1470 exercentur,
1235 1421 1294 1460 ad
1317 1428 1361 1460 te
1386 1420 1658 1460 scribendas
1688 1432 1781 1460 non

150 1504 333 1532 censeo.

223 1562 327 1603 Non
347 1563 499 1602 minor
520 1562 699 1602 fructus
720 1575 779 1602 ex
804 1562 1002 1614 privatis
1029 1561 1221 1602 Patrum
1253 1562 1497 1614 colloquiis
1530 1562 1778 1612 colligitur,

146 1634 224 1685 qui
259 1645 442 1685 semper
476 1633 523 1672 in
550 1633 766 1684 operibus
793 1633 979 1684 pietatis
1009 1640 1261 1673 versantur
1292 1633 1645 1684 uberrimosque
1676 1633 1782 1672 inde

147 1705 325 1744 fructus
357 1703 543 1744 Christo
578 1715 761 1755 semper
796 1710 1051 1755 reportant.
1083 1703 1268 1744 Adsunt
1302 1704 1425 1744 enim
1460 1704 1779 1752 morientibus,

147 1776 305 1815 visunt
327 1775 489 1815 domos
510 1786 789 1827 pauperum,
814 1776 995 1815 animos
1017 1781 1176 1815 mutuo
1207 1787 1256 1814 se
1286 1775 1541 1815 odientium
1575 1776 1781 1814 reconci-

147 1847 276 1897 liant,
301 1846 610 1886 exhortantur
631 1846 689 1886 ad
710 1853 1114 1886 sacramentorum
1134 1846 1467 1897 frequentiam,
1502 1853 1715 1885 errantes
1737 1846 1784 1885 in

149 1918 275 1958 viam
295 1917 544 1967 reducunt,
569 1923 613 1956 et
635 1917 681 1957 id
701 1928 850 1967 genus
871 1919 1037 1967 multa,
1062 1929 1180 1968 quae
1202 1917 1316 1957 mihi
1337 1909 1460 1957 nunc
1483 1929 1575 1956 non
1597 1925 1667 1956 est
1689 1917 1783 1956 ani-

150 2001 252 2029 mus
272 2001 358 2028 nec
380 1989 626 2028 consilium
646 1988 830 2039 singula
847 1989 1078 2040 persequi,
1098 1988 1333 2039 prolixum
1351 2000 1480 2040 opus,
1500 1999 1783 2038 veteresque

149 2072 207 2100 ne
228 2071 329 2100 mea
352 2059 469 2099 haec
487 2059 725 2110 diligentia
747 2059 827 2099 tibi
850 2060 1045 2099 molesta
1067 2059 1201 2099 foret.
1224 2059 1378 2100 Unum
1396 2066 1551 2099 tamen
1575 2065 1653 2098 aut
1676 2060 1784 2098 alte-

150 2142 253 2171 rum
273 2131 490 2181 seligam,
514 2142 592 2181 ne,
617 2130 727 2170 dum
754 2130 947 2170 nimium
976 2130 1131 2170 brevis
1164 2141 1267 2169 esse
1297 2130 1481 2179 laboro,
1514 2128 1785 2169 inobediens

154 2202 330 2243 videar.

229 2274 335 2315 Fuit
356 2287 500 2327 prope
520 2285 605 2314 nos
626 2273 836 2325 quidam,
861 2273 940 2324 qui
962 2283 1156 2313 uxorem
1178 2273 1233 2312 de
1262 2272 1490 2312 adulterio
1520 2277 1787 2322 suspectam

153 2346 415 2393 dimiserat,
464 2351 797 2395 accusaverat,
845 2345 1141 2394 convicerat,
1192 2344 1422 2395 mortique
1472 2342 1788 2394 adjudicatam

153 2428 299 2468 prope
321 2423 421 2456 erat
442 2422 492 2456 ut
514 2416 767 2467 occideret,
786 2407 1049 2466 integrique
1075 2422 1171 2455 tres
1193 2415 1302 2454 anni
1324 2414 1611 2454 transierunt
1632 2414 1679 2453 in
1700 2414 1789 2453 hac

156 2488 408 2528 miserabili
425 2487 683 2539 tragoedia,
704 2487 868 2539 quibus
884 2487 1115 2527 intestinis
1131 2487 1251 2526 inter
1267 2497 1317 2526 se
1334 2485 1452 2526 odiis
1469 2486 1576 2525 hinc
1594 2485 1699 2525 inde
1717 2485 1789 2524 vir

156 2566 200 2599 et
221 2570 338 2599 uxor
361 2559 645 2609 flagrabant,
670 2570 756 2597 nec
776 2558 870 2597 ulla
897 2558 1077 2597 ratione
1104 2557 1207 2596 viro
1235 2556 1422 2596 suaderi
1443 2562 1626 2608 poterat
1654 2563 1704 2595 ut
1733 2556 1789 2595 ab

154 2630 340 2681 incepto
364 2630 630 2680 desisteret3
654 2629 779 2668 nulla
799 2629 921 2668 enim
944 2635 1013 2668 est
1035 2628 1094 2667 ad
1115 2627 1448 2667 remittendum
1469 2628 1557 2667 hac
1586 2639 1678 2666 una
1709 2626 1789 2666 dif-

157 2701 320 2741 ficilior
341 2699 524 2751 injuria,
548 2700 809 2751 partimque
831 2700 984 2739 laesus
1005 2699 1155 2738 honor
1172 2731 1181 2749 ,
1205 2698 1376 2749 partim
1398 2698 1558 2747 amici,
1583 2698 1788 2748 cognati,

159 2773 237 2824 qui
257 2784 350 2812 non
373 2771 506 2811 aliter
526 2771 614 2811 sibi
630 2782 805 2822 suoque
826 2770 994 2810 honori
1017 2770 1257 2821 provisum
1280 2769 1565 2818 existimant,
1586 2769 1791 2809 animum

160 2843 361 2883 hominis
378 2842 500 2893 odio,
520 2853 678 2882 amore
692 2841 928 2881 vindictae
947 2846 1205 2890 aestuante,
1223 2840 1289 2879 sic
1306 2839 1625 2890 incenderant,
1641 2847 1689 2880 ut
1706 2852 1792 2880 nec

158 2914 431 2965 lachrymae
452 2913 613 2953 uxoris
633 2923 719 2953 nec
748 2913 999 2952 multorum
1028 2911 1254 2950 nobilium
1282 2922 1471 2962 preces,
1505 2911 1671 2961 quibus
1697 2912 1793 2951 ani-

161 2997 288 3025 mum
308 2985 510 3024 hominis
528 2995 612 3035 per
632 2989 729 3023 tres
749 2983 958 3033 integros
975 2993 1122 3021 annos
1138 2980 1424 3032 tutuderant‚
1444 2980 1581 3032 hujus
1597 2980 1793 3033 injuriae

162 3056 483 3095 remissionem
510 3066 708 3095 exorare
735 3060 939 3105 possent.
973 3051 1063 3093 Sed
1095 3058 1258 3103 postea
1287 3063 1427 3103 quam
1453 3063 1560 3093 cum
1592 3054 1794 3104 quodam

353 3132 402 3168 T.
428 3144 468 3167 ιι.
1514 3141 1561 3174 40
