2168 3437
317 217 388 254 430
831 213 880 250 L1
889 223 1059 250 TTERAE
1085 223 1443 256 QUADRIMEsTRES

1025 609 1254 719 (30le

390 896 578 933 Michael
598 894 803 932 Ramirez

437 961 558 998 Patri
576 960 746 1008 Ignatio
766 960 818 997 de
839 959 1024 1007 Loyola.

482 1026 738 1075 Methymna
758 1025 926 1073 Campi,
947 1025 1195 1073 Septembri
1216 1024 1307 1062 1553
1326 1025 1350 1062 ¹.

1091 1306 1189 1347 IHs
1214 1317 1220 1323 ’

398 1521 666 1562 Admodum
686 1521 786 1562 Rde
803 1522 850 1561 in
871 1521 992 1572 Xpo.
1015 1528 1165 1572 pater.

400 1593 566 1634 Gratia
587 1600 632 1634 et
652 1605 746 1644 pax
768 1594 825 1633 ab
846 1604 917 1643 eo,
951 1592 1027 1644 qui
1045 1598 1266 1644 operatus
1295 1597 1365 1632 est
1392 1592 1592 1632 salutem
1611 1591 1659 1631 in
1688 1591 1841 1631 medio
1868 1597 1955 1632 ter-

321 1677 417 1720 rae.
449 1665 517 1706 Ne
544 1665 694 1705 instar
713 1664 838 1716 pigri
863 1664 985 1704 illius
1012 1663 1159 1714 servi,
1198 1662 1387 1703 sudario
1414 1662 1748 1703 demandatum
1774 1662 1862 1702 sibi
1889 1668 1954 1702 ta-

315 1738 493 1777 lentum
514 1736 798 1776 involventis
819 1734 853 1786 2,
879 1734 1167 1775 incusandus
1189 1734 1505 1786 negligentiae
1524 1733 1702 1781 videar,
1725 1733 1852 1774 haud
1878 1745 1956 1786 pa-

318 1819 421 1848 rum
441 1807 608 1848 fecisse
631 1806 849 1857 arbitror,
874 1807 912 1846 si
932 1805 981 1846 P.
1002 1805 1055 1846 T.
1075 1805 1325 1846 certiorem
1342 1805 1497 1845 fecero
1515 1804 1571 1845 de
1590 1804 1805 1845 omnibus
1820 1805 1955 1845 bene-

317 1879 449 1929 ficiis,
469 1890 591 1930 quae
612 1889 822 1918 summus
845 1878 919 1917 ille
940 1877 1137 1928 largitor
1158 1888 1403 1917 munerum
1423 1876 1628 1927 indignis
1649 1876 1785 1916 nobis
1801 1876 1955 1927 proxi-

316 1950 404 1991 mis
425 1955 623 2002 quatuor
645 1949 882 1990 mensibus
904 1948 1119 1989 conferre
1141 1948 1362 2000 dignatus
1384 1953 1467 1988 est.
1495 1948 1557 1988 Ut
1578 1947 1721 1998 igitur
1748 1947 1957 1988 iniuncto

316 2022 608 2062 obedientiae
628 2032 822 2061 munere
837 2019 1026 2071 fungar,
1045 2032 1137 2072 qua
1153 2026 1318 2071 potero
1333 2019 1581 2069 brevitate,
1601 2030 1720 2071 quae
1738 2019 1827 2059 hoc
1845 2025 1954 2059 tem—

315 2094 444 2145 poris
478 2093 631 2145 spatio
662 2092 927 2143 evenerint,
960 2091 1049 2132 hae
1075 2091 1274 2143 epistola
1308 2090 1581 2143 paternitati
1615 2096 1723 2131 tuae
1757 2090 1952 2142 perscri-

316 2165 423 2205 bam
444 2163 472 2206 ⁵.

393 2236 623 2277 Existimo
644 2236 737 2276 iam
757 2241 802 2276 te
823 2235 926 2276 aliis
952 2247 1010 2276 ex
1036 2234 1203 2275 litteris
1230 2233 1470 2285 accepisse
1500 2233 1668 2285 equitis
1695 2232 1954 2284 cuiusdam,

314 2318 488 2358 genere
509 2313 554 2348 et
570 2307 855 2358 imaginibus
876 2305 1005 2358 clari,
1028 2306 1166 2346 huius
1188 2305 1361 2357 oppidi,
1379 2310 1626 2345 anteactae
1642 2304 1769 2344 vitae
1786 2310 1830 2344 et
1851 2304 1957 2344 odio

315 2384 360 2419 et
381 2379 543 2419 dolore
571 2378 791 2419 commoti
811 2378 1130 2418 mutationem.
1156 2375 1286 2428 Quae
1312 2375 1438 2416 haud
1459 2387 1626 2427 parum
1657 2375 1957 2415 emolumenti

316 2450 501 2502 animis,
524 2461 618 2490 non
639 2450 793 2489 solum
818 2448 993 2489 civium
1015 2453 1059 2488 et
1079 2448 1354 2498 amicorum,
1385 2458 1552 2487 verum
1574 2446 1717 2486 etiam
1743 2451 1956 2486 externo-

314 2533 432 2572 rum,
456 2521 664 2561 contulit.
687 2519 785 2561 Nec
813 2519 983 2560 iniuria
1009 2519 1056 2559 id
1077 2518 1277 2570 quidem.
1307 2518 1553 2569 Ingressus
1584 2517 1707 2557 enim
1734 2517 1856 2557 hanc
1878 2528 1955 2557 no-

369 2658 380 2679 1
418 2658 680 2693 Autographae,
695 2658 729 2685 in
743 2657 823 2685 folio
839 2656 974 2691 duplici,
990 2664 1041 2684 nn.
1056 2656 1109 2683 459
1123 2659 1157 2683 et
1171 2655 1234 2683 1260.
1249 2655 1287 2682 In
1299 2655 1347 2683 eis
1362 2655 1481 2682 ultima
1494 2657 1629 2682 tantum
1644 2654 1760 2687 verba,
1779 2654 1953 2680 minimus

315 2707 349 2733 et
362 2706 535 2739 indignus
549 2709 580 2740 p.
595 2707 619 2733 t.
632 2705 744 2740 filiuS,
758 2704 911 2732 Michae'l
925 2704 1115 2736 Raem‘rez,
1128 2708 1206 2731 sunt
1221 2711 1323 2730 manu
1344 2703 1448 2737 ipsius
1478 2702 1635 2729 Ramirez
1656 2701 1802 2735 scripta;
1825 2701 1958 2735 reliqua

316 2754 474 2781 exaravit
488 2753 523 2780 P.
537 2753 661 2780 Petrus
676 2752 1004 2780 Sevillano.-Aliud
1024 2751 1160 2786 proprie
1176 2758 1241 2778 non
1256 2755 1333 2778 sunt
1349 2758 1451 2785 quam
1468 2750 1576 2777 latina
1592 2748 1871 2783 praecedentium
1891 2747 1956 2775 Pa-

316 2802 378 2829 tris
393 2801 567 2829 Sevillano
582 2800 781 2829 litterarum
794 2800 926 2834 versio;
943 2799 1111 2834 quaedam
1126 2803 1242 2826 tamen
1257 2798 1431 2826 continent
1447 2804 1532 2832 quae
1559 2797 1591 2824 in
1613 2796 1680 2823 illis
1701 2799 1780 2823 sunt
1799 2799 1954 2830 praeter-

315 2848 429 2877 missa.
446 2848 561 2876 Pauca
575 2848 609 2876 in
623 2847 672 2876 eis
687 2847 882 2875 emendavit
898 2847 1076 2879 Polancus,
1100 2854 1184 2881 quae
1206 2853 1266 2873 nos
1287 2846 1330 2873 ad
1345 2845 1492 2879 paginae
1508 2845 1639 2871 calcem
1654 2844 1904 2877 exscribemus;
1921 2846 1955 2869 et

316 2904 434 2925 earum
448 2896 496 2923 ita
511 2896 770 2923 emendatarum
785 2898 882 2922 extat
897 2895 1003 2922 etiam
1017 2894 1255 2928 apographum
1270 2894 1303 2921 in
1318 2893 1405 2920 foliis
1420 2900 1476 2920 nn.
1491 2891 1544 2919 456
1559 2895 1592 2918 et
1607 2891 1669 2918 457.

369 2944 383 2963 2
420 2943 497 2976 His,
512 2951 533 2971 a
546 2944 688 2971 vocibus
711 2942 763 2970 Ne
778 2944 907 2975 instar,
922 2942 1059 2977 deletis,
1074 2941 1252 2969 substituit
1268 2941 1435 2968 Polancus
1455 2940 1559 2967 haec:
1583 2939 1623 2965 Ut
1639 2938 1860 2966 obedientiae
1882 2944 1956 2964 mu-

318 2999 401 3019 nere
418 2991 553 3025 fungar
573 2998 613 3018 ac
628 2998 682 3019 ne.

369 3041 383 3060 5
421 3039 516 3067 Hanc
529 3039 704 3073 periodum
720 3038 909 3073 suppressit
925 3037 1105 3065 Polancus.
