2168 3437
297 260 371 298 494
817 258 1045 296 LITTERAE
1072 269 1433 302 QUADRIMESTRES

298 357 465 408 aliquis
504 357 633 396 locus
674 361 999 407 quaereretur,
1040 356 1119 396 ubi
1164 356 1251 406 illi,
1297 356 1375 408 qui
1415 355 1699 397 Societatem
1739 358 1944 409 professi

299 433 474 478 essent,
502 426 673 476 degere
695 432 739 465 et
769 437 904 466 suum
925 438 1093 467 munus
1115 426 1357 467 commode
1379 426 1709 468 administrare
1730 435 1938 480 possent,

299 509 497 548 cumque
518 498 741 549 templum
762 497 876 538 Divi
895 497 1045 539 Rochi
1066 509 1289 549 magnam
1310 499 1369 539 ad
1390 510 1495 539 eam
1516 511 1616 539 rem
1638 500 1942 541 commodita-

297 575 390 608 tem
411 568 699 617 ostenderet,
725 581 835 609 nam
862 568 1085 621 conjungi
1105 571 1147 610 ei
1169 570 1308 611 aedes
1334 576 1572 623 poterant,
1607 582 1712 611 cum
1734 571 1791 611 ab
1815 571 1944 612 urbis

298 639 417 679 vicis
463 645 586 679 esset
626 645 952 691 segregatum,
990 646 1035 680 et
1067 641 1346 692 parochiam
1381 653 1478 682 non
1511 641 1738 693 habebat,
1775 653 1851 682 res
1886 643 1945 683 ad

299 710 459 761 regem
480 709 670 762 ejusque
697 710 915 762 fratrem,
944 711 1239 752 Ludovicum
1259 713 1541 765 principem,
1565 713 1720 753 delata
1742 719 1827 764 est,
1851 713 1944 765 qui,

299 781 516 832 quamvis
544 782 733 833 quidam
758 784 893 834 (quos
921 783 1184 824 confratres
1210 783 1401 835 vocant)
1432 795 1482 824 se
1512 783 1795 825 difficiliores
1816 785 1947 825 initio

300 852 600 904 praeberent,
625 852 879 894 effecerunt
905 860 956 894 ut
977 854 1025 894 in
1052 852 1152 904 ejus
1173 855 1335 906 templi
1364 855 1717 906 possessionem
1737 854 1949 896 Societas

300 923 587 975 mitteretur3
622 936 713 976 qua
741 924 788 964 in
819 936 869 965 re
900 926 1016 966 satis
1053 925 1315 966 declaravit
1345 926 1402 966 D.
1443 925 1610 966 Petrus
1644 926 1949 967 Mascarenas

301 1006 439 1046 quam
462 995 671 1046 impense
696 994 981 1036 Societatem
1003 1002 1140 1048 amet;
1165 997 1266 1048 ipso
1295 997 1418 1037 enim
1439 997 1701 1048 annitente,
1727 1003 1772 1038 et
1794 997 1885 1038 hoc
1905 1004 1950 1038 et

302 1066 415 1116 alia,
449 1077 569 1117 quae
600 1078 707 1106 curn
738 1066 916 1119 majore
949 1068 1095 1108 divini
1125 1068 1328 1109 nominis
1358 1069 1511 1119 gloria
1542 1068 1795 1120 conjuncta
1824 1074 1946 1120 sunt,

303 1137 528 1188 optimum
549 1138 727 1178 exitum
749 1139 1027 1180 habuerunt.

381 1207 492 1248 Mox
520 1215 777 1260 coeperunt
806 1209 1018 1251 homines
1048 1209 1186 1262 hujus
1214 1212 1344 1252 urbis
1370 1211 1675 1264 multiplicem
1700 1211 1952 1253 Societatis

303 1280 535 1320 rationem
570 1280 853 1332 intelligere3
893 1293 1092 1334 cumque
1126 1283 1313 1323 adesset
1345 1283 1466 1335 dies,
1496 1295 1587 1335 quo
1623 1289 1783 1335 patres
1818 1289 1954 1324 erant

303 1350 608 1402 professionis
630 1357 743 1391 vota
761 1354 1076 1404 nuncupaturi
1091 1354 1140 1394 in
1156 1355 1328 1406 templo
1346 1354 1617 1406 supradicto
1635 1387 1642 1405 ,
1661 1355 1810 1406 pridie
1832 1354 1955 1395 enim

304 1420 513 1472 ejusdem
534 1422 624 1462 diei
650 1422 882 1464 Dominus
902 1424 1069 1464 Petrus
1090 1425 1396 1466 Mascarenas
1419 1426 1465 1465 in
1487 1425 1585 1477 ejus
1607 1426 1958 1477 possessionem

305 1491 588 1533 Societatem
612 1494 826 1545 miserat,
850 1506 936 1535 rex
958 1496 1181 1547 optimus,
1206 1497 1286 1548 qui
1306 1495 1590 1537 Societatem
1614 1497 1756 1537 unice
1773 1508 1957 1549 semper

307 1563 491 1614 dilexit,
515 1565 743 1605 interesse
778 1572 997 1607 votorum
1024 1568 1363 1619 nuncupationi
1391 1580 1498 1608 cum
1526 1568 1743 1620 principe
1763 1568 1857 1608 filio
1879 1580 1957 1609 vo-

323 1636 404 1675 uit.
425 1635 744 1676 Concionatus
769 1643 838 1677 est
859 1637 909 1677 P.
932 1637 1237 1690 Franciscus,
1262 1639 1309 1679 in
1330 1651 1422 1691 qua
1451 1640 1676 1680 concione
1699 1638 1951 1680 Societatis

306 1707 567 1747 institutum
591 1718 766 1758 magna
789 1720 846 1748 ex
874 1715 1008 1760 parte
1029 1710 1311 1762 declaravit3
1340 1716 1447 1762 post
1467 1711 1741 1751 concionem
1767 1722 1958 1751 sacrum

308 1778 563 1818 celebravit
583 1778 631 1818 P.
659 1778 854 1829 Natalis,
880 1791 1234 1833 conversusque
1250 1787 1416 1833 postea
1434 1782 1493 1822 ad
1509 1782 1695 1833 fratres,
1721 1781 1956 1834 professo-

308 1860 413 1889 rum
432 1855 543 1890 vota
565 1850 753 1901 recepit.
781 1851 896 1891 Erat
913 1850 1046 1902 juxta
1064 1864 1163 1904 reX,
1189 1853 1263 1893 cui
1279 1853 1329 1893 P.
1349 1853 1632 1894 Franciscus
1647 1860 1871 1894 votorum
1887 1865 1958 1894 ra-

309 1920 503 1972 tionem,
529 1933 670 1972 quam
688 1922 786 1973 ipse
799 1917 1036 1974 'scriptam
1053 1924 1235 1975 habuit,
1256 1925 1542 1976 exponebat3
1561 1930 1606 1965 et
1624 1925 1845 1977 quoniam
1863 1925 1959 1977 plu-

308 2003 384 2032 res
401 1998 534 2032 erant
552 1991 868 2045 Olyssiponae
885 1993 1077 2047 fratres,
1097 2007 1238 2046 quam
1256 2002 1305 2035 ut
1323 2007 1484 2036 omnes
1507 2003 1696 2047 possent
1718 2002 1827 2036 tunc
1847 2000 1960 2036 vota

309 2063 540 2114 emittere,
577 2064 739 2115 pauci,
780 2070 968 2116 praeter
1004 2066 1244 2117 professos
1271 2072 1367 2106 tres
1396 2079 1454 2107 ex
1488 2067 1684 2117 singulis
1713 2066 1961 2107 Societatis

310 2134 550 2174 ordinibus
571 2142 684 2174 vota
725 2143 1053 2188 susceperunt;
1100 2138 1275 2178 caeteri
1315 2139 1615 2190 sequentibus
1646 2138 1824 2190 diebus,
1864 2145 1962 2178 tum

310 2206 358 2245 in
392 2212 554 2246 nostro
587 2205 827 2258 Collegio,
872 2213 970 2248 tum
1010 2208 1057 2248 in
1100 2209 1265 2249 eodem
1293 2210 1487 2261 templo,
1531 2210 1653 2250 idem
1695 2216 1860 2262 postea
1900 2209 1961 2250 fe-

314 2283 494 2317 cerunt.

394 2348 510 2389 Tres
531 2355 705 2400 autem,
727 2350 805 2401 qui
823 2351 1018 2391 solemni
1034 2352 1341 2403 professionis
1359 2360 1470 2394 voto
1488 2365 1536 2393 se
1555 2352 1779 2394 Societati
1797 2352 1962 2393 astrin-

313 2426 505 2468 xerunt,
531 2421 578 2460 hi
599 2427 730 2460 sunt:
757 2421 987 2462 Dominus
1010 2421 1296 2464 Gonsalvius
1321 2423 1346 2470 ¹,
1370 2423 1605 2465 Gonsalus
1626 2424 1730 2465 Vaz
1751 2430 1796 2464 et
1816 2423 1958 2464 Anto—

316 2490 419 2530 nius
448 2491 503 2530 de
534 2491 769 2543 Quadros,
810 2498 907 2533 tum
942 2493 989 2532 in
1022 2493 1287 2546 theologiae
1323 2495 1742 2547 philosophiaeque
1777 2494 1960 2542 studiis,

316 2567 413 2601 tum
435 2562 481 2602 in
502 2562 794 2614 perferendis
818 2562 1065 2605 Societatis
1086 2566 1344 2617 laboribus,
1376 2568 1574 2607 multum
1596 2566 1768 2618 diuque
1790 2566 1963 2606 exerci-

317 2633 423 2682 tati,
459 2639 508 2673 ut
537 2634 614 2685 qui
643 2634 921 2675 decennium
946 2634 1043 2686 jam
1071 2641 1221 2677 totum
1251 2638 1299 2678 in
1334 2637 1569 2678 Societate
1603 2638 1838 2677 vixerant.
1877 2636 1967 2687 Qui

317 2703 503 2744 fuerunt
525 2705 571 2744 in
593 2704 831 2756 adjutores
851 2706 979 2757 lecti,
1004 2713 1111 2747 sunt
1132 2714 1176 2748 et
1198 2709 1287 2760 ipsi
1308 2710 1452 2749 multo
1474 2709 1791 2760 spiritualium
1809 2719 1968 2748 rerum

319 2787 406 2815 usu
426 2776 625 2827 probati.
655 2776 842 2817 Caeteri
862 2778 1182 2830 unusquisque
1211 2780 1258 2819 in
1286 2792 1370 2820 suo
1398 2780 1550 2831 gradu
1571 2779 1682 2820 laeti
1709 2784 1848 2831 atque
1876 2779 1966 2819 ala-

321 2858 425 2886 cres
442 2845 571 2896 jussa
593 2847 800 2899 implent.

403 2916 513 2957 Mox
536 2918 580 2958 in
603 2918 720 2958 duas
741 2924 902 2970 partes
921 2919 1108 2961 fuerunt
1130 2921 1293 2962 Patres
1324 2922 1579 2973 distributi,
1604 2922 1672 2962 sic
1693 2928 1743 2962 ut
1764 2921 1968 2973 professi

381 3077 387 3095 ¹
430 3076 623 3104 Gonsalvus
640 3078 679 3105 de
696 3081 868 3113 Sylveira.
