2168 3437
309 261 377 298 142
819 259 1046 295 Limen-{E
1074 269 1434 302 QUADRmEsTREs

304 359 504 400 fratrum
529 365 721 399 nostrae
752 357 1022 408 Societatis,
1053 357 1100 397 in
1127 358 1310 397 occulto
1341 363 1519 407 tamen,
1549 356 1815 408 theologiae
1843 356 1953 396 bac-

305 432 567 480 calaureus,
588 431 634 470 in
652 430 766 470 aede
784 441 921 469 sacra
938 428 1376 478 Dominicanorum‚
1392 428 1439 468 in
1453 427 1722 479 praesentia
1741 427 1952 467 omnium

304 502 440 542 liuius
458 503 609 541 almae
627 501 960 542 Universitatis
977 512 1241 552 procerum,
1261 500 1378 540 adeo
1395 499 1522 550 piam
1542 500 1823 550 cultamque,
1845 511 1952 538 nec-

304 586 398 613 non
431 578 561 613 tanta
591 584 696 613 curn
722 572 879 623 gratia
905 578 1274 623 cunctorumque
1304 570 1572 611 auditorum
1609 570 1952 621 satisfactione,

304 644 565 684 orationem
586 643 771 694 habuit,
796 655 937 695 quam
959 655 1222 684 sermonem
1244 642 1580 683 Universitatis
1611 642 1849 693 appellant
1869 673 1876 691 ,
1900 647 1952 681 ut

304 728 353 755 se
375 715 576 755 antehac
596 726 853 766 numquam
880 714 1033 766 magis
1061 713 1408 754 aedificativam
1431 712 1669 752 audivisse
1692 718 1952 764 protesten-

305 796 395 827 tur.
444 786 613 826 Thema
649 786 884 826 orationis
923 790 1028 826 erat
1064 785 1187 825 illud
1225 784 1602 835 Evangelz'cnm,
1638 783 1818 832 Lucae,
1852 796 1950 834 xm,

308 857 595 898 “contendite
614 858 800 898 intrare
815 863 904 909 per
920 861 1186 908 angustam
1197 860 1417 908 portam,
1435 855 1545 907 qaia
1563 854 1707 895 mults
1721 858 1952 906 quaerent

304 930 490 969 intrare
510 933 554 970 et
577 941 671 969 nou
686 933 957 980 poternna„

384 1001 510 1041 Hm'c
543 1001 719 1041 accedit
748 1005 791 1041 et
825 1000 947 1040 illud
973 1011 1054 1040 nec
1081 1001 1265 1051 forsan
1300 999 1483 1039 minore
1524 998 1844 1038 admiratione
1880 998 1945 1038 cii-

305 1084 474 1123 gmmz.
500 1072 742 1123 Quaedam
778 1072 1001 1123 religiosa
1037 1072 1213 1112 ordinis
1241 1070 1286 1112 S.
1318 1070 1596 1121 Augustini,
1630 1081 1749 1121 quae
1780 1070 1953 1109 multos

307 1156 457 1184 annos
487 1150 636 1184 mater
664 1143 748 1184 fuit
776 1143 968 1183 maioris
990 1143 1297 1193 xenodochii,
1335 1142 1383 1182 in
1418 1153 1508 1193 quo
1546 1140 1686 1181 Pater
1713 1139 1952 1180 Adrianus

304 1215 643 1267 professionem
665 1227 798 1255 suam
820 1215 1098 1265 celebravit,
1123 1225 1264 1266 quam
1285 1214 1332 1254 in
1353 1213 1569 1253 manibus
1601 1212 1802 1263 praefati
1833 1211 1953 1252 Can-

305 1287 481 1327 cellarii
513 1287 619 1339 (qui
653 1287 802 1326 eidem
838 1285 1132 1326 xenodochio
1163 1285 1420 1336 spiritualis
1453 1290 1588 1336 pater
1618 1283 1711 1333 est)
1746 1282 1951 1323 Domino

303 1358 405 1399 Deo
428 1370 702 1410 summoque
724 1357 937 1398 Pontifici
957 1369 1014 1397 ac
1034 1357 1094 1398 V.
1118 1356 1169 1397 P.
1193 1357 1372 1408 obtulit,
1396 1357 1529 1406 haec,
1552 1356 1758 1407 inquam,
1782 1360 1948 1404 mater,

304 1430 350 1470 in
372 1441 457 1470 sua
484 1435 723 1470 senectute
751 1429 931 1479 multis,
961 1436 1057 1469 tam
1087 1440 1167 1480 per
1196 1427 1540 1468 confessionem
1568 1438 1708 1478 quam
1736 1426 1950 1478 privatas

304 1502 680 1552 exhortationes,
706 1513 822 1553 quas
851 1513 876 1541 a
904 1501 1043 1541 Patre
1066 1500 1328 1541 crebriores
1356 1499 1563 1550 excepit,
1594 1498 1846 1538 virtutibus
1867 1497 1949 1537 im-

304 1573 436 1623 buta,
474 1573 600 1613 haud
635 1584 771 1612 secus
800 1585 854 1612 ac
882 1573 1073 1612 lucerna
1112 1571 1314 1621 cunctis,
1351 1577 1451 1611 tum
1476 1569 1698 1618 infirmis,
1730 1575 1843 1611 tum„
1862 1568 1951 1609 sibi

306 1645 526 1685 subiectis
548 1645 789 1685 sororibus
816 1644 1160 1696 praefulgebat,
1195 1642 1254 1683 ad
1283 1643 1415 1683 cuius
1444 1643 1708 1693 exemplum
1735 1652 1951 1681 sororum

305 1727 478 1767 magna
499 1728 609 1768 pars
632 1715 760 1756 Patri
781 1715 998 1756 confessa
1019 1721 1108 1766 est,
1133 1727 1219 1755 nec
1241 1726 1409 1766 parum
1430 1714 1477 1753 in
1501 1713 1722 1764 obsequio
1745 1711 1947 1752 infirmo-

305 1799 408 1828 rum
430 1794 623 1828 mutata.
655 1788 804 1828 Huius
827 1799 934 1827 cum
954 1787 1048 1827 iam
1078 1799 1102 1826 e
1129 1786 1349 1826 Vivorum
1379 1784 1684 1825 contubernio
1714 1783 1950 1834 migrandi

305 1866 489 1911 tempus
511 1859 793 1908 immineret,
817 1865 861 1898 et
881 1859 1029 1899 tribus
1057 1857 1218 1898 diebus
1247 1857 1295 1897 in
1323 1863 1534 1896 extrema
1566 1861 1729 1907 ageret
1759 1854 1948 1906 agonia,

303 1942 387 1970 nos
417 1930 551 1971 unice
585 1931 673 1970 sibi
709 1930 873 1970 adesse
908 1930 1098 1981 orabat3
1128 1929 1249 1980 quod
1280 1929 1491 1968 Vicissim
1523 1927 1734 1967 fecimus.
1773 1926 1951 1967 Ultimo

304 2009 460 2042 autem
482 2002 574 2052 die,
600 2007 707 2041 ante
727 2002 880 2042 lucem
900 2001 1044 2042 misso
1064 2001 1242 2051 nuntio,
1268 2000 1405 2040 citius
1426 2010 1513 2039 nos
1534 1998 1594 2038 ad
1614 2011 1663 2038 se
1687 1998 1848 2038 venire
1871 2009 1949 2048 po-

302 2074 514 2121 stulavit;
549 2073 633 2123 ivi,
666 2073 846 2125 ipsique
881 2074 1063 2113 locutus
1099 2084 1201 2112 sum
1235 2071 1439 2123 spatium
1472 2069 1606 2122 quasi
1636 2069 1782 2108 horae
1811 2069 1950 2108 unius

303 2145 359 2184 de
380 2145 626 2196 patientia,
659 2144 925 2184 constantia
953 2150 997 2184 et
1023 2143 1262 2184 laboribus
1290 2141 1336 2182 S.
1367 2141 1521 2191 Pauli,
1547 2152 1682 2192 quem
1712 2140 1869 2190 unice,
1901 2146 1951 2180 ut

303 2216 350 2256 in
371 2216 490 2264 Vita,
513 2216 578 2256 ita
605 2222 649 2255 et
679 2215 725 2255 in
753 2215 950 2255 articulo
982 2214 1145 2255 mortis
1176 2214 1222 2254 in
1252 2219 1444 2265 pectore
1476 2212 1700 2252 habebat:
1740 2211 1951 2251 auditum

304 2299 508 2339 quoque,
534 2299 623 2339 quo
644 2288 840 2327 multum
866 2286 1054 2338 privata
1084 2286 1258 2336 fuerat,
1289 2291 1385 2324 tam
1414 2290 1579 2324 exacte
1605 2283 1677 2333 (ut
1706 2283 1808 2334 ipsa
1838 2282 1950 2322 mihi

304 2359 481 2409 retulit)
505 2358 704 2409 recepit,
734 2364 782 2398 ut
809 2357 1001 2398 minima
1030 2367 1239 2408 quaeque
1270 2356 1415 2396 verba
1442 2355 1737 2405 intelligeret.
1771 2354 1951 2394 Verum

305 2437 453 2470 morte
497 2430 590 2469 iam
636 2435 858 2481 urgente,
906 2429 954 2468 in
997 2428 1098 2479 ipso
1137 2427 1450 2478 separationis
1496 2426 1714 2466 conflictu
1759 2424 1950 2465 Patrem

306 2501 568 2541 Adrianum
595 2501 770 2552 absque
799 2511 932 2540 mora
965 2499 1129 2539 vocari
1157 2498 1395 2549 cupiebat,
1430 2497 1563 2549 quasi
1598 2496 1708 2548 quid
1736 2496 1800 2536 illi
1828 2507 1948 2536 com-

304 2572 619 2612 mendandum
640 2572 853 2622 haberet;
877 2570 954 2623 qui
973 2569 1234 2610 accersitus
1262 2581 1404 2621 quum
1432 2580 1535 2608 eam
1566 2568 1776 2618 graviter
1807 2567 1953 2607 nimis

302 2644 595 2684 laborantem
630 2643 945 2694 conspiceret,
976 2652 1137 2681 omnes
1172 2641 1552 2689 circumstantes,
1583 2644 1843 2690 pastorem,
1881 2650 1950 2678 so-

304 2726 436 2755 rores
470 2721 513 2754 et
548 2720 773 2766 quotquot
806 2714 1023 2764 aderant,
1053 2712 1113 2752 ad
1141 2712 1371 2752 orandum
1399 2723 1484 2763 pro
1519 2710 1678 2750 (livino
1716 2709 1949 2749 adiutorio

303 2787 594 2826 hortabatur.
630 2785 732 2837 Ipse
767 2791 924 2825 autem
957 2784 1018 2824 ad
1053 2783 1387 2823 celebrandum
1418 2782 1629 2822 divinum
1662 2780 1863 2821 officium
1898 2792 1948 2820 se

306 2857 514 2897 vestibus
539 2857 688 2897 sacris
709 2856 951 2904 induebat,
974 2867 1060 2895 nec
1088 2861 1184 2895 tam
1206 2854 1298 2894 cito
1329 2854 1522 2894 missam
1548 2852 1731 2893 finierat
1759 2852 1872 2903 quin
1890 2852 1950 2891 ad

304 2928 595 2968 moriendum
617 2940 666 2967 se
688 2938 886 2979 vergere
914 2927 1084 2978 coepit;
1117 2932 1256 2977 atque
1287 2926 1352 2965 ita
1380 2925 1587 2965 maximo
1616 2923 1824 2964 omnium
1851 2922 1940 2962 fru-

307 3007 384 3039 ctu
413 3005 457 3039 et
478 3005 667 3050 stupore
696 2998 757 3038 ad
785 2998 1038 3039 Dominum
1064 2996 1303 3048 migravit.
1333 2995 1557 3047 stupore,
1582 2995 1794 3046 inquam,
1819 2994 1945 3044 quod

307 3071 352 3110 in
393 3077 603 3110 extrema
642 3070 731 3110 ista
769 3069 1048 3110 necessitate
1088 3068 1256 3109 nullius
1300 3074 1633 3119 praeterquam
1678 3071 1946 3105 nostrorum
